3400 5075
1359 311 1470 365 cn.
1507 311 1825 364 NAEVIVS
2657 312 2740 375 25

995 466 1092 531 IN
1095 466 1581 533 CERTARVM
1627 466 2177 533 FABVLARVM

1286 582 1316 645 I
1364 581 1512 665 (ine.
1560 586 1726 667 trag.
1775 581 1889 668 27)

624 695 776 776 Pati
817 718 1081 761 necesse
1129 700 1227 761 est
1274 698 1477 761 miilta
1522 698 1828 761 mortales
1874 699 2060 761 mala.

928 837 993 902 II
1040 837 1240 921 (Enn.
1288 837 1410 902 inc.
1459 837 1587 902 fab.
1639 840 1675 902 7
1726 836 1929 902 Naeu.
1979 837 2142 902 Add.
2192 836 2261 923 8)

629 951 927 1017 Dictator
973 954 1082 1017 ubi
1131 975 1320 1017 curru
1350 951 1614 1036 insidet,
1659 953 2033 1036 peruehitur
2061 976 2262 1037 usque
2292 954 2373 1016 ad
2420 954 2745 1038 oppidum.
2795 937 2801 943 ⁹

1366 1094 1465 1157 III
1513 1091 1712 1177 (App.
1766 1093 1830 1178 1)

623 1208 844 1274 Etism
890 1210 1000 1293 qui
1044 1231 1146 1274 res
1193 1210 1468 1292 magnas
1515 1231 1713 1273 manu
1764 1232 1953 1293 saepe
2002 1211 2205 1293 gessit
2250 1212 2548 1295 gloriose,

625 1322 822 1388 Cuius
888 1325 1062 1388 fricta
1124 1325 1278 1388 uiua
1333 1328 1507 1387 minc
1562 1324 1821 1408 uigent,
1886 1324 1995 1407 qui
2051 1324 2221 1409 apud
2282 1327 2511 1409 gentes
2569 1326 2743 1389 solus

1722 1440 2042 1522 praestat,
2118 1438 2121 1441 ’

456 1553 597 1618 110·
624 1551 796 1617 Eum
843 1559 996 1618 sutis
1041 1557 1227 1637 pater
1273 1575 1418 1618 cum
1464 1553 1707 1636 pffliod
1754 1553 1927 1618 un6d
1975 1553 2056 1616 ab
2104 1545 2627 1618 amica'abduxit
2655 1606 2669 1619 .

577 1746 939 1799 Inessrssvu
983 1749 1333 1798 FAsvnAnAu
1402 1747 1429 1798 1
1465 1746 1837 1811 Hieronymus
1879 1746 1951 1797 ad
1994 1745 2351 1797 Heliodorum
2401 1748 2563 1812 epist.
2605 1751 2638 1798 3
2684 1750 2743 1798 in

447 1816 579 1879 epit.
631 1815 831 1881 Nepet.
881 1816 1151 1867 ‘Naeuius
1198 1822 1364 1880 poeta
1409 1814 1554 1879 pati,
1598 1814 1805 1878 inquit,
1860 1829 2088 1864 neeesse
2134 1819 2219 1863 est
2263 1830 2329 1863 m.
2378 1831 2447 1864 m.
2495 1820 2588 1864 m.’
2660 1817 2732 1865 cf.

449 1880 676 1931 Publilii
712 1884 836 1945 Syri
875 1888 1017 1934 sent.
1059 1883 1186 1933 fals.
1222 1884 1323 1933 280
1358 1899 1410 1947 p.
1449 1884 1545 1932 130
1581 1881 1667 1935 W.
1809 1882 1864 1931 11
1903 1882 2076 1931 Varro
2125 1881 2193 1931 de
2240 1880 2274 1930 1.
2324 1882 2388 1931 L.
2428 1884 2491 1934 V.
2535 1885 2630 1932 153
2666 1884 2738 1933 M.

449 1947 659 2012 (deficit
695 1950 785 1999 hic
820 1949 969 2001 Flor.
1006 1951 1089 2013 51,
1128 1946 1212 2014 10)
1251 1951 1330 1999 ‘iu
1376 1950 1521 1999 circo
1567 1949 1742 2013 primo
1787 1947 1929 1999 nude
1965 1949 2255 1999 mittuntur
2292 1951 2441 2015 equi,
2480 1965 2624 2000 nunc
2662 1949 2741 1998 di-

450 2020 647 2066 cuntur
701 2032 984 2080 carceres,
1041 2017 1288 2069 Naeuius
1351 2015 1664 2081 oppidum
1729 2015 1990 2081 appellat.
2078 2032 2330 2067 carceres
2384 2016 2547 2079 dicti,
2602 2017 2746 2081 quod

448 2085 776 2134 coercentur
814 2086 940 2149 eqni
965 2121 979 2134 .
1008 2123 1020 2136 .
1052 2123 1065 2137 .
1137 2085 1281 2149 qnod
1331 2083 1400 2134 sd
1443 2081 1583 2132 muri
1618 2084 1859 2148 speciem
1895 2083 2077 2148 pinnis
2116 2084 2469 2149 turribusque
2494 2099 2747 2135 carceres

448 2151 577 2217 olim
625 2151 872 2212 fuerunt,
919 2152 1144 2219 scripsit
1190 2153 1381 2217 poetat
1427 2151 1688 2201 dictator’
1730 2166 1777 2200 e.
1816 2166 1867 2215 q.
1906 2166 1948 2200 s.
2020 2151 2094 2205 cf.
2131 2150 2349 2201 Placidi
2395 2151 2563 2215 gloss.
2612 2167 2657 2201 s.
2694 2167 2746 2201 u.

450 2218 776 2284 ‘oppidum’
846 2221 1001 2270 Inter
1036 2220 1171 2270 belli
1196 2219 1394 2272 Punici
1433 2219 1744 2282 fragmenta
1780 2223 1906 2281 post
1938 2218 2316 2269 Hermannum
2353 2219 2519 2267 etiam
2544 2219 2747 2269 Vahle-

447 2300 549 2336 nus
584 2302 635 2350 p.
674 2289 737 2337 16
774 2288 1011 2352 recepit,
1058 2303 1216 2352 quem
1260 2288 1318 2337 in
1368 2284 1735 2352 proecdoseos
1783 2285 1958 2349 praef.
2007 2302 2059 2350 p.
2099 2287 2148 2335 X
2186 2300 2267 2350 sq.
2318 2285 2447 2334 olim
2486 2287 2745 2339 refutaui.

581 2344 667 2404 111
712 2352 926 2405 Gellius
971 2356 1078 2406 VII
1123 2356 1183 2418 8,
1230 2358 1261 2405 5
1300 2353 1643 2418 ‘Scipionem
1676 2352 1871 2415 istum,
1918 2367 2124 2402 uerene
2163 2368 2235 2402 an
2280 2352 2422 2402 falso
2459 2352 2748 2413 incertum,

446 2421 599 2471 fama
634 2426 840 2486 tamen,
880 2436 1001 2472 cnm
1039 2428 1188 2473 esset
1222 2421 1580 2479 adulescens,
1623 2419 1769 2470 haud
1794 2420 2010 2470 sincera
2049 2420 2221 2470 fuisse
2261 2426 2317 2469 et
2363 2419 2746 2484 propemodum

450 2489 797 2552 constitisse,
851 2489 1021 2542 hosce
1074 2505 1270 2542 uersus
1325 2505 1359 2539 a
1416 2487 1516 2539 Cn.
1571 2487 1786 2539 Naeuio
1831 2489 1998 2551 poeta
2042 2487 2099 2536 in
2143 2502 2261 2536 eum
2313 2487 2547 2553 scriptos
2593 2503 2745 2539 esse:

448 2556 640 2607 etiam’
677 2571 720 2610 c.
761 2573 811 2622 q.
852 2573 893 2608 s.
977 2558 1102 2608 ‘His
1149 2574 1250 2623 ego
1296 2557 1550 2607 uersibus
1593 2554 1756 2605 credo
1803 2554 2099 2605 adductum
2134 2554 2415 2605 Valerium
2466 2556 2746 2606 Antiatem

449 2622 712 2675 aduersus
757 2626 971 2675 ceteros
1016 2626 1191 2676 omnis
1228 2627 1525 2688 scriptores
1573 2622 1641 2673 de
1679 2622 1956 2687 Scipionis
2000 2622 2242 2672 moribus
2285 2623 2568 2673 sensisse.’
2640 2623 2747 2672 De-

448 2696 577 2741 sunt
611 2693 669 2742 in
704 2692 833 2743 Par.
872 2698 930 2743 et
974 2693 1124 2743 Rott.
1199 2694 1283 2742 Ex
1317 2690 1598 2742 comoedia
1643 2694 1862 2755 sumpta
1908 2705 2030 2741 esse
2078 2689 2335 2740 uidentur
2376 2689 2744 2741 Fleckeiseno

623 2903 739 2960 106
785 2903 1041 2959 mortales
1088 2903 1384 2976 Sauppius
1429 2903 1632 2959 Philol.
1677 2902 1833 2958 XXI
1864 2900 1982 2958 157
2030 2917 2109 2958 ex
2153 2904 2350 2958 codice
2398 2904 2544 2959 Guil.
2590 2903 2751 2959 Libri

448 3003 604 3043 saec.
668 2988 786 3044 VII
837 2991 925 3045 vel
988 2987 1161 3058 VIII,
1220 2987 1318 3043 ubi
1369 2985 1625 3042 mortales
1683 2993 1769 3040 est
1821 2985 1947 3057 (sed
1997 2994 2082 3040 est
2140 2983 2559 3058 compunctum)
2612 2989 2743 3060 ἱερέ-

451 3077 566 3126 tur.
655 3071 937 3128 mortalem
995 3075 1164 3146 uulqo
1383 3071 1500 3127 107
1546 3085 1817 3127 numeros
1859 3087 1970 3126 non
2002 3078 2474 3142 perspexerunt.-
2519 3070 2749 3126 dictator

451 3172 504 3211 11.
548 3173 599 3211 c.
652 3158 685 3210 i.
775 3155 1099 3212 Peruehitur
1155 3170 1330 3228 usque
1386 3154 1448 3210 ad
1504 3152 1762 3228 bppidtim
1818 3170 1992 3210 uersu
2051 3154 2325 3211 Saturnio
2372 3155 2748 3211 Hei-marmus

451 3239 638 3296 Elem.
683 3242 738 3295 d.
787 3257 857 3295 m.
906 3240 1025 3298 637
1215 3255 1379 3295 curru
1434 3241 1648 3310 scripsi
1702 3254 1919 3294 currum
1975 3240 2111 3294 libri
2289 3239 2487 3294 insidet
2531 3240 2747 3294 Fleck-

451 3328 680 3381 eisenus
734 3324 917 3378 insidit
969 3326 1106 3380 libri
1385 3323 1738 3380 108—110
1779 3326 2141 3395 septenarios
2195 3323 2469 3378 iambicos
2512 3327 2747 3395 aynouit

450 3406 883 3464 Klussmannus
1079 3407 1198 3466 108
1245 3424 1466 3482 magnas
1511 3422 1670 3461 manu
1717 3423 1878 3480 saepe
1919 3406 2078 3475 libri,
2121 3407 2396 3477 probauit
2426 3407 2746 3462 Buechele-

451 3508 556 3548 rus
598 3507 823 3566 quoque
861 3495 966 3548 lat.
1015 3495 1164 3549 decl.
1210 3491 1291 3548 49
1336 3507 1496 3547 manu
1540 3506 1764 3564 magnas
1793 3505 1953 3562 saepe
1997 3491 2090 3546 uel
2134 3505 2292 3544 11131111
2337 3505 2496 3562 saepe
2527 3506 2747 3561 magnas

450 3576 869 3633 Fleckeisenus
912 3579 951 3632 l.
996 3580 1037 3633 l.
1083 3593 1304 3650 magnas
1348 3592 1508 3631 manu
1549 3590 1645 3629 sua
1700 3573 1997 3647 Berykius
2051 3573 2223 3646 symb.
2270 3574 2307 3628 I
2352 3572 2491 3629 108.
2604 3571 2745 3630 Con-

447 3700 559 3752 icio
613 3712 712 3768 per
768 3696 937 3769 gessit
981 3695 1222 3769 gloriose
1393 3662 1656 3769 glori⁰asse
1703 3692 1828 3749 Vae.
2008 3691 2124 3749 109
2175 3693 2296 3746 uiua
2340 3694 2502 3747 nunci
2532 3691 2609 3763 (in
2641 3712 2749 3767 my.

454 3799 576 3852 uiua
623 3813 769 3853 nunc
809 3816 881 3852 m.
929 3795 1073 3867 rec.)
1134 3796 1260 3853 Vat.
1448 3797 1572 3854 110
1615 3793 1816 3868 palliod
1875 3794 2020 3849 unod
2066 3794 2469 3850 Buechelerus
2525 3797 2750 3851 annall.

448 3881 666 3952 philon.
704 3880 864 3939 1867
905 3899 970 3953 p.
1003 3880 1082 3938 68
1129 3888 1183 3936 et
1212 3881 1565 3938 Ritscbelius
1611 3895 1849 3937 excurs.
1896 3896 2028 3935 nou.
2071 3879 2266 3934 Plane.
2298 3879 2333 3935 1
2364 3877 2464 3950 65,
2508 3897 2750 3958 quorum

451 3968 546 4022 ille
592 3971 779 4020 tamen
823 3967 1043 4022 hiatum
1070 3969 1129 4021 in
1162 3981 1414 4023 caesura
1460 3982 1575 4022 non
1618 3965 1965 4036 repudiauit.
2055 3962 2215 4036 pallio
2264 3980 2372 4018 11110
2414 3963 2549 4018 libri
2589 3962 2749 4035 pallio

454 4064 564 4104 uno
621 4064 781 4122 saepe
843 4051 1135 4123 Berylcius
1334 4051 1501 4105 amica
1553 4051 1902 4105 deteriorum
1950 4063 2100 4119 pars
2155 4049 2324 4104 amico
2384 4051 2569 4103 ceteri
2622 4063 2750 4103 cum

469 4133 594 4188 Vat.
767 4133 931 4207 pallio
976 4132 1042 4188 ab
1087 4134 1257 4189 amico
1303 4131 1524 4188 abduxit
1557 4149 1664 4188 11110
1696 4130 2123 4189 Klussmannus
2292 4131 2517 4189 Nouam
2547 4133 2751 4188 horum

454 4232 725 4274 uersuum
793 4219 1243 4274 distributionem
1313 4220 1624 4289 proposuit
1693 4215 2194 4273 CFWMueuerus
2252 4216 2487 4286 prosod.
2554 4215 2751 4271 Plane.

454 4298 579 4359 200
620 4303 840 4359 hence:
889 4302 1050 4360 etiam
1098 4303 1189 4374 qui
1234 4317 1321 4357 res
1366 4317 1586 4375 magnas
1632 4317 1791 4356 11131111
1820 4308 2011 4373 suapte
2041 4299 2280 4371 gloriose
2311 4298 2511 4370 Gessit,
2557 4300 2751 4373 quoius
