3400 5075
1127 259 1191 310 L.
1230 257 1653 310 POMPONIVS
1691 238 2182 310 BoNoanNffls
2672 257 2794 324 241

1535 414 1632 480 IV
1711 416 1752 478 2

685 530 875 595 Nunc
924 531 1181 614 quando
1229 529 1496 596 uoluisti
1542 411 1784 615 sassie),
1831 531 1933 594 faio
1980 530 2310 615 uoluptati
2354 533 2479 595 sies

702 646 873 755 ibus·
1152 751 1486 817 PAPPVS
1533 751 2150 818 PRAETERITVS

516 870 638 933 105
685 866 952 953 Popuh's
999 868 1303 932 uoluntas
1351 867 1509 931 haec
1557 869 1729 932 enim
1776 871 1842 933 eia
1888 870 2086 954 uulgo
2135 870 2380 935 datast:

683 984 1047 1068 Refrfigant
1091 984 1330 1069 primo,
1377 983 1826 1068 suffragabunt
1870 987 2047 1070 post,
2096 986 2245 1050 sci0.

1519 1115 1783 1183 PAROI

685 1232 840 1297 Non
885 1237 1024 1297 erat
1070 1234 1182 1317 qui
1228 1236 1460 1316 corpus
1506 1234 1853 1298 tremulum
1900 1234 2146 1300 stimula
2191 1238 2436 1301 tutaret
2480 1241 2654 1322 toga.

1442 1352 1852 1431 PATRVVS

682 1480 922 1546 Mirum
967 1483 1191 1566 facieS‚
1238 1481 1443 1564 stitus,
1490 1483 1544 1545 si
1592 1482 1741 1545 stud
1788 1479 2062 1546 nimium
2110 1482 2375 1548 mirabis
2422 1485 2550 1548 diu.

1357 1604 1946 1670 PHILOSOPHIA

683 1717 900 1805 'Erg0,
929 1722 1018 1785 mi
1047 1720 1415 1805 Dossenne‚
1444 1744 1588 1786 cum
1616 1723 1817 1787 istaec
1847 1724 2128 1787 memore
2159 1725 2536 1808 meministi,
2564 1722 2799 1809 indica,

509 1943 788 2007 agricola:
826 1942 977 1992 uolo'
1017 1958 1063 1992 e.
1103 1957 1154 2006 q.
1191 1957 1236 1992 s.
1387 1943 1464 1993 IV
1500 1943 1711 1992 Nonius
1745 1943 1864 2005 486,
1904 1946 1966 1993 19
2005 1945 2176 1995 ‘ibus
2214 1960 2311 2010 pro
2349 1946 2433 1997 his
2471 1945 2652 1997 minus
2686 1949 2799 1998 La·

505 2012 673 2058 tinum
712 2016 871 2075 putat
908 2011 1273 2069 consuetudo,
1322 2026 1441 2059 cum
1490 2018 1741 2061 ueterum
1791 2013 2123 2062 auctoritate
2171 2014 2457 2078 plurimum
2497 2016 2789 2066 ualeat...

509 2079 842 2141 Pomponius
880 2078 1034 2142 Papo
1075 2078 1349 2142 agricoln=
1389 2082 1556 2128 uunc’
1597 2095 1643 2127 e.
1682 2093 1734 2140 q.
1773 2093 1817 2126 s.

640 2148 857 2194 PAPrvs
884 2145 1262 2194 Pnan‘rnm‘rvs
1322 2147 1531 2196 Nonius
1556 2148 1673 2202 468.
1699 2148 1728 2195 7
1759 2146 2309 2211 ‘suffragantur.’
2349 2148 2800 2214 (suffragan

506 2229 601 2277 pro
628 2213 1025 2275 suffragantur’
1052 2219 1204 2262 recte
1231 2213 1441 2275 Iunius)
1469 2214 1826 2278 ‘Pomponius
1849 2213 2086 2280 Mappo
2114 2218 2528 2280 praeterito:
2565 2208 2798 2282 populis’

507 2297 554 2333 e.
582 2296 633 2344 q.
662 2295 705 2330 s.
755 2279 1604 2345 ‘bisenmh..suffragauerunt.’
1679 2281 1926 2346 (Pappo
1963 2283 2233 2333 Bentinus
2269 2285 2502 2334 Macco
2539 2284 2798 2348 Rothius)

511 2347 597 2396 Cf.
631 2347 772 2398 Nou.
812 2349 989 2412 Papp.
1026 2352 1198 2413 praet.

640 2417 814 2465 PAnm
850 2415 1061 2464 Nonius
1097 2418 1216 2477 476,
1261 2418 1320 2464 10
1359 2418 1609 2463 ‘tutant
1639 2455 1650 2466 .
1683 2452 1694 2464 .
1723 2453 1734 2464 .
1765 2416 2096 2481 Pomponius
2132 2419 2394 2468 Partis:
2434 2424 2563 2470 non’
2604 2436 2651 2470 e.
2677 2436 2726 2485 q.
2752 2436 2798 2471 s.

513 2481 772 2548 (Parcis
810 2484 1042 2532 Bothius
1078 2486 1109 2531 2
1147 2485 1399 2532 Patruo
1439 2483 1521 2532 ed.
1561 2484 1713 2545 1526)

639 2552 890 2601 PA'rnvvs
960 2551 1168 2601 Nonius
1204 2553 1330 2612 474,
1378 2552 1442 2601 25
1479 2552 1793 2603 ‘mirabis.
1869 2553 2205 2619 Pomponius
2254 2556 2488 2607 Patrue:
2538 2556 2796 2607 mirum’

511 2634 557 2672 e.
596 2635 646 2683 q.
682 2635 723 2668 s.
796 2618 1045 2683 (Pappo
1081 2618 1296 2681 Iunius)

639 2687 1025 2736 Pmnosornm
1093 2686 1303 2736 Nonius
1338 2688 1455 2749 514,
1494 2688 1560 2738 23
1596 2691 1902 2738 ‘memore
1941 2705 2038 2754 pro
2074 2691 2404 2741 memoriter.
2466 2692 2799 2757 Pomponius

503 2753 884 2818 Philosophia:
932 2758 1087 2818 ergo’
1125 2770 1169 2803 e.
1208 2770 1257 2818 q.
1295 2769 1336 2803 ει.
1409 2754 1724 2819 (phophia
1770 2772 1867 2806 ms.
1915 2756 2063 2806 Iunii
2099 2757 2522 2823 Philosopha
2568 2760 2800 2809 Bothius

506 2820 926 2886 Philosopho
965 2822 1292 2871 Gebhanlus
1327 2821 1758 2887 Philosophis
1796 2825 2142 2874 Duentzerus
2178 2841 2315 2875 mus.
2354 2828 2528 2877 Rhen.
2564 2827 2641 2875 VI
2677 2829 2798 2887 285)

645 2890 968 2955 Priscianus
1017 2890 1114 2938 XV
1162 2892 1195 2937 4
1238 2906 1289 2954 p.
1328 2891 1459 2938 1014
1503 2892 1564 2940 P.
1611 2892 1967 2955 ‘Pomponius
2016 2893 2091 2942 de
2139 2893 2599 2958 philosophia:
2658 2910 2798 2944 cum

505 2956 724 3007 istaec
762 2972 1044 3006 memore
1084 2957 1415 3013 meminit,
1455 2973 1552 3021 pro
1590 2960 1947 3013 memoriter.’
2017 2961 2092 3009 Et
2119 2977 2313 3013 nomen
2342 2960 2568 3011 fabulae
2595 2966 2651 3012 et
2675 2977 2798 3012 uer-

505 3039 596 3072 sus
636 3029 1034 3075 commentatus
1073 3030 1158 3075 est
1192 3024 1476 3074 Mercerus

679 3204 796 3260 103
827 3204 1050 3259 noluisti
1081 3204 1238 3260 Leid.
1273 3204 1476 3259 Bamb.
1513 3202 1661 3259 Colb.
1814 3205 2083 3261 uoluntati
2118 3206 2269 3263 Colb.
2412 3207 2521 3261 sies
2552 3205 2673 3261 Ibus
2705 3212 2798 3264 uel

505 3289 577 3342 sis
623 3286 742 3343 ihus
785 3290 1196 3345 Lachmannus
1238 3292 1297 3344 in
1342 3287 1519 3343 Lucr.
1554 3287 1677 3342 262
1856 3289 1975 3346 105
2022 3289 2275 3364 uoluptas
2322 3290 2527 3346 Imzius
2654 3293 2797 3347 enim

504 3376 718 3444 scripsi
740 3380 824 3428 est
851 3375 990 3429 libri
1101 3372 1275 3428 (latest
1306 3376 1520 3444 scripsi
1547 3371 1695 3426 datas
1726 3374 1863 3428 libri
1883 3390 2047 3447 uagas
2074 3376 2157 3430 ed.
2190 3374 2347 3430 1476
2374 3390 2540 3447 unges
2560 3376 2800 3432 Bothius

679 3492 796 3548 106
844 3491 1117 3565 refragant
1157 3493 1362 3564 primu,
1409 3490 1801 3564 subin-agabum
1846 3499 1971 3565 post
2014 3494 2127 3547 scio
2172 3493 2417 3549 Rolliius
2458 3492 2798 3566 refragahant

506 3593 600 3649 per
630 3575 999 3649 suffragabunt
1031 3583 1156 3649 post
1199 3578 1312 3631 scio
1347 3578 1546 3631 Bamb.
1583 3574 1932 3649 rest-agebunt
1963 3594 2062 3649 pro
2094 3576 2481 3648 subfragabunt
2530 3586 2653 3650 post
2682 3581 2797 3634 scio

505 3664 686 3717 ceteri
712 3660 845 3717 libri
872 3660 1005 3731 (nisi
1031 3662 1185 3734 quod
1210 3669 1334 3733 post
1365 3662 1476 3716 scio
1508 3678 1612 3716 om.
1650 3660 1855 3733 Colb.).·
1899 3677 2049 3733 quae
2082 3665 2251 3735 uulyo
2288 3680 2402 3732 pro
2433 3669 2712 3732 corrupto
2745 3671 2800 3718 et

504 3762 707 3801 manco
735 3749 998 3802 lemmate
1026 3747 1406 3803 habebantur.
1584 3746 1702 3802 107
1736 3747 1829 3819 qui
1852 3749 2065 3818 scripsi
2096 3745 2224 3819 quid
2253 3748 2389 3802 libri
2410 3746 2556 3819 quod
2589 3748 2798 3803 Aldina

506 3847 640 3902 qnae
687 3831 933 3887 Bothius
980 3829 1014 3884 2
1194 3830 1311 3887 108
1357 3831 1400 3885 si
1446 3829 1572 3885 stud
1629 3831 1849 3885 nimium
1894 3831 2300 3887 Lachmannus
2344 3834 2401 3885 in
2445 3831 2624 3886 Lacr.
2678 3831 2794 3887 197

503 3915 788 3971 sistudium
819 3917 955 3973 libri
982 3917 1025 3971 si
1058 3915 1202 3970 istud
1233 3914 1470 3970 studium
1521 3915 1767 3971 Vossius,
1841 3915 1929 3970 An
1961 3916 2005 3970 si
2036 3915 2160 3971 stud
2194 3915 2425 3970 mirum?
2577 3915 2693 3971 109
2728 3916 2797 3970 mi

505 4000 775 4061 Dosseune
821 4002 1129 4057 Mercerus
1172 4001 1224 4054 ni
1273 3998 1542 4055 dossedne
1583 4000 1723 4054 libri
1764 4000 1832 4054 mi
1881 3999 2205 4073 philosophe
2249 4000 2615 4056 Duenlzerus

503 4086 669 4140 istaec
716 4085 915 4141 Bamb.
967 4084 1116 4142 Colb.
1168 4084 1339 4139 Nonii
1392 4092 1446 4141 el
1496 4086 1763 4155 plerique
1816 4085 2008 4143 Prisc,
2067 4086 2228 4142 codd.
2284 4085 2490 4139 isthaec
2547 4084 2793 4139 Carolir.

502 4170 635 4224 istae
666 4170 870 4226 Bamb.
916 4170 1105 4226 Prisc.
1152 4169 1387 4225 istuhacc
1431 4172 1613 4224 celeri
1652 4170 1789 4225 libri
1832 4169 1976 4224 Non.
2153 4185 2457 4228 memorero
2506 4168 2710 4224 Bamb.

504 4255 743 4310 meminit
789 4255 1084 4311 Prisciani
1126 4256 1287 4310 codd.

610 4363 725 4404 Con.
752 4362 868 4401 Lxr.
898 4361 1011 4401 Rsn.
2308 4359 2367 4406 16
