3400 5075
673 333 801 401 290
1461 333 1789 392 DECIMVS
1827 339 2186 394 LABERIVS

1558 496 2081 563 PAVPERTAS

820 691 826 697 .
1729 612 1762 677 1
1809 611 1909 699 (3)

849 724 1119 791 Nihilne
1166 726 1386 809 refert,
1433 728 1694 792 mollem
1740 749 1775 791 e
1820 728 2051 792 lanitia
2095 724 2337 794 'Attica
2393 773 2395 777 ι

849 827 957 906 An
1002 844 1230 926 pecore
1278 864 1354 906 ex
1399 841 1571 906 hirto
1620 844 1911 908 crassum
1952 844 2261 909 uestitum
2308 844 2540 929 geras?

1715 1010 1782 1074 Π
1866 1013 1897 1075 1

850 1124 1052 1191 Visus
1097 1126 1220 1190 hac
1263 1129 1460 1190 noctu
1507 1125 1755 1189 bidenti
1805 1009 1972 1213 [guin
2018 1124 2305 1214 Herculi]
2337 1101 2621 1212 ‘propter
2667 1129 2839 1193 uiam

715 1243 750 1305 7
757 1242 800 1305 Ο
847 1239 1105 1305 Facere.

1700 1374 1803 1440 111
1848 1373 1950 1462 (2)

847 1540 1605 1554 ........
1689 1492 1832 1555 meo
1882 1490 2214 1556 lieentiatu

1606 1674 2036 1742 PISOATOR

687 1790 797 1856 711
843 1791 1128 1877 pugillar

798 2040 1121 2088 PAVPERTAS
1188 2037 1215 2087 1
1252 2038 1463 2088 Nonius
1500 2042 1616 2104 212,
1655 2043 1717 2090 21
1759 2039 2099 2090 ‘lanitium
2137 2056 2341 2104 genere
2388 2043 2958 2093 neutr0...feminino

664 2106 1003 2155 Lauerius
1041 2107 1406 2170 Paupertate:
1457 2107 1615 2156 nihil'
1657 2123 1703 2157 e.
1744 2123 1793 2171 q.
1833 2123 1874 2157 s.
2049 2108 2103 2157 11
2140 2108 2350 2158 Nonius
2386 2113 2466 2169 53,
2507 2112 2573 2159 25
2612 2110 2956 2160 ‘bidentes

665 2174 762 2236 qui
800 2174 1102 2222 aestimant
1138 2175 1206 2223 ob
1245 2189 1364 2222 eam
1406 2190 1629 2225 causam
1670 2190 1803 2225 oues
1839 2192 1872 2224 a
1897 2175 2131 2241 Virgilio
2170 2175 2368 2236 dictas,
2409 2177 2553 2240 quod
2591 2177 2727 2227 duos
2765 2177 2957 2228 dentes

661 2240 927 2298 habeant,
967 2241 1205 2305 pessime
1246 2256 1310 2288 ac
1346 2242 1550 2292 uitione
1590 2242 1963 2307 intellegunt.
1993 2278 2007 2292 .
2036 2284 2048 2295 .
2076 2249 2130 2291 et
2167 2243 2360 2293 melius
2386 2244 2634 2310 intellegi
2672 2251 2870 2309 potest,
2909 2246 2957 2295 si

660 2308 879 2358 biennis
921 2308 1127 2357 dixerit
1162 2309 1492 2358 auctoritate
1531 2311 1799 2374 Pomponi
1836 2312 1890 2359 in
1917 2309 2179 2360 Atellana
2216 2308 2383 2375 [Gall.
2421 2310 2738 2377 Transalp.]
2781 2313 2955 2362 Labe·

657 2376 772 2424 rius
811 2378 868 2425 in
906 2377 1269 2440 Paupertate:
1308 2377 1484 2427 uisus’
1524 2393 1572 2426 e.
1614 2394 1664 2442 q.
1704 2392 1746 2428 s.
1791 2377 2108 2442 (paupere
2150 2378 2340 2427 Urbin.
2366 2378 2487 2441 307)
2627 2380 2710 2428 111
2746 2379 2955 2429 Nonius

658 2445 772 2501 212,
801 2444 833 2493 5
869 2442 1260 2493 ‘licentiam
1288 2443 1570 2496 feminino.
1632 2444 1946 2495 Masculino
1975 2444 2240 2495 Laberius
2264 2447 2320 2494 in
2345 2446 2712 2511 Paupertate:
2751 2462 2870 2496 meo
2892 2447 2954 2496 l.‘

794 2511 1078 2561 P1scA‘ron
1147 2514 1464 2576 Anonymus
1504 2512 1570 2563 de
1609 2513 1852 2579 orthogr.
1890 2528 1941 2577 p.
1978 2514 2112 2564 2796
2150 2513 2210 2562 Ρ.
2252 2514 2549 2564 ‘Laberius
2588 2516 2642 2564 in
2669 2514 2953 2565 Piscatore

658 2579 1018 2643 singulariter
1063 2578 1187 2629 hoe
1233 2580 1543 2645 pugillar
1586 2580 1761 2635 dixit:
1835 2581 2120 2630 Charisius
2167 2582 2192 2631 1
2237 2594 2293 2646 p.
2343 2583 2406 2631 75
2454 2583 2515 2631 Ρ.
2572 2584 2736 2631 ‘item
2792 2582 2949 2632 iaber

657 2682 670 2695 .
699 2685 712 2697 .
740 2688 753 2700 .
779 2645 1138 2711 singulariter
1172 2647 1294 2696 hoe
1333 2647 1630 2712 pugillar
1657 2648 1834 2697 dicit)
1862 2647 1971 2713 (Ita
1998 2649 2139 2697 enim
2167 2650 2305 2708 cod.;
2337 2642 2492 2699 ‘item
2516 2660 2546 2696 *
2570 2650 2950 2715 singulariter’

659 2713 742 2763 ed.
789 2716 893 2778 pr.)
942 2714 1282 2764 Glossarium
1322 2716 1376 2763 in
1415 2714 1635 2764 Barthii
1679 2716 1894 2767 aduers.
1942 2715 2203 2765 XXXVII
2254 2720 2314 2765 14
2361 2716 2697 2781 ‘pugillares
2742 2730 2977 2782 semper·

668 2780 873 2845 plurali
913 2780 1086 2835 dicas.
1126 2783 1222 2832 sed
1259 2782 1531 2831 Laberius
1568 2783 1624 2832 in
1661 2783 2142 2833 Piscatoribus
2180 2784 2486 2848 pugillar
2522 2785 2727 2846 dixit.’)

652 3068 707 3121 iu
764 3074 951 3123 ortum
1009 3082 1133 3123 esse
1183 3072 1326 3137 pulo
1383 3082 1462 3123 ex
1517 3056 1615 3122 mi‘
1646 3070 1932 3123 translato
1988 3071 2047 3123 in
2108 3067 2328 3139 falsum
2395 3070 2601 3124 locum.
2692 3071 2745 3124 in
2803 3068 2950 3125 coles

654 3151 1050 3207 Buechelerus
1222 3151 1464 3207 Numeri
1500 3153 1925 3223 probabiliores
1953 3152 2015 3206 lai
2049 3152 2282 3224 forent:
2328 3152 2558 3207 soriolus
2590 3154 2718 3208 mihi
2750 3152 2948 3208 uideris

615 3251 801 3291 esse:
847 3233 1029 3291 coleos
1061 3234 1256 3291 cossim
1303 3252 1450 3290 cacas
1626 3236 1703 3291 67
1751 3235 1954 3290 nihilne
2000 3239 2216 3307 scripsi
2253 3236 2384 3291 nihil
2426 3239 2563 3292 libri
2604 3237 2676 3293 nil
2712 3238 2950 3294 Botln'us

649 3322 948 3391 deficiente
983 3324 1176 3392 primo
1215 3321 1365 3391 pede
1409 3320 1549 3374 enim
1597 3320 1669 3374 nil
1705 3320 1998 3393 Berqlcius
2044 3321 2265 3376 annali.
2300 3321 2471 3392 phill.
2510 3321 2674 3379 1870
2713 3339 2771 3392 p.
2805 3320 2945 3390 830,

650 3407 753 3459 sed
793 3406 935 3459 idem
981 3406 1052 3460 de
1096 3404 1249 3459 nihili
1287 3403 1484 3475 forma
1529 3406 1791 3461 inaudita
1851 3408 2111 3477 coqitans
2280 3406 2490 3484 Arctica
2538 3406 2780 3461 Bothius

652 3488 730 3545 68
778 3504 973 3562 pecore
1005 3504 1068 3543 ex
1115 3490 1258 3544 hirto
1290 3503 1529 3543 crassum
1560 3487 2003 3563 Marquardlus'
2030 3492 2383 3561 antiquitati.
2415 3491 2580 3545 Rom.
2631 3491 2676 3546 V
2705 3489 2739 3545 2
2767 3507 2829 3561 p.
2865 3488 2944 3546 87

648 3589 846 3645 pecore
891 3589 955 3627 ex
1004 3573 1273 3628 hircorum
1329 3574 1485 3640 libri,
1549 3576 1606 3628 in
1665 3574 1870 3647 quibus
1914 3575 2045 3629 uide
2089 3590 2165 3627 an
2207 3575 2402 3644 polius
2444 3591 2640 3647 pecore
2687 3592 2748 3629 ex
2798 3575 2945 3629 hirto

650 3657 917 3712 hirsutum
946 3660 1130 3713 lateat
1300 3672 1365 3712 ex
1413 3658 1683 3712 hircorum
1732 3673 1928 3731 pecore
1974 3658 2242 3713 Muretus
2286 3676 2412 3713 uar.
2443 3660 2576 3715 lect.
2610 3659 2673 3713 X
2690 3659 2837 3714 VIII
2865 3659 2944 3715 10

644 3748 867 3814 pectore
912 3757 976 3796 ex
1023 3742 1298 3797 hircorum
1344 3744 1471 3798 olim
1516 3746 1889 3813 scripseram.
1940 3749 2159 3815 tergore
2209 3758 2273 3797 ex
2334 3742 2604 3797 hircorum
2654 3743 2944 3816 Berqlcius

644 3828 685 3880 l.
741 3828 782 3881 l.
1000 3827 1259 3881 uestitum
1315 3827 1546 3898 Lipsius
1600 3834 1720 3882 ant.
1774 3828 1908 3882 lect.
1964 3826 2036 3882 II
2086 3826 2154 3895 4,
2203 3826 2469 3883 Muretus
2526 3828 2756 3882 uestium
2810 3828 2947 3883 libri

640 3912 906 3983 plerique
950 3911 1241 3984 uestigium
1289 3911 1364 3963 W
1528 3910 1605 3967 69
1653 3928 1713 3966 ac
1742 3911 1884 3969 Par.
1918 3911 1970 3965 P
2136 3918 2305 3966 noctu
2338 3911 2742 3979 Quia-heratius
2783 3918 2943 3967 nocte

641 3996 779 4051 libri
822 4003 981 4050 nocte
1026 4012 1129 4064 ego
1177 3994 1420 4050 Bothius
1593 3994 1825 4050 bidentis
1874 3997 2013 4052 libri
2055 3994 2270 4051 bidente
2318 3996 2657 4066 Leopardus
2702 3997 2939 4051 Emend.

644 4080 708 4134 X
724 4080 769 4134 V
798 4078 874 4134 19
1046 4095 1165 4133 sum
1214 4078 1427 4134 Herculi
1460 4080 1680 4148 addidi,
1727 4097 1832 4135 om.
1860 4081 1997 4136 libri
2007 4104 2023 4133 .·
2069 4079 2150 4151 cf.
2182 4081 2390 4135 Festus
2416 4090 2476 4151 p.
2512 4079 2633 4137 229
2677 4078 2944 4152 ‘propter

643 4163 823 4219 uiam’
873 4170 927 4218 el
973 4163 1307 4219 Macrobius
1352 4162 1473 4218 Sat.
1520 4164 1594 4219 ΙΙ
1633 4163 1691 4233 2,
1739 4163 1778 4217 4
1952 4163 2125 4219 facere
2170 4180 2288 4219 sum
2337 4172 2561 4237 propter
2591 4166 2730 4220 uiam
2778 4168 2937 4220 clau-

644 4250 828 4304 sulam
887 4262 1096 4303 uersus
1145 4247 1332 4319 fuisse
1389 4266 1500 4303 non
1557 4249 1998 4319 inprobabiliter
2051 4252 2295 4305 coniecit
2353 4248 2763 4316 Quickeralius

644 4332 720 4389 71
768 4331 1045 4388 licentiat‘u
1094 4332 1350 4405 Guyetus
1393 4330 1678 4388 licentiatus
1722 4333 1859 4389 libri
