3400 5075
1334 337 1398 406 t..
1436 337 1803 408 AFRAmvs
2604 335 2731 419 209

1455 503 1554 576 111
1603 509 1705 598 (2)

797 682 810 695 .
859 626 935 694 111'
977 630 1228 694 ueniret
1274 628 1444 712 quod
1495 649 1669 692 nunc
1716 628 1932 712 agitur
1976 627 2048 693 1'n
2095 630 2320 694 solum.

1451 760 1546 825 IV
1594 759 1694 846 (4)

606 877 773 943 Aliis
822 879 898 942 de
946 879 1171 962 rebus»,
1219 875 1292 939 111'
1342 899 1470 960 qua
1515 874 1791 960 coepisti
1834 901 2025 960 super

1409 977 1531 1107 (v
1582 1007 1683 1095 (1)

607 1127 747 1204 Quo
795 1130 867 1192 tii
915 1125 1294 1192 conmetas‘?
1345 1122 1375 1196 [Γ
1422 1124 1534 1188 ubi
1581 1125 1870 1190 confixus
1918 1125 2212 1190 desides?
2312 1177 2315 1180 1

1368 1264 1789 1331 VOPISOVS

1467 1382 1498 1445 1
1547 1379 1692 1467 (10)

438 1503 568 1566 345
616 1499 930 1564 Consedit
975 1501 1256 1582 uterum,
1301 1498 1436 1560 n6n
1482 1501 1556 1560 ut
1601 1497 1865 1560 omnino
1914 1501 2131 1561 tamen

429 1724 721 1787 eleganter
755 1721 993 1786 positum
1030 1724 1131 1768 est.
1203 1718 1296 1768 Sic
1332 1724 1517 1768 autem
1550 1725 1609 1767 et
1631 1718 1895 1769 Afranius
1921 1719 1977 1768 in
2002 1720 2254 1784 Virgine:
2294 1722 2503 1772 uerbis’
2535 1739 2580 1773 e.
2603 1739 2653 1788 q.
2679 1740 2722 1775 s.

561 1789 646 1839 111
681 1789 893 1839 Nonius
921 1788 1038 1849 124,
1064 1789 1131 1836 20
1159 1787 1504 1846 ‘insolum‚
1542 1785 1842 1835 insolitum.
1912 1786 2181 1837 Afranius
2207 1787 2448 1840 Crimine
2477 1787 2542 1855 [1]
2581 1791 2726 1841 idem

429 1859 685 1922 Virgine:
722 1860 811 1906 ne’
850 1873 898 1905 e.
936 1871 989 1918 q.
1028 1870 1071 1905 s.
1208 1855 1286 1903 lv
1319 1854 1522 1903 Festus
1560 1869 1610 1917 p.
1649 1856 1750 1904 3Οὸ
1784 1853 1856 1903 Μ.
1904 1859 2130 1919 ‘super
2177 1856 2457 1920 signifieat
2500 1859 2724 1921 quidem

424 1941 592 1990 supra
627 1950 691 1968 ,--
728 1951 793 1959 -
830 1937 1018 1973 uerum
1066 1922 1287 1986 ponitur
1334 1922 1502 1971 etiam
1541 1937 1637 1986 pro
1674 1922 1769 1982 de,
1822 1920 2040 1972 Graeca
2077 1926 2503 1987 consuetudine,
2541 1931 2602 1975 ut
2636 1926 2724 1975 illi

427 1993 621 2042 dicunt
654 1983 802 2054 ὑπέρ
825 2017 884 2025 -
912 2017 977 2024 -
1002 1989 1265 2039 Afranius
1290 1991 1346 2038 in
1369 1989 1707 2053 Virgine:’
1746 1990 2104 2053 (uirginem
2131 1992 2247 2042 cod.
2273 1997 2418 2041 teste
2445 1994 2517 2044 H.
2540 1994 2725 2043 Keilio

432 2076 565 2110 mus.
605 2059 776 2112 Rhen.
815 2059 891 2109 VI
928 2055 1048 2120 625)
1090 2056 1269 2105 ‘alis'
1317 2074 1363 2107 e.
1403 2073 1452 2120 q.
1490 2072 1532 2105 s.
1708 2057 1755 2106 V
1789 2057 2002 2108 Nonius
2038 2060 2121 2120 89,
2161 2063 2227 2108 33
2273 2065 2723 2119 ‘conmetare‚

436 2143 727 2178 conmeare
755 2163 768 2176 .
796 2162 807 2175 .
834 2161 848 2175 .
874 2125 1139 2174 Afranius
1173 2124 1432 2189 Virgine:
1472 2128 1601 2187 quo’
1642 2139 1688 2172 e.
1729 2139 1780 2188 q.
1817 2140 1861 2174 s.

561 2196 835 2245 Vomacvs
906 2191 994 2241 Cf.
1023 2191 1239 2241 Plinius
1265 2208 1316 2245 n.
1343 2192 1395 2241 h.
1421 2192 1527 2241 VII
1555 2194 1617 2241 10
1652 2193 2003 2257 ‘uopiscos
2041 2192 2405 2257 appellabant
2432 2212 2460 2245 e
2488 2196 2725 2259 geminis

428 2263 522 2328 qni
558 2263 763 2312 retenti
799 2265 958 2310 utero
1003 2265 1364 2309 nascerentur
1408 2258 1587 2308 altero
1631 2260 1962 2324 interempto
2007 2260 2247 2310 abortu.’
2309 2259 2400 2326 (de
2438 2278 2631 2326 praen.
2669 2265 2723 2324 4)

426 2331 713 2381 Geminum
742 2334 959 2393 partum
983 2332 1317 2391 conceperat
1353 2326 1544 2391 puella
1582 2326 1882 2390 quaedam,
1920 2342 2149 2390 quorum
2183 2328 2357 2380 altero
2392 2330 2723 2395 interempto

424 2399 619 2448 abortu
646 2396 717 2458 (Ι)
755 2411 826 2445 ne
850 2396 1136 2459 uopiscum
1162 2394 1380 2457 quidem
1408 2393 1711 2444 sustulerat
1734 2401 1888 2459 pater
1912 2395 2028 2456 (ΙΙ).
2094 2397 2230 2444 Eum
2268 2402 2450 2447 autem
2475 2399 2586 2446 iam
2612 2397 2726 2447 enl-

427 2482 531 2531 pae
570 2465 824 2529 paenitet
859 2461 1069 2527 (VIII),
1105 2462 1203 2512 sed
1240 2463 1487 2526 nuptiae,
1525 2468 1585 2511 ut
1620 2461 1895 2524 uidentur,
1932 2478 2054 2512 cum
2094 2463 2208 2512 alia
2245 2463 2538 2515 condictae
2574 2463 2724 2529 (VII)

424 2533 718 2599 prohibent
742 2547 847 2597 quo
874 2531 1053 2580 minus
1080 2530 1377 2580 reducendi
1403 2529 1554 2579 illam
1578 2529 1853 2581 desiderio
1878 2531 2021 2580 satis
2051 2530 2226 2581 faciat
2253 2531 2366 2597 (V).
2416 2530 2624 2584 Contra
2650 2533 2721 2583 ab

425 2602 600 2651 altera
627 2605 786 2664 parte
813 2598 1122 2662 exponendi
1149 2599 1393 2647 infantes
1421 2600 1563 2648 ratio
1589 2599 1839 2662 grauiter
1865 2597 2185 2649 defenditur
2204 2598 2325 2662 (XI)
2352 2603 2724 2667 maiorumque

431 2667 697 2732 exemplis
733 2666 1085 2716 adulescenti
1120 2665 1409 2716 honestius
1438 2667 1851 2716 commendatur
1887 2668 2199 2731 coniugium
2227 2666 2395 2730 (XII).
2468 2669 2725 2721 Praeter-

427 2753 494 2785 ea
539 2735 735 2785 mulier
784 2750 850 2783 ex
898 2749 1083 2783 earum
1119 2747 1350 2796 genere,
1387 2733 1581 2797 quales
1617 2734 1844 2784 Emanc.
1867 2733 2027 2784 XXII
2063 2741 2392 2797 tanguntur,
2432 2732 2727 2801 imperiosa

425 2802 624 2867 (XVII.
659 2802 813 2865 XIX)
842 2816 1088 2865 anusque
1116 2800 1493 2851 adulescentis
1519 2816 1759 2850 amorem
1787 2808 2022 2866 captans
2059 2800 2201 2866 (XX.
2240 2800 2391 2867 XXI)
2430 2804 2723 2859 inducitur.

426 2872 543 2921 Nee
581 2871 784 2920 desunt
820 2868 1053 2933 parasiti
1091 2868 1278 2930 (xlv),
1316 2868 1553 2919 ancillae
1590 2868 1796 2931 (XXII)
1843 2871 1991 2918 serui
2028 2869 2253 2931 (XXIII.
2290 2871 2497 2936 XXIV)
2533 2879 2724 2936 partes

426 2938 745 2988 sollemnes.
919 2937 946 2987 1
981 2935 1193 2986 Nonius
1228 2938 1345 2995 230,
1386 2938 1412 2984 1
1452 2941 1711 2987 ‘uterus
1737 2972 1750 2984 .
1778 2973 1789 2985 .
1819 2974 1832 2985 .
1866 2944 2062 2988 neutro
2110 2938 2343 2987 Plautus
2375 2975 2386 2986 .
2415 2981 2427 2993 .
2454 2975 2467 2989 .
2508 2946 2724 2990 uterum

425 3005 597 3056 dolet.
671 3002 953 3069 Turpilius
976 3040 989 3053 .
1017 3040 1028 3052 .
1055 3039 1066 3051 .
1097 3009 1312 3053 uterum
1348 3004 1630 3053 cruciatur
1655 3004 1804 3053 mihi.
1878 3005 2139 3054 Afranius
2166 3006 2223 3054 in
2246 3006 2514 3070 Vopisco:
2552 3007 2721 3057 sedit’

425 3187 560 3241 libri
755 3184 1077 3257 conquiesse
1131 3184 1346 3255 scripsi
1400 3183 1584 3238 tribus
1647 3184 1890 3255 syllabis
1938 3186 2432 3254 pronuntiandum
2487 3184 2589 3256 (cf.
2650 3188 2729 3241 ad

429 3269 606 3324 Ennii
669 3274 820 3340 lraq.
890 3268 1006 3324 137
1065 3265 1228 3337 adn.)
1284 3283 1393 3321 uon
1464 3267 1680 3339 quiesse
1744 3269 1911 3339 libri,
1987 3270 2092 3323 sed
2153 3270 2428 3341 quieuisse
2485 3270 2626 3326 Par.
2687 3290 2723 3325 a

427 3354 677 3425 (tacente
724 3351 1177 3425 Eyssenhardlo)
1225 3350 1406 3407 Borb.
1578 3351 1841 3423 deducta,
1888 3352 2023 3406 male
2055 3351 2208 3418 Quod
2239 3351 2299 3406 se
2331 3353 2546 3425 quiesse
2591 3353 2725 3408 dixit

429 3438 805 3494 Hermamms
843 3440 880 3493 l.
911 3440 950 3493 l.
984 3435 1106 3494 286
1279 3434 1401 3492 342
1448 3437 1502 3491 ui
1548 3438 1764 3507 scripsi
1806 3452 1873 3490 ne
1919 3437 2053 3492 libri
2180 3438 2424 3491 eueniret
2457 3437 2724 3510 BolhiuS,

430 3526 597 3579 cuius
640 3530 830 3577 lamen
877 3525 1063 3593 ipsum
1098 3528 1308 3594 postea
1357 3516 1436 3593 (2)
1479 3520 1779 3592 paenituit
1939 3536 2081 3575 nunc
2124 3521 2360 3590 IuniuS,
2411 3539 2516 3578 om.
2564 3523 2722 3580 Leid.

429 3622 538 3662 non
592 3607 787 3663 Urbin.
834 3605 954 3663 307
1004 3621 1132 3660 num
1175 3608 1357 3661 celeri
1396 3606 1532 3660 libri
1730 3603 1852 3660 343
1898 3604 2015 3660 aliis
2064 3605 2396 3676 Stephanus
2450 3606 2548 3661 alis
2594 3609 2721 3664 cod.

598 3692 650 3744 ni
699 3691 1095 3747 Neulcirchius
1139 3691 1192 3745 in
1252 3690 1372 3744 cod.
1429 3706 1529 3744 nec
1578 3689 1640 3745 0.
1686 3688 2006 3745 Muellerus
2262 3689 2385 3747 344
2430 3690 2725 3748 Personas

427 3777 690 3831 distinxit
747 3783 883 3832 aule
938 3775 1001 3829 L.
1048 3774 1389 3831 Muellerum
1444 3790 1588 3830 muS.
1635 3774 1825 3829 Rhen.
1871 3773 2087 3831 XXIV
2129 3773 2250 3828 242
2295 3773 2570 3840 Botkius,
2627 3780 2727 3849 qui

429 3867 616 3915 tamen
663 3876 781 3930 pro
837 3875 1143 3930 responso.
1200 3876 1311 3915 non
1371 3866 1431 3914 ul
1494 3858 1790 3915 Bentleius
1842 3876 1954 3929 pro
2009 3860 2459 3931 interrogatione
2526 3861 2724 3916 habuit

428 3947 674 4001 alterum
717 3945 1153 4000 hemistichium.
1327 3941 1534 3998 defixus
1566 3943 1865 3998 Bentleius
1908 3946 1965 3998 iu
2004 3943 2134 3998 Ter.
2176 3944 2368 3999 heaut.
2402 3943 2508 3998 III
2551 3945 2608 4016 1,
2642 3943 2720 4000 35

597 4027 718 4085 345
765 4027 1012 4084 consedit
1055 4026 1292 4099 Maehly
1336 4034 1390 4083 el
1436 4027 1839 4084 Buecheler-us
1880 4031 1983 4083 lat.
2030 4029 2174 4083 decl.
2223 4027 2299 4082 12
2348 4023 2506 4101 [item
2538 4028 2721 4101 Bery-

429 4112 561 4169 lcius
604 4116 827 4170 annall.
857 4113 1081 4183 philoll.
1121 4111 1283 4168 1870
1320 4129 1379 4183 p.
1412 4105 1566 4187 827]
1617 4119 1830 4167 uterum
1872 4131 1986 4184 pro
2030 4115 2379 4168 nominaliuo
2424 4113 2719 4182 habentem,

429 4215 774 4271 quamquam
819 4205 1085 4253 neutrum
1127 4212 1313 4269 glenus
1367 4199 1649 4267 exemplis
1694 4215 1730 4251 a
1779 4197 1964 4253 Nonio
2017 4197 2275 4253 laudatis
2318 4197 2541 4253 minime
2580 4215 2720 4269 pro-

428 4285 628 4353 batur,
675 4290 737 4337 ul
780 4283 875 4337 hic
919 4297 1143 4353 quoque
1181 4296 1457 4353 qraecum
1502 4284 1902 4337 accusalimcm
1948 4283 2289 4354 inlelleyam.
2363 4280 2719 4339 Com'ciebam

423 4373 740 4439 praeterea
785 4365 996 4421 sedauit
1040 4368 1136 4421 uel
1180 4365 1383 4420 leuauit

529 4469 644 4514 Con.
674 4471 786 4510 Ian&
818 4470 932 4510 Rtn.
2234 4465 2297 4514 14
