3400 5075
624 331 743 392 104
1412 329 1689 380 SEXTVS
1727 328 2118 380 TVRPILIVS

1653 484 1718 548 II
1797 486 1836 547 6

796 601 939 684 Ego
988 600 1395 683 praestolabo
1443 599 1536 662 illi
1585 481 1867 661 omitting
1916 600 2064 660 ante
2112 598 2395 661 ostium?

1636 712 1737 776 III
1786 712 1887 797 (7)

925 879 938 892 .
985 828 1363 912 progredior
1408 828 1581 892 foras
1630 827 1836 890 uise're
1885 826 2036 909 quid
2083 826 2186 889 hie
2225 826 2486 889 tumulti

1653 949 1748 1013 IV
1799 948 1899 1034 (9)

627 1043 749 1104 155
2029 1039 2157 1100 iam
2206 1038 2423 1100 desine

796 1143 1169 1209 Meminisse
1216 1146 1388 1209 illius
1435 1144 1730 1208 fo'rmam.

797 1375 1022 1458 Neque
1051 1373 1311 1438 mirum:
1361 1374 1615 1456 educta,
1653 1378 1726 1437 ut
1754 1375 1872 1457 pair
1901 1379 2025 1457 est,
2054 1396 2278 1457 expers
2308 1374 2590 1457 malitiis,
2621 1378 2912 1438 metuens

2327 1510 2425 1551 sul

1622 1576 1714 1641 vl
1766 1575 1911 1663 (12)

813 1693 1083 1768 Quando
1133 1692 1426 1775 equidem
1469 1714 1751 1755 amorem
1798 1691 2274 1774 intercapedine
2305 1689 2443 1775 ipse
2490 1692 2720 1757 leniuit
2766 1693 2918 1758 dies,

628 1894 808 1937 autem
856 1886 1223 1936 mansuetudo
1270 1892 1327 1936 et
1372 1887 1482 1935 sibi
1527 1885 1789 1935 diffidens
1833 1884 2106 1934 modestia
2153 1885 2219 1937 fr.
2273 1887 2316 1932 V
2365 1887 2631 1950 tangitur.
2711 1888 2802 1937 Fr.
2843 1890 2916 1938 IX

626 1955 913 2004 consilium
952 1959 1284 2003 memoratur
1323 1955 1402 2002 rei
1439 1955 1520 2002 ita
1546 1953 1977 2018 componendae,
2013 1958 2076 2001 ut
2100 1952 2402 2002 meretricis
2439 1954 2650 2004 amicus
2688 1954 2918 2005 alterius

624 2022 749 2071 uice
797 2021 1037 2085 puellam
1087 2020 1433 2086 repudiatam
1484 2020 1651 2070 ducat
1687 2021 1744 2069 in
1793 2020 2213 2072 matrimonium.
2423 2020 2446 2068 1
2487 2022 2697 2072 Nonius
2734 2024 2818 2085 85,
2855 2026 2916 2072 21

624 2089 893 2148 ‘claret‚
946 2089 1100 2138 clara
1148 2094 1233 2138 eet
1277 2089 1371 2138 uel
1419 2087 1650 2137 clareat.
1735 2087 2022 2152 Turpilius
2067 2087 2265 2136 Pedio:
2313 2087 2492 2138 euius’
2531 2104 2578 2138 e.
2615 2104 2665 2153 q.
2707 2105 2751 2143 s,

622 2157 677 2205 11
713 2156 918 2206 Nonius
955 2159 1082 2217 475,
1120 2158 1185 2206 30
1231 2154 1596 2221 ‘prestolat
1637 2171 1736 2220 pro
1783 2153 2135 2219 prestolatur.
2215 2154 2496 2219 Turpilius
2543 2156 2742 2206 Pedio.
2793 2161 2917 2222 ego’

627 2239 673 2278 e.
713 2240 763 2288 q.
804 2240 848 2273 s.
990 2223 1071 2272 111
1110 2223 1318 2273 Nonius
1352 2224 1468 2281 489,
1508 2225 1575 2273 30
1612 2221 1955 2272 ‘tumulti.
2028 2226 2063 2271 .’
2203 2223 2280 2271 lv
2316 2223 2526 2273 Nonius
2561 2224 2680 2285 500,
2721 2227 2806 2274 6²
2814 2241 2921 2274 ae-

626 2291 982 2340 cusatiuus
1030 2306 1126 2355 pro
1172 2291 1472 2354 genetin.
1585 2291 1784 2353 ,pTur
1791 2290 1918 2339 ilius
1954 2287 2189 2338 Paedio.
2237 2290 2370 2337 iam’
2409 2306 2454 2340 e.
2502 2304 2552 2353 q.
2590 2307 2629 2341 s.
2693 2292 2921 2350 (Pedio

623 2358 755 2406 libri
792 2363 1017 2422 praeter
1054 2353 1269 2421 Bamb.)
1408 2357 1454 2405 V
1494 2358 1703 2407 Nonius
1741 2306 1858 2421 5p00,
1897 2358 1963 2405 22
2000 2356 2385 2406 ‘ablatiuus
2425 2373 2519 2421 pro
2557 2359 2881 2422 genetiuo..

627 2426 915 2505 Turpilius
954 2424 1187 2475 Paedio·
1226 2428 1429 2495 neque'
1472 2440 1517 2474 e.
1558 2439 1609 2488 q.
1649 2440 1690 2474 ε.
1762 2422 2039 2503 (Poedio
2077 2421 2290 2489 Bamb.)
2364 2424 2515 2474 Idem
2552 2427 2678 2485 501,
2715 2427 2801 2475 5
2808 2442 2923 2490 ge-

628 2493 907 2543 net-inus
952 2509 1049 2558 pro
1096 2482 1294 2542 datiuo
1323 2529 1385 2542 ..
1428 2492 1760 2558 ‚Turpilius
1807 2490 2039 2541 Paedio.
2094 2497 2298 2557 neque’
2348 2508 2393 2542 e.
2432 2508 2479 2557 q.
2521 2507 2562 2541 s,
2644 2461 2922 2556 (Poedio

628 2561 822 2610 Bamb.
835 2564 850 2616 )
988 2562 1063 2610 VI
1099 2561 1308 2611 Nonius
1343 2533 1464 2624 522,
1503 2564 1535 2609 4
1572 2561 1766 2610 ‘diem
1805 2559 2027 2621 uolunt,
2078 2576 2196 2610 cum
2238 2561 2500 2609 feminino
2549 2576 2748 2624 genere
2786 2561 2920 2610 dici·

627 2644 770 2687 mus,
810 2634 1023 2692 tempus
1060 2627 1402 2692 significare,
1450 2628 1753 2677 masculino
1791 2627 1930 2677 diem
1970 2627 2176 2691 ipsum.
2227 2642 2326 2677 nos
2373 2633 2565 2677 eontra
2601 2629 2922 2683 inuenimus.

628 2695 908 2760 Turpilius
935 2695 1128 2745 Pedio:
1167 2695 1388 2759 quando
1412 2732 1422 2744 .
1445 2731 1458 2744 .
1485 2733 1496 2743 .
1524 2695 1663 2756 dies;
1691 2695 1748 2744 id
1777 2701 1877 2758 est,
1905 2695 2083 2758 ipsum
2109 2699 2368 2758 tempus)
2408 2694 2681 2759 (Poedio
2708 2695 2923 2760 Bamb.)

630 2873 789 2928 hodie
815 2873 980 2928 claret
1012 2874 1142 2928 haec
1163 2873 1533 2944 Grautoffius
1652 2871 1791 2928 Olim
1823 2871 2096 2928 conclaret
2127 2874 2454 2928 dubitanter
2471 2888 2924 2944 proposueram:

629 2974 699 3013 ne
747 2958 988 3030 Berylcii
1030 2959 1252 3029 quidem
1299 2961 1637 3014 coniectura
1684 2973 1829 3027 opus
1872 2960 1973 3025 sit,
2020 2959 2072 3012 si
2114 2957 2184 3012 1ιό
2221 2956 2305 3011 (lie
2350 2973 2620 3012 mensura
2661 2958 2921 3028 seratur.

806 3042 923 3096 153
970 3040 1047 3095 illi
1103 3043 1337 3096 oscitans
1394 3048 1517 3096 ante
1577 3042 1775 3095 ostium
1843 3040 2074 3096 Botkius
2137 3042 2167 3095 1
2231 3041 2289 3095 ili
2356 3057 2420 3095 eo
2481 3042 2688 3096 cicante
2750 3039 2924 3114 optitfi

633 3126 833 3180 Bamb.
882 3125 955 3179 illi
1004 3133 1062 3179 ut
1108 3126 1296 3180 citanti
1344 3126 1433 3197 opi
1478 3126 1576 3178 sim
1621 3142 1722 3180 ms.
1769 3125 1955 3180 Fabri
1996 3124 2072 3180 illi
2118 3141 2184 3179 eo
2230 3126 2428 3180 citante
2474 3126 2700 3198 opitium
2749 3131 2930 3182 ceteri

628 3212 763 3265 libri
808 3208 952 3263 illico
1011 3209 1097 3263 hic
1152 3215 1275 3263 ante
1331 3209 1626 3280 hospitium
1674 3210 2004 3265 Gulielmius
2065 3210 2246 3264 Veris:
2293 3209 2360 3265 ΙΙ
2404 3208 2482 3265 23
2542 3208 2670 3264 illoc
2727 3212 2924 3266 citaute

631 3301 690 3347 ut
737 3292 998 3366 opitulem
1048 3293 1289 3358 Botkius
1322 3291 1357 3347 2
1404 3292 1527 3347 ilico
1574 3293 1659 3347 hie
1688 3301 1813 3348 ante
1845 3295 2046 3348 ostium
2080 3293 2446 3364 Grautoffius
2517 3294 2930 3366 Interroyandi

630 3381 850 3451 siynum
898 3379 1071 3450 uulyo
1116 3379 1271 3432 deest
1448 3375 1565 3432 154
1615 3376 1702 3432 hie
1754 3377 1994 3432 Bothius
2049 3379 2100 3432 in
2147 3378 2347 3432 Bamb.
2408 3378 2530 3432 hinc
2575 3381 2757 3432 ceteri
2793 3379 2930 3432 libri

805 3459 1020 3516 tumulti
1068 3469 1191 3514 ante
1237 3461 1382 3516 sores
1425 3462 1585 3528 libri,
1646 3465 1760 3516 nisi
1801 3462 1955 3533 quod
1995 3478 2059 3515 an
2096 3480 2212 3532 pro
2256 3470 2379 3516 ante
2439 3462 2537 3516 W.·
2594 3464 2740 3516 eieci
2776 3463 2925 3532 ylas-

631 3563 787 3602 sema
919 3546 1199 3601 Fortasse
1231 3564 1343 3601 non
1389 3547 1589 3614 iambi,
1637 3547 1741 3600 sed
1769 3549 2078 3615 anapaesti
2109 3545 2386 3616 fuerunt.-
2434 3586 2446 3599 .
2477 3587 2490 3599 .
2517 3587 2530 3600 .
2559 3586 2571 3598 .
2601 3546 2928 3617 progredior

634 3631 777 3684 foras
834 3629 1011 3684 uisere
1074 3629 1204 3701 quid
1265 3630 1381 3684 hice
1428 3629 1646 3684 tamtilti
1692 3637 1804 3684 est:
1853 3630 2140 3685 baeeleeos
2183 3629 2510 3702 progredior
2555 3628 2702 3684 soriis
2751 3630 2928 3685 uisere

634 3714 762 3787 quid
812 3715 897 3768 hic
942 3713 1158 3767 tumulti
1205 3716 1448 3769 admittit
1494 3714 1896 3769 Buechelerus
2070 3713 2188 3768 155
2235 3730 2319 3785 sq.
2369 3715 2674 3769 trochaeos
2727 3719 2928 3769 statuit

632 3798 1031 3869 Grautoffius:
1077 3798 1157 3869 ef.
1205 3799 1558 3854 Bitscheleus
1603 3815 1801 3869 opusc.
1835 3798 1908 3854 ΙῙ
1932 3797 2072 3854 688
2163 3798 2354 3852 Siaiui
2397 3800 2566 3852 etiam
2611 3802 2933 3868 septenarii

632 3885 858 3939 iambici
894 3883 1251 3953 frustum..
1338 3884 1487 3937 ,iam
1534 3881 1719 3937 desine
1764 3899 1834 3937 m.
1883 3884 1916 3936 i.
1965 3882 2002 3937 f.
2045 3889 2235 3952 potest
2411 3881 2528 3936 157
2579 3883 2750 3936 uirum
2795 3885 2932 3938 libri

630 3987 686 4038 p.
750 3967 876 4024 500
1060 3984 1248 4039 expars
1306 3968 1464 4022 Leid.
1529 3966 1730 4020 Bamb.
1786 3984 1846 4037 p.
1907 3966 2022 4023 501
2095 3974 2369 4039 expertem
2429 3966 2632 4021 Bamb.
2684 3983 2745 4036 p.
2805 3966 2930 4023 500

632 4060 850 4124 exparte
909 4051 1060 4105 Leid.
1122 4070 1193 4106 m.
1237 4069 1333 4122 pr.
1396 4051 1471 4104 W
1516 4068 1575 4121 p.
1626 4049 1750 4107 500
1806 4058 2025 4122 experte
2081 4055 2265 4106 ceteri
2314 4052 2450 4106 libri
2494 4067 2558 4120 p.
2609 4049 2733 4106 500

635 4136 839 4190 militiis
902 4135 1098 4189 Bamb.
1155 4153 1215 4206 p.
1274 4135 1396 4192 501
1454 4134 1678 4189 alicuius
1736 4136 1879 4190 idem
1935 4153 1995 4206 p.
2045 4135 2170 4192 500
2224 4133 2502 4189 malicuius
2561 4137 2744 4189 ceteri
2795 4135 2931 4190 libri

631 4237 689 4289 p.
739 4219 864 4276 500
1036 4226 1283 4274 metuens
1340 4219 1421 4272 sui
1481 4237 1585 4275 om.
1645 4218 1784 4273 libri
1830 4236 1891 4289 p.
1939 4218 2064 4276 500
2323 4218 2442 4274 158
2490 4217 2736 4289 equidem
2795 4220 2932 4272 libri

631 4306 895 4376 plerique
952 4301 1102 4374 (uide
1147 4305 1215 4358 de
1264 4305 1576 4374 particulis
1614 4306 1816 4358 latinis
1860 4320 1924 4373 p.
1972 4301 2075 4374 41)
2131 4311 2184 4358 et
2242 4302 2456 4375 quidem
2511 4302 2666 4356 Leid.
2724 4301 2927 4358 Bamb.
