3400 5075
682 313 765 375 94
1486 312 1570 363 SE
1580 311 1764 362 XTVS
1804 312 2196 363 TVRPILIVS

1671 465 1837 531 xm
1884 464 1986 552 (4)

858 583 1080 647 Vindn
1126 570 1364 646 in'uitat
1408 583 1770 666 plusculum
1820 603 1985 665 sese,
2032 586 2105 645 tit
2152 582 2358 645 solet?

1619 740 2047 805 HETAERA

1714 856 1746 920 I
1795 853 1942 942 (10)

860 970 1058 1035 Ducit
1104 994 1202 1036 me
1252 994 1493 1036 secum:
1542 974 1886 1056 p6stquam
1936 971 2015 1034 ad
2063 970 2282 1034 aedem
2329 972 2642 1054 udnimus,

859 1087 1224 1151 Veneriitur
1270 1087 1449 1171 deOS‚
1495 1088 1742 1150 intaeirea
1789 1087 2037 1171 aspexit
2083 1085 2404 1170 uirginem
2477 1064 2484 1079 ἱ

860 1201 960 1265 Ibi
1008 1202 1315 1286 stantem,
1362 1202 1430 1265 in
1476 1202 1685 1286 capite
1734 1200 2050 1266 ostrinam
2096 1202 2386 1265 indutam
2433 1199 2719 1287 riculam,

1729 1351 1794 1415 Π
1874 1353 1914 1416 2

732 1468 815 1531 75
860 1466 1029 1530 Erus
1078 1467 1372 1550 stupidus
1420 1467 1658 1531 adstat:
1706 1465 1801 1530 sta
1843 1350 2073 1553 ῗθῐῖἰιη]
2122 1468 2257 1531 eius
2304 1471 2601 1552 aspectus
2648 1490 2877 1551 repens

864 1581 993 1647 Cor
1038 1583 1402 1667 t6rporaui1:
1447 1583 1692 1646 h6mini
1741 1604 1974 1646 amore.

1707 1732 1806 1797 ΠΙ
1854 1730 1955 1818 (9)

1747 1854 1856 1912 nis
1905 1848 1985 1912 ad
2032 1848 2175 1911 illas
2222 1849 2612 1932 c6nmigrat:

862 1961 1254 2026 Habitfimus
1303 1962 1579 2026 hiemem
1626 1965 1835 2026 tdtam
1882 1986 2026 2027 cum
2074 1964 2481 2027 muli6reulis.

686 2183 978 2299 eurr-endo:
1027 2200 1073 2237 e.
1122 2199 1172 2247 q.
1218 2199 1260 2233 s.
1468 2184 1605 2234 XIII
1649 2185 1863 2234 Nonius
1908 2187 2035 2249 321,
2083 2187 2146 2233 21
2195 2182 2526 2234 ‘inuitare
2573 2184 2857 2249 significat
2893 2201 2974 2234 re-

686 2268 720 2316 p
747 2267 828 2301 on
858 2286 870 2298 .
901 2289 912 2301 .
943 2287 955 2300 .

820 2338 1095 2385 ΗετΑειιΛ
1166 2336 1192 2384 1
1228 2335 1436 2386 Nonius
1483 2339 1599 2399 539,
1635 2338 1700 2387 23
1739 2338 1916 2387 ‘rica
1954 2344 2067 2393 est,
2113 2337 2257 2401 quod
2295 2353 2393 2387 nos
2432 2336 2710 2387 sudarium
2747 2338 2980 2387 dicimus

689 2443 699 2454 .
729 2442 741 2453 .
764 2441 775 2453 .
800 2404 1081 2468 Turpilius
1119 2404 1499 2453 Veliterna:
1540 2396 1709 2454 ducit'
1747 2422 1795 2457 e.
1824 2419 1875 2468 q.
1905 2420 1947 2454 s.
2022 2403 2105 2456 Of.
2131 2405 2300 2454 Titin.
2335 2404 2505 2458 Velit.
2530 2405 2556 2453 1
2589 2404 2738 2454 Idem
2772 2407 2890 2467 549,
2921 2408 2982 2455 10

686 2473 1039 2521 ‘ostrinam
1089 2471 1158 2520 ad
1206 2473 1339 2521 ostri
1390 2472 1661 2530 colorem,
1711 2472 1800 2536 qui
1840 2478 1926 2522 est
1971 2472 2293 2522 subrubeus.
2363 2472 2651 2535 Turpilius
2698 2472 2978 2523 Hatera:

687 2542 927 2589 interea’
968 2555 1013 2592 e.
1055 2556 1104 2605 q.
1142 2555 1185 2588 a.
1226 2545 1229 2550 ’
1327 2539 1379 2590 11
1416 2540 1627 2590 Nonius
1668 2542 1780 2602 182,
1817 2544 1849 2589 4
1888 2541 2300 2603 ‘torporuuit
2332 2556 2431 2604 pro
2469 2541 2788 2606 torpefeeit.
2849 2541 2980 2590 Tur-

687 2605 854 2671 pilius
891 2607 1132 2657 Heter:
1171 2611 1320 2656 erus'
1360 2624 1405 2660 e.
1444 2624 1494 2671 q.
1532 2623 1572 2656 s.
1635 2609 1965 2670 (Hetaera
1999 2608 2080 2656 ed.
2123 2606 2275 2670 1526)
2439 2608 2516 2656 ΙΙΙ
2551 2608 2760 2658 Nouius
2797 2610 2911 2671 526,
2952 2610 2976 2656 1

695 2674 975 2738 ‘quotiens
1012 2690 1111 2738 per
1147 2676 1528 2724 accusatiuum
1566 2690 1750 2724 casum
1785 2690 1958 2724 anuos
1995 2675 2083 2724 uel
2123 2675 2240 2724 dies
2278 2676 2576 2739 loquimur,
2612 2676 2768 2740 iuges
2805 2691 2980 2724 annos

686 2742 777 2791 uel
814 2738 930 2791 dies
968 2740 1370 2806 significamus:
1408 2745 1660 2806 quotiens
1699 2758 1797 2806 per
1832 2742 2105 2803 datiuum,
2148 2759 2245 2807 per
2279 2743 2629 2791 interuallum
2667 2744 2982 2793 interiectis

690 2809 966 2872 aliquibus
992 2810 1154 2857 annis
1191 2809 1282 2859 uel
1318 2809 1511 2860 diebus
1536 2850 1550 2863 .
1577 2847 1588 2860 .
1618 2846 1630 2859 .
1654 2810 1937 2876 Turpilius
1962 2810 2253 2875 Filopatro
2293 2850 2304 2861 .
2331 2845 2345 2859 .
2367 2848 2380 2862 .
2407 2809 2553 2859 idem
2593 2811 2827 2860 Hatera:
2866 2814 2979 2859 rus'

688 3045 865 3098 simile
921 3042 1058 3114 quid
1110 3043 1487 3112 supplendum
1703 3042 1916 3108 seuerio
1977 3040 2130 3098 Leid.
2206 3041 2250 3095 V
2461 3043 2716 3114 imperata
2773 3043 2975 3115 Reyin.

690 3127 831 3181 Par.
877 3128 927 3182 A
981 3145 1053 3181 m.
1115 3123 1151 3179 2
1210 3126 1451 3198 imperati
1498 3126 1672 3180 Parr.
1720 3125 1826 3181 AR
1881 3126 2036 3180 Leia.
2103 3125 2147 3179 V
2339 3125 2413 3181 71
2474 3126 2643 3180 uinon
2690 3126 2982 3199 Berykius

688 3213 908 3267 annali.
959 3212 1174 3282 philoll.
1229 3208 1392 3265 1870
1431 3226 1491 3280 p.
1542 3208 1663 3265 828
1720 3226 1828 3264 non
1882 3211 2019 3266 libri
2185 3225 2383 3264 numne
2429 3210 2679 3264 inuitauit
2722 3212 2982 3266 scribere

689 3297 947 3351 uolebam
1002 3297 1151 3351 conl.
1198 3313 1254 3349 u.
1310 3292 1426 3349 132
1474 3299 1528 3347 el
1571 3294 1773 3349 Plauti
1815 3294 2017 3365 Amph.
2067 3292 2186 3349 283
2236 3285 2374 3367 [non
2420 3294 2669 3348 inuitauit
2720 3298 2867 3351 coni.
2915 3295 2981 3349 L.

693 3381 1009 3435 Muellerus
1037 3395 1180 3434 mus,
1202 3377 1385 3433 maen.
1406 3376 1661 3433 XXVII
1689 3371 1852 3453 289]
1976 3376 2053 3432 74
2084 3378 2156 3431 ibi
2187 3384 2419 3431 stantem
2451 3381 2666 3448 scripsi
2693 3380 2980 3434 instantem

688 3465 821 3520 libri
867 3481 928 3534 p.
978 3462 1098 3519 539
1145 3464 1389 3517 iniectam
1436 3463 1573 3517 libri
1609 3480 1669 3534 p.
1721 3461 1842 3518 549
1900 3463 2093 3517 iniecta
2141 3461 2387 3517 Bolbius
2429 3461 2728 3517 adstantem
2777 3461 2982 3518 Carrio

694 3550 923 3604 Emend.
972 3546 1010 3602 I
1062 3546 1097 3601 2
1156 3547 1443 3601 intrantem
1502 3546 1869 3618 Grauloffius
2080 3547 2135 3600 in
2192 3546 2366 3618 capite
2421 3547 2682 3601 ostrinam
2741 3545 2980 3601 indutam

660 3632 911 3687 ·riculam
979 3631 1184 3687 Carrio
1254 3632 1307 3684 in
1377 3631 1550 3703 capite
1614 3629 1834 3686 riculam
1900 3628 2138 3684 indutam
2198 3629 2404 3699 (induta
2462 3629 2661 3686 Bamb.
2715 3649 2777 3702 p.
2839 3629 2982 3700 549)

690 3717 946 3772 ostrinam
1005 3714 1321 3785 (onstrinam
1363 3716 1501 3769 libri
1533 3732 1599 3785 p.
1647 3712 1791 3784 539)
1836 3715 1972 3770 libri
2020 3721 2264 3786 utroque
2307 3717 2435 3770 loco
2477 3716 2532 3769 in
2577 3724 2737 3788 caput
2777 3716 2984 3770 ostrina

689 3800 930 3857 indutam
988 3799 1153 3855 ricula
1211 3799 1454 3855 Bothius
1509 3807 1669 3871 caput
1728 3798 1967 3854 indutam
2024 3799 2226 3854 ostrina
2286 3797 2451 3854 ricula
2512 3799 2880 3871 Grautoffius
2930 3799 2982 3853 in

689 3887 862 3959 capite
909 3883 1147 3939 indutam
1194 3884 1451 3938 ostrinam
1497 3882 1717 3938 riculam
1764 3893 1826 3938 ut
1870 3885 1995 3939 olim
2041 3885 2193 3939 edidi
2218 3884 2281 3938 L.
2317 3883 2566 3940 Mueller
2600 3885 2669 3940 de
2701 3898 2766 3937 re
2796 3902 2867 3938 m.
2904 3882 2981 3939 33

687 3972 896 4039 probat
1070 3967 1146 4024 75
1190 3968 1329 4022 enim
1375 3969 1489 4021 eius
1520 3983 1674 4023 nunc
1718 3971 1947 4039 scripsi,
1995 3986 2128 4022 nam
2173 3966 2246 4041 ᾖ,
2301 3969 2357 4023 lc.
2406 3984 2455 4024 e.
2502 3968 2641 4023 enim
2689 3975 2822 4023 ante
2867 3969 2984 4022 eius

687 4053 966 4122 facillime
1013 4055 1189 4107 omitti
1223 4054 1430 4122 potuit.
1479 4053 1596 4106 eius
1639 4053 1776 4107 libri
1788 4077 1803 4105 .-
1847 4053 2120 4121 probauit
2171 4053 2532 4123 pyrrichium
2577 4052 2986 4107 Lachmannus

690 4142 746 4192 in
793 4138 967 4194 Lucr.
1019 4136 1157 4193 161.
1260 4135 1636 4206 Septenarios
1690 4137 1966 4192 iambicos
2020 4152 2147 4191 erus
2203 4146 2273 4196 st.
2332 4144 2490 4191 astat.
2581 4135 2654 4190 lta
2711 4135 2825 4191 (iius
2873 4177 2886 4190 .
2917 4177 2930 4190 .
2967 4178 2979 4190 .

689 4220 890 4276 homini
936 4218 1129 4275 Ambra
1179 4218 1604 4276 CFWMuelzer
1645 4222 1685 4275 l.
1732 4223 1771 4275 l.
1821 4219 1943 4277 388
1989 4223 2428 4277 commendauit.-
2474 4220 2552 4291 cf.
2587 4221 2810 4276 Pacuu.
2861 4219 2986 4278 330

863 4305 938 4362 77
988 4312 1273 4378 postquam
1322 4308 1414 4360 uel
1459 4321 1521 4359 ex
1569 4321 1678 4376 quo
1722 4306 2204 4375 praemittendum
