3400 5075
702 263 876 317 XLV]
1584 264 2108 319 COROLLARIVM

880 426 972 490 Et
1015 426 1323 508 quoniam
1360 426 1431 489 in
1468 448 1542 490 00
1575 449 1739 510 311111,
1777 431 1851 490 ut
1897 428 2154 491 infirma
2202 428 2574 492 coniectura
2617 431 2698 494 ad
2747 453 2997 498 comoe-

699 534 874 598 diam
930 533 1138 596 relata
1195 533 1569 618 fragmenta
1622 534 2041 617 perlustrem,
2095 556 2175 598 ne
2231 534 2348 598 illa
2394 537 2651 618 quidem
2713 542 2996 621 praeter-

700 640 908 703 eunda
974 644 1151 722 sunt,
1216 661 1381 723 quae
1447 661 1594 703 cum
1659 642 1727 704 in
1794 640 2060 704 scholiis
2119 639 2600 705 Veronensibus
2665 644 2745 706 ad
2803 643 2997 728 Verg.

700 746 859 811 Aen.
906 745 1003 811 IV
1064 748 1188 810 146
1244 750 1411 810 teste
1466 746 1879 809 Herrmanno
1936 746 2028 807 sic
2087 753 2392 830 corrupta
2450 753 2673 820 extent
2731 748 2999 832 ‘Asperz

700 853 931 936 piatos,
970 853 1351 938 sfigmoms,
1408 858 1481 917 ut
1537 854 1748 936 pictos
1799 851 2098 915 Gelonos,
2172 854 2242 917 in
2287 852 2843 918 Protesilaodamia
2894 856 3000 935 fac

690 962 967 1040 papyrin
1022 959 1167 1024 haec
1221 966 1390 1043 terya
1443 960 1707 1024 habeant
1759 957 2083 1039 stiyneata'
2140 958 2257 1044 (cf.
2315 966 2481 1044 trag.
2537 959 2646 1023 rel.
2707 983 2764 1042 p.
2821 960 2999 1045 116),

702 1064 939 1128 (101010
988 1065 1258 1149 Dilthey
1306 1068 1377 1130 in
1423 1067 1593 1130 libro
1641 1065 1718 1127 110
1760 1064 2150 1127 Callimachi
2189 1062 2490 1149 Cydippa
2538 1067 2782 1150 scripto
2831 1090 2890 1149 p.
2912 1068 2996 1129 59

701 1194 775 1234 ex
826 1172 1162 1236 comoedia
1218 1174 1438 1257 aliqua
1482 1169 2080 1259 *Protesilaodamia
2137 1171 2373 1235 hausta
2433 1194 2574 1235 esse
2637 1173 2778 1236 visa
2835 1178 2998 1235 sunt.

700 1278 811 1341 sed
869 1279 1001 1341 tale
1060 1284 1174 1342 aut
1226 1302 1463 1344 nomen
1520 1283 1634 1342 aut
1688 1281 2141 1361 argumentum
2199 1300 2344 1341 cum
2400 1279 2470 1342 in
2524 1279 2704 1341 nullo
2760 1278 2995 1341 Roma-

698 1406 934 1447 narum
984 1385 1354 1449 fabularum
1401 1406 1634 1468 genere
1673 1384 2052 1467 reperiatur,
2099 1385 2305 1447 multo
2343 1385 2749 1467 probabilius
2780 1384 2998 1447 Laevii

700 1513 960 1554 carmen
1008 1514 1047 1554 a
1084 1492 1443 1556 scholiasta
1479 1491 1736 1554 laudari
1777 1494 2154 1553 statuemus.
2211 1491 2391 1553 0111113
2430 1491 2506 1553 fr.
2536 1490 2621 1553 23
2651 1490 2738 1554 M.
2786 1490 2993 1575 (num

698 1597 1044 1680 quaepiam
1093 1598 1224 1662 alia
1271 1599 1347 1661 de
1394 1597 1550 1661 Ilio'
1601 1621 1650 1660 0.
1681 1620 1738 1681 q.
1770 1595 1845 1682 S.)
1896 1597 1975 1659 ad
2023 1596 2282 1660 illorum
2331 1595 2524 1660 ‘haec
2571 1601 2758 1681 terga
2804 1597 2864 1660 h.
2896 1595 2995 1659 st.'

693 1724 999 1767 numeros
1044 1703 1178 1767 fere
1224 1705 1524 1788 quadrat,
1577 1726 1732 1767 nam
1788 1725 1950 1787 quae
2007 1703 2392 1766 antecedunt
2438 1703 2836 1766 emendanda
2883 1725 2984 1775 sae

698 1810 945 1893 gaciori
1020 1811 1330 1894 relinquo.
1412 1832 1809 1894 quamquam
1884 1831 1923 1871 a
1977 1812 2164 1872 tanta
2236 1813 2590 1873 metrortun
2659 1810 2995 1899 varietate,

698 1920 941 1999 quanta
995 1915 1223 1982 Laevii
1278 1917 1611 1999 poematia
1664 1915 1930 1978 fuerunt
1987 1915 2301 1999 insignia,
2359 1939 2437 1980 110
2487 1916 2812 1979 senarium
2860 1917 2995 1999 qui·

698 2022 843 2084 dem
903 2022 1184 2086 alienum
1241 2023 1444 2087 fuisse
1501 2022 1864 2106 putaverim
1920 2022 2120 2085 talem
2175 2022 2309 2085 fere

1001 2150 1112 2210 aye
1152 2130 1259 2209 fac
1292 2151 1613 2212 purpurea
1657 2131 1843 2193 istae'c
1888 2134 2055 2211 terya
2098 2128 2361 2192 habeant
2404 2131 2712 2209 stiymata.

696 2256 815 2297 1100
870 2256 1038 2318 nego
1096 2236 1198 2301 his
1246 2237 1315 2299 in
1370 2237 1590 2320 aliqua
1636 2237 1973 2301 comoedia
2019 2232 2237 2318 (modo
2285 2257 2365 2298 110
2413 2235 2994 2299 Protesilaodamia

697 2340 920 2428 fuerit)
964 2364 1158 2425 posse
1206 2343 1419 2408 locum
1466 2344 1683 2406 fuisse.
1758 2343 1976 2406 Laevii
2019 2362 2256 2405 nomen
2301 2346 2456 2425 post
2493 2341 2757 2406 Gelonos
2796 2342 2994 2405 inseri

693 2449 915 2512 nescio
953 2471 1143 2531 quem
1181 2449 1250 2512 in
1286 2471 1447 2512 mus.
1494 2448 1698 2512 Rhen.
1739 2447 1956 2512 XXIV
2004 2448 2134 2511 634
2191 2447 2457 2525 iussisse
2508 2470 2651 2512 sero
2701 2448 2902 2512 video,

857 2555 1044 2619 Addo
1074 2555 1346 2639 denique
1379 2555 1740 2640 Sauppium
1766 2577 1971 2638 nuper
1999 2555 2069 2617 in
2095 2555 2222 2618 ind.
2243 2555 2644 2639 philologico
2659 2554 2991 2618 Leutschii

698 2685 752 2724 a.
780 2663 953 2726 ‘1871
988 2685 1047 2744 p.
1084 2662 1208 2725 184
1248 2685 1323 2725 ex
1354 2662 1592 2745 Apulei
1629 2666 1890 2725 metam.
1919 2661 1985 2723 II
2016 2661 2099 2724 23
2136 2660 2469 2747 ρ1110111103,
2505 2662 2788 2743 inquam,
2826 2660 2990 2724 mihi

672 2791 923 2832 ‘narras
954 2771 1022 2830 et
1047 2789 1257 2852 nugas
1287 2767 1533 2832 meras'
1583 2769 1909 2832 senarium
1940 2767 2226 2831 effecisse
2271 2768 2537 2849 ineptias
2563 2767 2720 2830 mihi
2759 2766 2991 2830 narras

695 2880 751 2938 et
794 2874 996 2956 myas
1041 2895 1259 2952 mera-3,
1306 2896 1497 2958 quem
1545 2875 1825 2957 scriptor
1869 2874 1980 2937 ille
2017 2875 2237 2938 nescio
2272 2897 2354 2937 an
2391 2873 2632 2936 invitus
2673 2873 2986 2936 effuderit.

873 2980 1167 3046 Seneca-m
1212 2982 1282 3045 in
1327 2981 1627 3065 epistulis
1659 2983 1831 3043 certe
1881 3002 1914 3042 e
1960 2981 2171 3044 oreimis
2215 2979 2647 3062 potissimum,
2694 2980 2804 3063 qui
2851 2981 2988 3044 eius

697 3092 911 3151 aetate
959 3089 1322 3172 regnabant
1368 3088 1434 3150 in
1483 3109 1735 3170 scaena,
1781 3087 2132 3170 prudenter
2176 3086 2352 3149 dicta
2398 3086 2794 3168 excerpsisse
2841 3107 2990 3149 cum

696 3217 770 3258 eo
820 3197 1164 3277 probatur,
1211 3194 1383 3277 quod
1430 3192 1733 3256 laudatae
1794 3194 1876 3257 ab
1933 3215 2007 3257 eo
2057 3192 2309 3276 aliquot
2351 3191 2421 3255 in
2467 3192 2823 3275 codicibuS,
2878 3193 2986 3276 qui

695 3301 959 3364 Publilii
1011 3299 1160 3384 Syri
1218 3298 1575 3363 sententias
1631 3300 1992 3382 continent,
2047 3301 2457 3383 reperiuntur
2512 3297 2597 3382 (2.
2644 3301 2791 3362 234.
2840 3299 2985 3361 236.

693 3408 840 3471 250.
898 3408 1058 3473 286:
1125 3407 1202 3469 cf.
1258 3407 1334 3469 fr.
1389 3404 1587 3470 LXV.
1642 3404 1906 3470 LXVII.
1953 3405 2182 3470 LXIX.
2239 3405 2581 3490 LXXIII),
2646 3408 2784 3467 tum
2845 3405 2985 3486 ipse

695 3514 1047 3598 significat,
1102 3513 1216 3577 ubi
1274 3513 1770 3577 sordidissimum
1812 3513 2113 3593 plaudere
2172 3513 2252 3575 ad
2298 3513 2448 3577 illos
2497 3532 2718 3575 versus
2762 3513 2989 3573 narrat

693 3619 811 3703 (ad
874 3619 952 3682 fr.
1010 3618 1308 3705 LXVII).
1402 3613 1555 3704 ergo
1629 3623 1735 3683 sat
1806 3618 2147 3701 probabile
2223 3617 2454 3681 saltem
2509 3616 2586 3679 fr.
2650 3616 2866 3681 LXVI
2923 3621 2989 3680 et

692 3724 973 3789 LXVIII
1028 3747 1156 3788 uno
1205 3726 1389 3809 quasi
1448 3726 1685 3807 spiritu
1741 3725 1910 3789 inter
1963 3725 2085 3788 hos
2134 3726 2642 3788 commemorata
2689 3724 2769 3786 ad
2814 3725 2984 3787 idem

693 3853 895 3915 genus
943 3831 1285 3914 pertinere.
1377 3833 1488 3895 ubi
1536 3836 1756 3895 tamen
1808 3833 2102 3895 comicum
2137 3836 2385 3913 poetam
2430 3826 2700 3915 (LXIV)
2746 3832 2847 3894 vel
2894 3853 2986 3894 co-

691 3940 919 4002 micum
966 3937 1236 4025 (LXXI)
1285 3938 1591 4023 appellat,
1634 3938 1938 4021 inprimis
1975 3938 2053 4000 de
2099 3938 2374 4021 palliata
2419 3936 2648 4000 fabula
2695 3939 2982 4021 cogitan-

693 4045 846 4109 dum
893 4045 1034 4109 erit.

871 4149 1115 4217 Contra
1170 4151 1376 4230 Cicero
1431 4173 1824 4236 quamquam
1881 4151 1950 4216 in
2006 4151 2306 4236 epistulis
2361 4174 2492 4216 non
2548 4148 2889 4212 abhorruit
2944 4169 2981 4209 a

694 4259 877 4323 mimi
944 4258 1585 4343 commemoratione,
1648 4264 1871 4323 tamen
1899 4260 1995 4352 Ο111
2054 4259 2297 4342 scripto
2351 4253 2806 4340 philosophico
2863 4276 2980 4317 nec
