3400 5075
1412 361 1474 410 ι..
1512 361 1873 413 AFRAmvs
2662 361 2779 425 171

1462 515 1806 582 ORIMEN

1551 632 1582 696 Ι
1613 629 1716 720 (2)

532 747 620 811 40
666 796 1108 812 .....
1201 746 1545 813 orbitatem
1589 750 1742 813 tuae
1788 747 2111 830 senectuti
2152 750 2392 815 malam

664 859 898 946 Metus,
945 861 1117 947 quod
1163 862 1233 928 in
1280 864 1490 929 solum
1534 885 1669 930 non
1717 865 1899 930 uenit
1952 867 2142 931 caeco
2190 887 2265 930 ac
2312 864 2600 931 dementi
2642 866 2780 931 tibi.

1524 1015 1590 1081 11
1638 1013 1742 1103 (1)

666 1128 841 1205 Quos
886 1129 1128 1213 inpune
1175 1131 1602 1216 depopulatur
1647 1133 2044 1217 despoliatur
2089 1134 2359 1198 dedecus

1588 1283 1688 1348 III

664 1395 843 1462 Haec
888 1397 1106 1463 ieiuna
1150 1397 1501 1464 ieientauit.

1455 1549 1821 1615 DEDITIO

666 1716 1107 1732 .....
1198 1665 1353 1751 quia
1398 1666 1694 1750 quadrati
1743 1670 1897 1732 sunt
1942 1667 2100 1753 sagi.

625 1933 628 1936 -
1380 1833 1889 1902 DEPOSITVM

531 1950 620 2016 45
1791 1948 1864 2016 ἀί
1906 1951 2038 2016 sint
2081 1948 2240 2017 irati
2278 1951 2428 2037 tibi,

668 2065 793 2143 Qui
838 2066 1128 2132 conciere
1174 2067 1420 2153 cogites
1466 2071 1728 2133 tantum
1772 2067 1943 2134 mali.

624 2296 846 2347 Οιιιιιειι
915 2297 997 2349 De
1043 2298 1327 2349 comoedia
1371 2316 1424 2364 p.
1471 2299 1656 2353 LVIII
1703 2300 1788 2356 W.
1835 2298 2095 2350 ‘omnium
2144 2303 2328 2348 antem
2376 2297 2781 2349 comoediarum

489 2364 761 2430 inscripta
798 2382 867 2416 ex
904 2372 1140 2430 quatuor
1176 2367 1340 2416 rebus
1364 2368 1584 2418 omnino
1611 2373 1927 2418 sumuntur.
1966 2366 2184 2416 nomine
2222 2364 2346 2416 loco
2381 2367 2533 2417 facto
2561 2369 2781 2422 euentu.

565 2437 808 2486 ‚euentu
844 2438 906 2483 ut
932 2433 1393 2501 Commorientes,
1429 2435 1718 2497 Crimen,
1759 2433 2456 2486 Heautontimorumenos.
2496 2433 2591 2495 (cf.
2619 2432 2784 2484 Scho-

446 2515 659 2566 .penus
707 2515 839 2556 mus
888 2501 1064 2554 Rhen.
1103 2503 1233 2553 1827
1281 2518 1330 2568 p.
1376 2505 1469 2554 152
1539 2505 1870 2555 Duebnerus
1914 2498 2095 2552 Iahnii
2145 2500 2531 2553 unnall.1834
2569 2517 2620 2568 p.
2658 2497 2781 2567 273)

624 2568 650 2618 1
686 2568 897 2620 Nonius
936 2570 1542 2634 124,17“ἰιι801ιιιιι,
1594 2572 1917 2623 insolitum)
1989 2569 2224 2635 Ineptit.
2271 2571 2571 2620 of.u.343
2609 2570 2782 2620 Varro

489 2640 593 2690 sat
640 2637 708 2686 fr.
745 2639 811 2687 90
847 2639 910 2687 Β.
956 2637 1032 2702 (p.
1073 2641 1168 2689 117
1205 2638 1294 2699 R.)
1340 2639 1535 2690 Cicero
1581 2641 1646 2690 de
1693 2644 1804 2695 nat.
1851 2638 2070 2688 deorum
2108 2639 2133 2689 1
2169 2640 2262 2699 23,
2308 2639 2375 2688 65
2417 2637 2488 2687 ad
2536 2637 2666 2692 fam.
2702 2638 2782 2688 IX

487 2705 579 2766 26,
617 2706 649 2753 2
890 2706 941 2756 11
977 2706 1189 2756 Nonius
1222 2708 1714 2771 480‚12‘spolor
1760 2723 1856 2772 pro
1902 2705 2125 2771 spolior.
2204 2705 2468 2755 Afranius
2515 2703 2779 2755 Crimine:

488 2764 639 2836 quos'
680 2788 726 2825 e.
769 2789 819 2838 q.
857 2788 898 2825 s.
939 2773 1362 2853 ‘Quadrigarius
1406 2776 1624 2826 annali·
1673 2776 1755 2826 ita
1791 2791 1891 2840 per
1926 2773 2283 2824 sexennium.
2353 2788 2584 2838 ,ugrum
2623 2771 2782 2822 Cam-

489 2855 732 2918 panum.
802 2841 1251 2906 .expolnbatur.’
1289 2834 1669 2906 (epulabatur-³
1695 2843 1888 2892 Bamb.
1925 2839 2394 2906 expoliabantur’
2433 2840 2522 2891 uel
2560 2839 2784 2905 ‘spolia-

488 2897 705 2957 bantur’
742 2909 930 2970 Peter)
1002 2909 1352 2961 l‘efellerunt
1395 2909 1628 2962 Nonium
1677 2911 1765 2960 uel
1812 2913 2088 2959 auctorem
2126 2910 2246 2959 eius
2292 2912 2478 2959 textus
2522 2908 2781 2975 corrupti.

623 2976 706 3025 111
742 2974 953 3026 Nouius
993 2979 1209 3038 126,18
1236 2969 1545 3030 ieientare.
1617 2979 1881 3029 Afranius
1920 2978 2175 3027 Buccone
2212 2975 2555 3043 adoptem..
2579 2975 2781 3027 .-Afra

487 3043 613 3092 nius
650 3042 918 3093 Crimine.
956 3044 1098 3095 haec
1135 3045 1172 3099 i.
1208 3046 1268 3097 i.’

623 3127 872 3180 Dum-rio
943 3128 1227 3180 Charisius
1261 3129 1289 3180 1
1324 3146 1374 3196 p.
1411 3132 1477 3181 81
1513 3132 1575 3181 Ρ.
1614 3135 1862 3197 ‘uagum
1901 3134 2096 3181 neutro
2142 3144 2345 3194 genere
2392 3127 2611 3180 dicitur.
2683 3127 2779 3177 sed

487 3194 748 3246 Afranius
783 3197 840 3247 in
876 3197 1171 3248 Deditione
1208 3198 1510 3250 masculine
1548 3199 1715 3255 dixin
1751 3201 1882 3264 quia
1920 3215 1970 3264 q.
2009 3216 2052 3249 s.
2090 3204 2159 3251 a)
2231 3197 2469 3246 Gramm.
2510 3210 2673 3245 anon.
2712 3195 2781 3244 de

487 3276 611 3326 gen.
646 3278 786 3314 nom.
828 3281 879 3329 p.
910 3266 1096 3316 100151.
1125 3266 1203 3327 (in
1240 3266 1413 3316 Keilii
1447 3281 1671 3331 gramm.
1709 3268 1859 3317 Latt.
1898 3266 2006 3318 uol.
2034 3269 2080 3317 V
2119 3281 2170 3331 p.
2197 3264 2317 3329 591)
2358 3268 2617 3328 sagus,
2652 3278 2777 3327 gen.

489 3347 676 3393 masc,
717 3337 780 3381 ut
812 3333 1107 3384 Afranius.
1145 3334 1275 3399 quia
1312 3350 1361 3398 q.
1400 3350 1444 3386 s,
1485 3339 1551 3390 s)

622 3432 939 3468 »eroon-vx
1013 3417 1098 3469 cf.
1128 3412 1613 3487 Παρακαταθήκῃ
1639 3419 1931 3471 Menandri
1958 3424 2014 3470 et
2050 3417 2300 3468 aliorum.
2374 3416 2587 3467 Nonius
2611 3418 2783 3476 90,10

489 3487 860 3542 ‘conciere
908 3502 1027 3537 cum
1073 3488 1493 3554 perturbatione
1541 3503 1864 3540 conmouere
1904 3484 2315 3539 ..Afranius
2361 3482 2654 3547 Deposito·
2702 3482 2780 3532 di‘

492 3571 543 3605 e.
583 3570 636 3619 q.
675 3571 719 3606 s.

489 3771 803 3841 Coniuncto
847 3778 1091 3843 utroque
1136 3772 1252 3827 tale
1296 3771 1555 3841 efficitur
1591 3771 1853 3843 frustum
1889 3810 2152 3826 ......
2204 3766 2336 3822 naha
2381 3767 2577 3823 retinet
2622 3763 2782 3822 homo

490 3872 631 3911 nuuc
672 3855 712 3911 l.
758 3873 828 3911 ιιι.
1002 3854 1086 3913 40
1133 3864 1254 3911 tuae
1297 3858 1566 3913 senectuti
1614 3857 1859 3912 Bothius
1901 3854 2168 3910 senectuti
2216 3862 2336 3908 tuae
2389 3852 2526 3908 libri
2694 3852 2782 3906 An

490 3939 723 3995 malum?
939 3939 1016 3995 41
1065 3940 1120 3995 in
1166 3939 1341 3996 solum
1387 3940 1696 3998 Mereor-us
1741 3940 1974 3996 insolum
2030 3946 2204 3995 antea
2394 3935 2633 3992 dementi
2688 3933 2782 3990 tibi

488 4025 736 4082 Baebius
790 4024 1042 4082 demetibi
1085 4026 1222 4082 libri
1389 4025 1468 4082 42
1515 4025 1852 4099 despoliatur
1897 4026 2139 4081 Bothius
2197 4031 2250 4078 ct
2308 4019 2610 4094 dispolatur
2652 4020 2789 4076 libri

488 4118 544 4164 et
587 4109 912 4185 dispoliatur
956 4111 1080 4165 edd.
1254 4109 1337 4167 43
1384 4105 1544 4187 haec]
1604 4128 1682 4166 cm
1738 4107 1879 4166 nec?
2061 4108 2337 4164 ieientauit
2387 4105 2580 4161 Turio.
2627 4104 2784 4160 Leia.

490 4192 720 4251 ieieutafi
764 4196 966 4251 Bamb.
1015 4194 1241 4250 ientauit
1286 4196 1456 4269 uulyo
1624 4193 1708 4249 44
1740 4194 1862 4268 quia
1891 4211 2131 4266 yramm.
2166 4209 2360 4261 arion„
2394 4207 2507 4246 non
2535 4204 2785 4261 prorsus

488 4287 707 4336 certum
738 4283 796 4335 in
831 4279 1079 4336 Charisii
1108 4282 1231 4336 cod.
1268 4279 1413 4353 quod
1446 4280 1535 4336 ed.
1575 4297 1674 4351 pr.
1850 4277 2119 4352 quadratis
2164 4277 2280 4351 sagi
2322 4291 2560 4350 qramm.
2611 4290 2783 4331 anon.

490 4363 721 4420 Monac,
897 4362 977 4420 45
1024 4363 1134 4420 sint
1178 4367 1389 4437 scripsi
1429 4371 1558 4420 suut
1600 4364 1736 4420 libri
1903 4361 1983 4424 46
2030 4363 2239 4437 cogitas
2294 4361 2488 4418 Urbin.
2535 4358 2656 4420 307
