3400 5075
1079 1161 1742 1248 SENTENTJAE
1822 1160 2485 1248 TVRICENSES.

817 1386 980 1452 Cum
1028 1389 1231 1452 semet
1276 1387 1480 1451 uincit
1526 1386 1813 1470 sepiem,
1858 1385 2119 1450 minime
2167 1383 2468 1452 uincitur.
2825 1410 2923 1458 821

638 1503 770 1568 655
817 1503 1061 1568 Contra
1106 1504 1361 1568 hostem
1391 1506 1504 1567 aut
1548 1503 1783 1566 fortem
1816 1504 2074 1585 oportet
2100 1523 2239 1567 esse
2268 1506 2383 1567 aut
2427 1504 2798 1587 stipplicem.
2827 1527 2927 1574 817

817 1618 965 1684 Cito
995 1620 1251 1704 culpam
1290 1616 1594 1703 effugisse
1640 1618 1813 1702 potis
1860 1641 1959 1695 ΘΒ,
2006 1618 2059 1681 si
2100 1616 2446 1682 incurrisse
2492 1620 2797 1702 paenitet.
2826 1641 2928 1689 815

818 1733 1177 1800 Consilium
1220 1735 1290 1799 in
1337 1732 1625 1798 aduersis
1672 1733 2007 1817 prudentis
2053 1733 2405 1798 remedium
2450 1737 2566 1798 est.
2828 1757 2929 1804 816

817 1850 978 1916 Cum
1025 1851 1310 1935 ignoscis
1349 1850 1488 1933 uni,
1534 1850 1758 1934 gratos
1805 1850 2166 1933 complures
2203 1849 2381 1914 facis,
2782 1905 2791 1922 ,
2827 1871 2929 1921 819

817 1965 1260 2032 Contubernia
1288 1966 1418 2030 illic
1447 1968 1602 2030 suni,
1645 1964 2085 2047 lacrimarum,
2132 1966 2390 2049 quando
2439 1967 2799 2032 misericors

1922 2082 2239 2165 conspicit
2283 2082 2603 2146 miserum.
2829 2104 2931 2153 818

811 2281 932 2339 654
977 2290 1149 2337 semet
1201 2281 1261 2345 T,
1308 2300 1423 2354 qua
1464 2281 1660 2353 forma
1710 2296 1818 2336 cur
1861 2281 2206 2338 abstinuisse
2248 2284 2567 2340 credendus
2612 2287 2684 2339 sit
2728 2290 2936 2340 auctor

640 2370 942 2438 uersiculi,
990 2369 1194 2423 idonea
1241 2383 1423 2422 eausa
1469 2383 1581 2422 non
1629 2373 1733 2421 est.
1782 2382 1902 2420 sese
1964 2367 2345 2438 Woelfflinu8‚
2392 2371 2493 2440 qui
2534 2369 2766 2440 confert
2812 2368 2932 2425 672

641 2462 696 2509 et
740 2451 861 2507 421
1123 2450 1244 2508 655
1290 2451 1587 2524 supplicem
1645 2468 1725 2507 ex
1781 2457 2116 2509 coniectura
2166 2453 2517 2509 Froehliclzii
2573 2454 2935 2526 Woelfflinus

640 2536 936 2611 simplicem
989 2536 1038 2592 Τ
1205 2536 1326 2593 656
1373 2535 1583 2609 cuipam
1633 2536 1894 2609 effugisse
1950 2536 2094 2611 potis
2151 2554 2208 2591 es
2267 2541 2482 2609 scripsi
2522 2537 2676 2611 culpa
2722 2540 2935 2612 effugiri

644 2629 828 2697 potest
879 2622 950 2692 T,
1008 2625 1066 2677 in
1124 2624 1330 2696 quibus
1385 2623 1658 2693 infinitiui
1704 2622 1955 2693 formam
2001 2630 2226 2677 mutare
2281 2625 2408 2678 olim
2461 2642 2573 2679 non
2632 2625 2929 2680 audebam.

643 2708 852 2781 culpam
900 2706 1125 2780 effugies
1177 2708 1356 2764 Orelli
1409 2704 1617 2778 cuipam
1665 2705 1891 2780 effugias
1952 2707 2315 2779 Woelfflinus
2485 2708 2604 2765 657
2653 2709 2929 2782 prudentis

644 2790 936 2847 remedium
997 2800 1080 2845 cst
1130 2792 1499 2865 Woelfftiuus
1552 2790 1843 2846 medicinae
1899 2790 2193 2848 remedium
2249 2791 2532 2865 prudentis
2588 2801 2673 2848 est
2725 2794 2773 2849 T

643 2876 925 2932 consilium
973 2875 1161 2930 medici
1209 2875 1500 2932 remedium
1548 2875 1828 2948 prudentis
1874 2886 1957 2933 est
2014 2877 2091 2932 M.
2140 2877 2438 2948 Hauptius
2481 2877 2685 2934 Philet.
2736 2879 2772 2934 Ι
2812 2876 2928 2933 665

623 2995 628 3000 -
818 2960 938 3017 658
996 2963 1290 3016 senarium
1349 2977 1504 3016 nune
1558 2976 1686 3016 cum
1746 2960 2110 3018 Buecltelero
2167 2963 2317 3017 edidi
2539 2979 2659 3017 cum
2720 2964 2932 3018 inimico

644 3046 882 3119 ignoscis
928 3045 984 3100 F
1151 3046 1275 3116 uni,
1331 3047 1484 3118 quod
1536 3047 1890 3103 desiderauit
1948 3047 2318 3118 Woelfflinus
2373 3044 2543 3116 (conl.
2600 3046 2740 3103 243.
2791 3048 2934 3104 310.

647 3132 787 3188 363.
824 3130 963 3187 535.
1000 3126 1141 3204 686)
1189 3134 1248 3186 in
1293 3134 1622 3202 septemtrio
1669 3131 1851 3187 trech.
1900 3148 2063 3204 quem
2102 3132 2230 3186 olim
2274 3133 2587 3204 edideram,
2632 3149 2786 3188 nunc
2832 3134 2935 3188 ad-

644 3217 789 3279 didi3
832 3233 939 3272 om.
983 3216 1031 3270 T
1196 3222 1383 3289 gratos
1430 3215 1513 3270 Ιο.
1550 3214 1773 3287 Siqyius
1815 3218 2013 3272 amicos
2060 3216 2228 3290 gratis
2281 3217 2329 3271 T
2493 3216 2623 3272 sacis
2671 3217 2934 3273 Bueche-

647 3304 811 3357 lerus
839 3299 1075 3373 adquiris
1115 3301 1163 3355 T
1331 3299 1562 3356 Senarii
1605 3316 1873 3357 numeros
1919 3305 2103 3357 uariis
2132 3301 2309 3356 modis
2351 3310 2772 3372 corruperunt.-
2817 3318 2937 3356 cum

647 3384 864 3441 inimico
920 3386 1191 3458 ignoscis,
1250 3388 1449 3439 amicos
1504 3384 1813 3457 complures
1872 3387 2013 3459 paris
2064 3385 2312 3442 Oreltius
2366 3401 2485 3441 cum
2532 3388 2565 3441 i.
2615 3387 2675 3457 i.,
2734 3387 2933 3441 amicos

649 3471 816 3544 gratis
875 3487 1154 3543 comparas
1211 3471 1535 3541 HauptiuS,
1603 3473 1763 3539 item,
1833 3472 1938 3527 sed
1991 3479 2210 3543 gratos,
2282 3471 2661 3543 WoelfflinuS.
2773 3470 2937 3527 Octo·

649 3558 877 3610 narium
925 3571 1043 3610 cum
1091 3555 1304 3610 inimico
1351 3555 1589 3627 ignoscis
1637 3555 1758 3617 uni,
1817 3556 2014 3611 amicos
2060 3555 2230 3628 gratis
2276 3554 2458 3627 plures
2503 3572 2777 3629 comparas
2824 3555 2941 3626 (uel

648 3647 834 3711 gratos
879 3639 1185 3714 complures
1231 3639 1393 3713 paris)
1439 3640 1752 3711 repudiaui
1922 3639 2041 3696 659
2089 3641 2320 3695 inclusit
2366 3640 2736 3712 Woelfflinus
2783 3637 2938 3713 (item

650 3723 1003 3781 660-663.
1054 3724 1174 3780 665
1207 3742 1291 3797 sq.
1344 3724 1463 3781 669
1497 3740 1578 3796 sq.
1629 3724 1769 3780 676.
1835 3723 1955 3781 689
2014 3723 2121 3797 sq.)
2181 3724 2341 3780 Duos
2392 3740 2505 3795 per
2559 3742 2771 3781 uersus
2813 3723 2939 3781 con-

650 3806 894 3864 tubernia
926 3807 1033 3864 illic
1064 3818 1191 3863 sunt
1221 3808 1579 3880 iacriniarum‚
1627 3809 1844 3881 quando
1878 3809 2185 3865 misericors
2217 3808 2485 3882 Conspicit
2529 3810 2778 3865 miserum
2812 3812 2937 3866 olim

649 3893 932 3950 distribui.
1022 3894 1395 3950 Numer-osius
1434 3896 1554 3949 teni
1597 3897 1907 3951 mutatione
1938 3897 2022 3950 sie
2061 3892 2417 3950 contubernia
2462 3888 2597 3949 'mie
2625 3904 2755 3949 sunt
2785 3894 2938 3950 lacri-

652 3994 885 4048 marum,
933 3979 1147 4051 quando
1194 3979 1496 4033 misericors
1544 3980 1797 4034 miserum
1857 3980 2046 4052 aspicit
2087 3987 2376 4049 poteram,
2438 3981 2531 4035 uel
2586 3982 2698 4035 'uno
2752 3987 2938 4051 septe-

650 4066 819 4119 nario
874 4060 1287 4118 contubernales
1346 4063 1595 4119 lacrimae
1638 4072 1798 4135 sunt,
1855 4081 1974 4118 cum
2024 4060 2135 4137 (uel
2183 4061 2290 4136 ubi)
2339 4063 2642 4127 misericors
2689 4064 2938 4119 miserum

650 4148 842 4221 aspicit
887 4150 1253 4205 concludere.
1301 4146 1712 4203 contubernium
1746 4147 2077 4203 lacrimarum
2113 4148 2314 4203 faciunt
2360 4149 2521 4203 miser
2550 4156 2605 4202 et
2637 4148 2939 4204 misericors

653 4235 745 4288 uel
777 4235 919 4289 adeo
950 4234 1112 4288 miser
1139 4232 1193 4288 et
1226 4234 1531 4288 misericors
1562 4234 1873 4288 miserumst
1902 4231 2316 4288 contubernium
2349 4236 2647 4303 temptauit
2678 4232 2938 4290 Bueche-

649 4319 813 4372 terus
