3400 5075
585 323 712 387 310
1213 322 1544 375 PVBLILu
1582 321 1747 372 SYRI
1784 321 2243 372 SENTENTIAE

586 509 640 525 -·
679 483 721 546 5
768 481 972 547 Amor
1019 480 1219 544 §.nimi
1265 478 1532 543 arbitrio
1582 479 1883 562 sumitur,
1927 500 2063 543 non
2109 479 2438 563 ponitur.*
2815 501 2883 549 24

658 634 724 650 -—
767 597 905 662 Aut
949 597 1126 660 fimat
1170 599 1285 660 aut
1329 594 1467 660 odit
1511 593 1767 677 melier,
1813 594 1975 658 nihil
2022 597 2122 658 est
2167 595 2493 659 tertium*
2819 617 2884 664 42

769 712 872 777 Ad
919 710 1171 776 tristem
1218 712 1468 794 partem
1516 711 1780 775 strenua
1827 713 1926 773 esi:
1971 707 2318 794 suspsci0.*
2857 732 2889 779 6

772 827 969 892 Αωέε
1015 828 1349 911 parentem
1361 876 1378 908 ‚
1425 825 1477 888 si
1526 826 1822 909 aequust:
1871 825 1973 888 sin
2020 825 2232 907 aliter,
2280 826 2516 889 feras*
2826 847 2891 895 18

773 940 1048 1007 Abseere
1097 944 1352 1026 oportet
1397 938 1709 1025 quidquid
1756 941 1965 1024 possis
2013 941 2341 1025 perdere*
2516 1005 2521 1010 ,
2788 962 2892 1010 120

647 1061 728 1125 10
773 1056 987 1123 Amici
1033 1056 1195 1121 uitia
1242 1053 1303 1121 εἰ
1343 1056 1543 1139 feras,
1589 1056 1789 1120 facitis
1836 1057 2013 1121 tua*
2824 1079 2888 1126 21

773 1173 1074 1237 Alienum
1122 1194 1230 1236 aes
1277 1170 1527 1236 homini
1573 1171 1858 1256 ingenuo
1906 1172 2137 1236 acerba
2184 1177 2283 1237 est
2329 1173 2668 1237 seruitus*
2829 1195 2893 1242 10

775 1289 1129 1353 Absentem
1175 1286 1400 1370 laedit,
1447 1308 1592 1350 cum
1639 1286 1816 1351 ebrio
1864 1287 1975 1371 qui
2020 1285 2303 1372 litigat*
2859 1309 2891 1356 3

631 1401 699 1417 ’“”
778 1404 1027 1468 Amans
1073 1403 1277 1467 iratus
1324 1403 1529 1467 mlilta
1557 1402 1886 1474 ,mentitur
1932 1401 2119 1465 sibi.*
2546 1465 2555 1470 ,
2829 1426 2887 1472 ιι

777 1518 1034 1583 Andrus
1083 1519 1219 1602 ipse
1267 1515 1564 1583 miseriae
1611 1539 1808 1582 causa
1853 1519 1953 1582 est
1998 1539 2166 1582 suae.
2828 1539 2895 1587 38

603 1712 1075 1765 TESTIMONIA.
1149 1712 1519 1765 EXEMPLA.

738 1802 769 1849 6
803 1799 960 1849 Vino.
998 1797 1213 1852 Bellon.
1253 1814 1404 1864 spec.
1442 1799 1583 1850 doct.
1621 1801 1672 1862 5,
1712 1800 1791 1849 10.
1831 1815 1912 1864 sp.
1952 1803 2069 1848 nat.
2117 1800 2200 1861 31,
2240 1801 2336 1849 115
2471 1801 2504 1850 8
2542 1798 2627 1849 ef.
2667 1797 2898 1848 Catonis

598 1865 911 1933 philosophi
947 1864 1081 1931 prol.
1106 1868 1171 1915 46
1209 1866 1294 1920 ed.
1322 1867 1524 1917 Hauth.
1563 1871 1872 1931 ‘parentem
1911 1866 2185 1931 patientia.
2218 1867 2421 1916 uince.’
2565 1869 2628 1917 10
2663 1867 2897 1941 virmen-

600 1936 711 1985 tius
749 1932 959 1984 Bellon.
997 1950 1078 1998 sp.
1109 1933 1160 1983 d.
1190 1936 1241 1995 5,
1266 1935 1333 1983 89
1474 1936 1532 1984 11
1567 1931 1860 1984 Menandri
1896 1934 2134 1984 Monost.
2160 1935 2258 1984 514
2296 1926 2367 1985 τὰ
2404 1925 2616 1985 δάνεια
2652 1932 2898 1992 ὃουλους

603 1994 738 2061 τούς
779 1993 1130 2065 ἐλευθέρους
1167 2004 1328 2052 ποιεῖ
1465 2004 1525 2050 12
1563 2001 1888 2052 Vincentius
1924 2000 2067 2057 Bon.
2109 2017 2188 2067 sp.
2232 2001 2280 2050 d.
2319 2003 2370 2064 4,
2410 2003 2504 2051 157

773 2189 810 2244 5
855 2188 994 2243 anmi
1046 2187 1347 2244 Nauckius
1394 2183 1705 2260 (me'tanqes
1751 2189 2272 2245 Crem-Romaim
2317 2188 2421 2245 III
2451 2208 2516 2261 p.
2565 2189 2709 2260 205)
2754 2194 2899 2246 mira

601 2277 795 2350 nescio
850 2290 966 2346 qua
1019 2275 1286 2329 doctrina
1459 2274 1617 2329 animi
1675 2271 1898 2328 arbitrio
1954 2290 2104 2329 amor
2147 2273 2423 2330 Pithoeus
2594 2275 2750 2329 animi
2808 2276 2899 2349 qui

601 2359 711 2415 arb.
763 2360 812 2415 V
979 2357 1015 2414 6
1051 2357 1152 2412 GE
1287 2357 1363 2412 nil
1411 2358 1805 2430 Woelfflinus,
1855 2374 1963 2414 nec
1994 2374 2136 2431 neyo
2169 2362 2254 2414 sic
2294 2362 2732 2430 pronuntiatum
2775 2375 2902 2416 esse

772 2443 1077 2498 testiumF
1115 2450 1323 2498 certum
1373 2443 1419 2498 V
1545 2442 1579 2498 7
1614 2460 1719 2498 om.
1754 2435 1855 2512 Pb,
1905 2444 2040 2498 mihi
2077 2459 2302 2516 quoque
2331 2450 2635 2516 suspectus
2659 2451 2904 2516 propter

601 2531 879 2585 sermonis
921 2527 1259 2599 infantiam.-
1303 2530 1614 2600 scripsitne
1658 2534 1869 2584 auctor
1912 2530 2192 2585 uersiculi
2243 2529 2485 2601 patrem?
2541 2535 2596 2585 et
2651 2532 2903 2585 numeris

603 2621 657 2670 et
701 2614 1020 2669 sententiae
1064 2612 1361 2683 satisfacit
1407 2612 1546 2668 tristi
1591 2614 1832 2686 parenti:
1888 2614 1970 2685 cf.
2018 2615 2056 2669 8
2228 2620 2483 2669 strennua
2533 2613 2651 2669 RV
2819 2622 2901 2669 est

604 2699 863 2756 Senecae
907 2698 1072 2753 editio
1118 2697 1462 2753 Basiliensis
1505 2698 1650 2753 anni
1695 2697 1879 2770 1515,
1936 2698 2274 2755 Fabricius.-
2320 2716 2425 2754 om.
2473 2695 2586 2772 ιβ,
2644 2701 2747 2755 sed
2799 2705 2898 2755 str.

604 2802 648 2839 S.
696 2781 925 2837 debetur
956 2781 1001 2837 0
1166 2782 1399 2855 suspitio
1434 2779 1526 2857 Εβ
1698 2781 1736 2837 8
1781 2788 2012 2854 aequust
2055 2787 2270 2854 scripsi
2310 2799 2546 2856 aequus»,
2591 2799 2897 2856 suprascr.

602 2887 673 2924 m.
723 2867 761 2922 2
808 2873 923 2937 est,
971 2866 1026 2921 B
1069 2882 1273 2938 aequus
1328 2874 1411 2921 est
1467 2872 1648 2924 ceteri
1817 2867 1897 2923 sin
1955 2867 2112 2923 aliter
2159 2868 2229 2938 C,
2286 2868 2602 2924 Fabricius
2656 2869 2702 2924 si
2747 2867 2903 2924 aliter

603 2953 761 3024 (alter
790 2953 872 3008 1³⁰
913 2946 989 3008 ειΙῖ
1020 2947 1081 3024 β)
1114 2954 1296 3006 ceteri
1423 2951 1458 3007 9
1506 2950 1721 3008 abicere
1750 2953 1968 3023 scripsi
1994 2952 2235 3026 aspicere
2267 2951 2474 3027 CELB,
2519 2955 2672 3028 quod
2699 2951 2904 3010 ‘oculis

603 3035 915 3094 custodire’
976 3038 1405 3105 interpretatur
1462 3037 1833 3108 Woelfflinus
1887 3035 2164 3110 despicere
2218 3037 2526 3108 Pithoeus,
2583 3040 2738 3112 quod
2777 3039 2904 3095 olim

604 3140 731 3179 cum
778 3124 909 3178 aliis
953 3134 1294 3191 receperam
1466 3120 1727 3194 quidquid
1760 3121 2058 3177 Bentleius
2089 3138 2120 3177 c
2151 3124 2277 3179 cod.
2317 3123 2475 3178 Trin.
2510 3129 2564 3178 ct
2598 3122 2903 3179 Sidneiano

605 3206 734 3281 quid
781 3204 1017 3263 01:1³⁶ss
1063 3203 1209 3277 quod
1243 3198 1428 3260 ΒΕΡὁ
1456 3202 1541 3278 νβ
1587 3221 1723 3278 quae
1755 3206 1832 3261 H.
1872 3205 2200 3283 Stephasuus
2347 3207 2522 3280 possit
2554 3207 2607 3263 R
2759 3205 2903 3280 quod

606 3293 782 3365 possis
828 3289 1125 3363 deperdere
1170 3290 1454 3345 Erasmus
1626 3289 1882 3363 quicquid
1928 3290 2069 3346 nolis
2126 3290 2351 3365 perdere
2403 3293 2577 3349 aliter
2620 3292 2906 3348 Gruterus

780 3377 858 3433 10
902 3376 990 3447 Cf.
1024 3371 1146 3430 474
1319 3391 1496 3430 mores
1528 3375 1678 3429 amici
1716 3375 1959 3431 Bothius
2085 3377 2130 3431 si
2164 3376 2209 3432 0
2234 3380 2293 3432 in
2325 3392 2564 3447 rasura,
2593 3392 2902 3449 suprascr.

607 3504 676 3541 m.
725 3485 762 3540 2
810 3484 896 3540 uel
941 3485 1044 3539 nisi
1092 3483 1163 3555 B,
1212 3485 1496 3541 Erasmus
1528 3486 1626 3540 nisi
1663 3484 1943 3541 EFPRV
1982 3464 2016 3539 1²1
2047 3482 2087 3559 β
2118 3486 2171 3541 ni
2202 3486 2476 3542 Pithoeus
2520 3484 2610 3541 ubi
2660 3486 2815 3542 Vinc.

609 3571 794 3638 faeiaS,
846 3575 906 3625 ut
952 3572 1082 3626 olim
1125 3570 1303 3639 edidi,
1349 3587 1503 3626 nunc
1547 3570 1919 3641 Woelffliuus
1962 3587 2188 3643 quoque
2231 3570 2335 3642 (cf.
2369 3570 2513 3641 671)
2557 3587 2778 3626 neeesse
2823 3579 2904 3626 est

608 3654 768 3709 facias
817 3655 870 3709 B
913 3653 1042 3709 sacis
1087 3658 1293 3721 ceteri,
1361 3655 1518 3710 Vinc.
1570 3654 1729 3709 facies
1777 3654 2020 3711 Bothius
2195 3656 2266 3710 11
2316 3654 2486 3710 aliena
2518 3653 2648 3725 (om.
2686 3653 2798 3726 aes)
2844 3655 2902 3723 C,

609 3741 893 3794 Erasmus
1022 3755 1111 3792 aes
1156 3735 1267 3813 Ρβ,
1312 3739 1588 3795 Pithoeus
1632 3755 1689 3793 es
1735 3755 1891 3795 corr.
1939 3754 2018 3794 ex
2062 3746 2145 3794 est
2195 3740 2278 3811 B,
2325 3750 2432 3797 om.
2482 3736 2702 3796 CFRV
2821 3747 2907 3794 est

607 3839 723 3880 sec.
773 3841 840 3878 m.
889 3839 1195 3895 suprascr.
1245 3823 1299 3877 B
1553 3821 1741 3878 acerba
1785 3830 1870 3878 est
1915 3825 2090 3878 omnis
2137 3823 2337 3878 homini
2383 3824 2622 3896 ingenuo
2667 3826 2904 3880 seruitus

607 3909 919 3964 Fabricius
998 3967 1004 3973 ‚
1050 3908 1126 3962 12
1162 3906 1264 3962 CE
1373 3901 1679 3982 absentem]
1712 3908 2088 3981 semetipsum
2122 3911 2245 3964 cod.
2284 3909 2544 3982 Reyinae
2579 3908 2700 3965 170
2748 3909 2906 3964 Vati-

608 4009 795 4049 canus
836 4008 996 4049 saec.
1039 3994 1104 4048 X
1141 3981 1314 4063 (Bi'bt.
1361 3994 1430 4047 de
1470 3993 1672 4048 l’e'cole
1717 3994 1818 4048 des
1862 3993 2096 4049 chortes
2135 3992 2207 4049 II
2251 3992 2386 4048 117.
2432 3993 2501 4048 P.
2552 3993 2691 4067 Syri
2737 3996 2904 4063 mimi,

609 4095 739 4135 cum
770 4085 884 4134 not.
922 4078 1067 4133 Ern.
1101 4077 1437 4150 Smedber9‚
1470 4079 1657 4134 denuo
1689 4079 1777 4133 ed.
1814 4078 1940 4132 Em.
1980 4078 2145 4149 Tafet
2181 4076 2339 4134 1841
2384 4094 2445 4148 p.
2478 4075 2612 4149 52)=
2658 4080 2909 4134 numeris

609 4163 662 4217 a!
711 4169 883 4218 semet
928 4165 1071 4218 satis
1109 4163 1343 4234 faceret
1516 4162 1688 4218 caedit
1734 4162 2106 4234 Woelfflinus
2148 4163 2355 4219 Philol.
2392 4161 2583 4219 XXII
2604 4160 2727 4219 462

610 4248 701 4319 qui
745 4264 864 4301 cum
912 4245 1060 4302 ebrio
1125 4248 1633 4318 Vinc.‚.Erasmus
1849 4247 1927 4303 13
1975 4246 2065 4318 Cf.
2109 4244 2229 4303 247
2451 4246 2527 4301 14
2584 4247 2698 4321 ipsa
2755 4248 2909 4303 uidc-

613 4337 710 4386 tur
742 4348 842 4403 pr.
890 4348 961 4387 m.
1009 4335 1287 4402 scriptum
1325 4332 1514 4403 fuisse
1556 4336 1614 4388 in
1661 4332 1719 4388 B
1888 4331 2002 4404 ipse
2048 4338 2132 4386 est
2184 4331 2395 4387 miserie
2440 4346 2541 4410 sup
2583 4346 2740 4386 causa
2783 4327 2823 4404 β
