3400 5075
1310 237 1842 293 COROLLARIVM
2543 240 2723 293 LXIII

423 425 504 467 ex
557 400 966 467 nominativo
1022 400 1357 483 genetivus
1423 402 1631 465 factus
1689 403 1791 465 sit.
1883 402 1952 464 in
2014 401 2283 464 eandem
2347 405 2539 484 atque
2601 422 2723 486 ego

423 509 866 575 coniecturam
914 506 1114 570 etiam
1163 504 1714 571 CFWMuellerus
1761 507 2016 590 prosod.
2065 508 2190 571 347
2242 507 2487 571 incidit.

612 615 733 678 131
786 635 876 696 sq.
932 610 1204 676 Creticis
1252 633 1411 696 quos
1457 635 1664 695 nuper
1724 613 1943 677 extitit
1986 614 2099 697 qui
2146 614 2486 678 metiretur
2540 614 2721 679 {cissi-

424 721 577 787 tudo'
617 719 985 797 conservo'm,
1039 719 1317 782 νεᾱίυἰαό
1349 720 1538 801 flayri
1589 719 1784 804 longe
1842 720 2137 803 praefero
2183 719 2566 783 Buecheleri
2626 742 2718 784 se-

421 828 703 893 narium.

612 934 736 997 134
779 928 1099 1019 [Mutilam
1160 932 1243 995 ab
1290 932 1480 997 initio
1530 933 1935 1016 sententiam,
1981 956 2177 1017 quam
2232 934 2451 1018 statui,
2508 934 2718 1017 possis

426 1039 728 1124 supplere
782 1038 1139 1122 praemisso
1187 1038 1535 1121 superioris
1585 1060 1804 1104 versus
1863 1040 2038 1103 exitu
2092 1041 2397 1103 rat-ionem
2444 1039 2718 1124 liberum,

426 1146 482 1211 si
536 1149 726 1228 pater
778 1143 1064 1207 familias
1124 1143 1455 1228 loquatur,
1502 1145 1556 1208 si
1601 1146 1801 1229 filius,
1846 1145 1971 1211 hoc
2016 1145 2179 1211 fere:
2221 1152 2561 1229 parentum
2612 1168 2718 1210 ra-

426 1255 652 1317 tionem
695 1272 898 1315 meum
2611 1250 2614 1261 ”

612 1357 737 1420 144
781 1358 1003 1438 adquei
1048 1357 1185 1421 sine
1232 1357 1366 1420 ulla
1411 1380 1606 1423 causa
1648 1380 1857 1443 nuper
1898 1361 2326 1443 propositum.

611 1464 736 1527 146
780 1463 938 1543 foris
981 1462 1191 1546 Bern.,
1236 1486 1368 1527 non
1413 1464 1589 1549 Bas.—

610 1571 732 1633 147
782 1592 874 1653 sq.
920 1572 1130 1651 iar-qia
1175 1590 1250 1633 ex
1294 1572 1446 1635 meis
1489 1571 1741 1635 aedibus
1785 1571 2188 1637 Passeratius
2553 1652 2556 1655 Ι

609 1678 733 1740 149
780 1675 920 1741 Nec
967 1676 1049 1739 ad
1093 1675 1314 1740 laudes
1362 1681 1578 1741 tantas
1623 1700 1745 1742 nec
1792 1678 1873 1741 ad
1906 1678 2271 1760 perhibendi
2316 1681 2613 1763 verbum,
2662 1682 2716 1746 si

425 1783 685 1866 quidem
741 1786 915 1845 recte
971 1782 1307 1847 inventum
1364 1788 1486 1866 est,
1539 1784 1793 1868 primae
1848 1808 2164 1869 personae
2219 1808 2580 1870 pronomen
2623 1780 2719 1850 me

425 1889 584 1953 satis
631 1888 934 1973 quadrat:
989 1889 1191 1955 immo
1239 1890 1341 1952 vel
1395 1890 1812 1975 paedagogus
1867 1893 1973 1956 vel
2027 1896 2216 1976 pater
2271 1893 2717 1977 adulescentie,

425 2018 616 2079 quem
672 1995 918 2077 optime
976 1996 1316 2059 educatum
1372 2017 1507 2058 esse
1562 1999 1932 2081 putaverat,
1991 1999 2258 2063 levitate
2306 2021 2382 2062 ac
2426 2000 2717 2083 nequitia

424 2101 822 2184 stupefactus
895 2101 1198 2184 loquitur.
1288 2103 1505 2166 consili
1564 2104 1822 2183 plenum
1883 2105 2068 2185 probi
2118 2104 2528 2190 Duebnerus,
2584 2128 2714 2170 non

421 2209 611 2272 male.

608 2314 732 2379 150
777 2313 967 2377 habui
992 2319 1145 2379 recte
1172 2335 1266 2379 me
1293 2315 1445 2399 quid
1493 2317 1580 2379 sit
1626 2316 2029 2401 intellegitur
2075 2317 2397 2381 similibus
2425 2318 2713 2383 Terentii

425 2443 565 2485 eun.
597 2422 743 2486 634
791 2420 1014 2487 ‘redeo
1059 2444 1315 2486 rursum
1372 2423 1531 2487 male
1585 2444 1740 2486 vero
1797 2443 1893 2485 me
1935 2422 2191 2487 habens'
2241 2423 2350 2509 (cf.
2397 2424 2533 2489 hec.
2583 2426 2712 2490 606

424 2526 618 2593 ‘haec
672 2551 773 2592 res
826 2551 959 2593 non
1013 2529 1227 2593 minus
1285 2553 1386 2594 me
1449 2529 1617 2593 male
1673 2528 1876 2594 habet
1928 2553 2124 2614 quam
2177 2528 2274 2595 te'
2321 2530 2520 2596 Andr.
2565 2532 2713 2597 436.

422 2632 582 2719 940)
630 2639 696 2698 et
742 2634 994 2718 adelph.
1022 2637 1111 2699 45
1159 2635 1444 2721 ‘semper
1486 2657 1677 2717 parce
1722 2657 1796 2698 ac
1839 2638 2073 2700 duriter
2119 2637 2199 2701 Se
2249 2637 2506 2702 habere'.
2598 2636 2711 2701 Nil

423 2741 561 2825 egit
606 2741 717 2825 qui
763 2763 970 2825 nuper
1002 2744 1133 2806 tria
1180 2745 1349 2806 inter
1394 2744 1552 2808 duos
1601 2765 1820 2807 versus
1859 2743 2054 2806 variis
2093 2745 2300 2809 modis
2347 2745 2709 2829 dispescere

422 2848 623 2911 verba
668 2848 930 2913 studuit.

608 2955 733 3019 153
778 2956 1123 3020 immolabit
1168 2954 1511 3041 Scioppius

606 3063 728 3126 157
803 3062 1034 3126 ecastor
1097 3084 1243 3126 cum
1302 3063 1438 3127 ictu
1501 3064 1571 3127 in
1635 3063 1850 3147 prima
1913 3064 2170 3147 syllaba
2233 3069 2306 3129 ut
2367 3066 2436 3130 in
2493 3065 2716 3131 Plauti

420 3168 663 3252 Amph.
709 3169 835 3232 537
886 3167 1067 3232 Asin.
1120 3168 1243 3232 188
1291 3169 1476 3233 Truc.
1522 3169 1587 3233 11
1634 3172 1704 3253 2,
1752 3171 1854 3235 60.
1947 3171 2304 3254 spondeum
2365 3172 2434 3235 in
2480 3175 2711 3254 quarto

420 3275 583 3359 pede
645 3277 794 3338 ante
850 3296 1182 3338 caesuram
1237 3276 1547 3358 exemplis
1619 3277 1757 3360 ipse
1822 3278 2110 3340 firmavit
2165 3274 2710 3340 CFWMuellerus

418 3381 676 3466 prosod.
724 3381 853 3444 612
901 3402 1035 3463 sqq.

599 3487 681 3551 In
724 3486 977 3571 glossis,
1022 3509 1178 3570 quas
1228 3489 1308 3551 ad
1356 3510 1410 3552 V.
1446 3490 1569 3553 166
1616 3489 1993 3571 memoravi,
2022 3487 2207 3571 ‘opus
2240 3485 2598 3567 pistorium'
2647 3491 2712 3550 et

420 3594 641 3679 ‘opere
675 3590 964 3676 pistorio’
1013 3593 1465 3678 corrigendum
1511 3599 1626 3660 est.

604 3702 728 3765 173
759 3723 849 3784 sq.
894 3697 1047 3764 Non
1082 3699 1498 3784 inprobabili,
1535 3723 1932 3786 quamquam
1975 3724 2108 3766 non
2151 3700 2517 3764 necessaria
2561 3699 2709 3766 co'n-

416 3810 671 3872 iectura
711 3827 920 3890 nuper
964 3806 1057 3870 sic
1101 3807 1327 3871 reficta
1373 3811 1548 3872 sunt:
2101 3875 2108 3880 ,

1840 3915 2276 3998 tentipellium

783 4019 1025 4102 indm-e,
1069 4023 1147 4084 ut
1190 4041 1392 4105 rugae
1438 4022 1509 4084 in
1555 4024 1666 4086 ore
1713 4023 2121 4086 attendant&
2166 4027 2285 4084 tuo,

596 4125 700 4192 Fr.
737 4127 860 4191 inc.
888 4125 1112 4191 XVIII
1129 4125 1171 4189 '’.
1243 4126 1491 4191 Placidi
1539 4126 1759 4212 glossa
1793 4130 2062 4193 carensis
2108 4124 2287 4212 (fort.
2330 4124 2705 4212 carevwzbus)

412 4234 567 4302 vide
614 4256 698 4299 an
744 4231 1040 4298 Caesaris
1088 4233 1166 4296 de
1213 4233 1385 4298 bello
1434 4234 1554 4297 civ,
1598 4232 1698 4297 111
1743 4235 1829 4300 48
1878 4234 2090 4299 verbis
2138 4233 2547 4318 inlustretur,
2591 4233 2708 4298 ubi
