3400 5075
1301 295 1827 353 COROLLARIVM
2639 304 2710 359 CI

583 457 919 525 Nonnulla
963 480 1115 523 vero
1162 462 1300 524 tam
1349 482 1387 524 a
1431 460 1719 525 numeris
1748 483 1951 545 prope
1982 461 2237 546 absunt,
2281 467 2357 529 ut
2385 465 2707 549 suspicari

406 564 604 630 liceat
665 565 971 630 Rufinum
1034 564 1272 629 Latino
1333 566 1612 650 quodam
1673 590 1862 632 usum
1924 589 2064 633 esse
2127 566 2475 656 florilegiO,
2538 572 2707 637 unde

406 672 539 736 leni
585 672 945 736 mutatione
993 673 1073 736 ad
1135 694 1399 756 prosam
1448 675 1812 739 orationem
1859 675 2300 741 conformatos
2346 677 2703 743 versiculos

407 778 885 862 deprompserit
929 801 1088 862 quos
1139 783 1253 844 aut
1298 780 1625 845 similibus
1675 780 1856 846 Sexti
1904 782 2245 847 sententiis
2293 786 2705 868 supponeret,

407 889 536 968 aut,
564 885 675 949 ubi
711 886 1114 951 desideratur
1143 885 1460 950 Graecum
1490 888 1592 950 vel
1624 886 1966 971 Syriacum
1997 890 2344 974 exemplar,
2388 891 2705 954 insereret

407 993 565 1058 adeo
620 1014 843 1057 novos,
945 991 1134 1057 Certe
1190 992 1549 1077 periculum
1603 993 1672 1057 in
1731 1015 1999 1078 corpore
2063 995 2179 1059 vili
2226 998 2301 1059 ut
2353 996 2497 1079 fiat,
2552 1017 2701 1079 pro-

404 1122 642 1182 ponam
697 1122 942 1183 paucos
999 1123 1145 1165 mea
1200 1100 1570 1165 coniectura
1621 1102 1882 1167 refictos
1943 1102 2183 1167 additis
2247 1102 2421 1167 infra
2484 1103 2700 1168 verbis

403 1206 566 1290 ipsis
614 1206 833 1291 qualia
880 1211 1106 1272 extant
1149 1205 1418 1272 tradita:

400 1373 461 1414 n.
514 1349 595 1415 10
644 1348 716 1414 G.
806 1349 958 1414 Non
994 1346 1401 1415 minimumst
1436 1349 1506 1413 in
1547 1350 1682 1415 vita
1718 1350 1971 1416 homini
2009 1349 2285 1415 minima
2325 1349 2700 1438 spernere.¹)

511 1456 595 1523 75
642 1456 814 1533 Quot
859 1456 1062 1520 {inimi
1108 1456 1290 1540 vitia,
1337 1453 1510 1521 vitae
1557 1459 1660 1521 tot
1706 1457 2003 1523 dominos
2050 1454 2328 1543 habes‚²)

508 1563 593 1628 88
638 1562 791 1638 Non
837 1563 1008 1647 quod
1054 1562 1217 1626 velis
1267 1564 1644 1646 optandum,
1691 1565 1803 1627 sed
1850 1565 2021 1648 quod
2068 1559 2400 1647 expedit.³)

469 1656 594 1734 130
638 1669 752 1734 Nil
798 1670 920 1733 (1110
966 1669 1346 1753 pretiosum,
1393 1670 1563 1753 quod
1607 1669 1734 1733 tibi
1784 1668 2028 1734 auferri
2068 1664 2361 1754 potest.‘²)

467 1775 590 1840 153
638 1776 998 1860 Tamquaeim
1045 1797 1291 1840 veneno
1338 1776 1714 1841 utendumst
1760 1777 1884 1841 tibi
1931 1770 2343 1860 mendziciofi)

467 1883 587 1947 161
638 1882 816 1947 Tunc
863 1884 1141 1967 loquere,
1190 1904 1337 1946 cum
1384 1884 1596 1946 tacere
1643 1883 1772 1946 tibi
1815 1906 1948 1948 non
1994 1877 2331 1967 expeditfi)

465 1988 592 2053 165
637 1988 874 2053 Melius
922 1992 1022 2053 est
1066 1973 1364 2053 verticem
1410 1988 1584 2053 vinci
1630 1992 1825 2073 quem
1872 1990 2247 2055 mendacem
2295 1984 2627 2075 vincere.⁷)

458 2095 589 2169 202
633 2095 749 2160 Nil
796 2100 866 2159 tu
914 2096 1159 2160 malum
1206 2096 1438 2178 puteito
1485 2095 1656 2179 quod
1700 2118 1833 2160 non
1878 2099 2069 2179 turpe
2118 2092 2279 2179 siff)

457 2200 582 2265 211
632 2193 822 2265 'Aliis
872 2202 927 2265 si
974 2202 1117 2286 quis
1165 2202 1373 2265 utitur
1417 2201 1607 2286 male,
1652 2202 1862 2266 tititur
1909 2224 1977 2266 se
2025 2202 2169 2285 ipso
2216 2200 2461 2286 male.⁹)

455 2306 585 2371 226
633 2306 762 2383 Qui
801 2330 934 2372 non
978 2305 1195 2392 diligit
1241 2306 1621 2392 sapientem,
1666 2310 1785 2373 nec
1834 2331 1973 2372 sese
2021 2308 2238 2392 ipsum
2284 2303 2602 2393 diligitw)

458 2413 584 2477 237
633 2413 866 2477 Mulier
912 2414 1148 2497 pudica
1196 2410 1304 2477 sus
1343 2415 1565 2478 mariti
1613 2414 1829 2499 gloria
1877 2411 2075 2499 esen)

456 2520 587 2585 240
635 2518 818 2585 Sicut
865 2543 1120 2586 coerces
1168 2521 1477 2606 ventrem,
1525 2520 1848 2587 Venerem
1896 2515 2253 2605 06ntine.¹²)

455 2628 586 2693 270
631 2627 848 2692 Homo
895 2626 971 2710 10,
1017 2649 1208 2711 quem
1254 2630 1480 2691 venter
1526 2627 1748 2712 vincit,
1796 2626 2031 2691 similis
2077 2623 2471 2713 beluaest.¹³)

455 2734 585 2798 275
630 2733 783 2799 Non
829 2735 1088 2818 szipiens
1135 2735 1452 2799 factumst
1493 2733 1564 2799 sn
1610 2759 1737 2820 quo
1782 2734 2056 2799 libertzis
2101 2729 2374 2819 perit.¹⁴)

538 2981 576 3050 ¹)
616 2998 731 3036 non
767 2981 854 3036 est
889 2978 1182 3034 minimum
1218 2979 1278 3035 in
1312 2979 1434 3036 uita
1469 2981 1525 3035 h.
1561 2981 1864 3050 neglegere
1901 2977 2135 3034 minima
2168 2978 2226 3034 R
2276 2974 2345 3034 οὖ
2383 2976 2584 3052 μικρὸν
2622 2976 2687 3037 ἐν

389 3070 491 3141 βίῳ
528 3066 591 3123 τὸ
628 3065 781 3138 παρὰ
820 3066 1021 3140 μικρόν
1055 3069 1235 3124 Bois-s.
1275 3070 1300 3123 I
1339 3075 1437 3123 131
1607 3069 1649 3138 ²)
1689 3069 1900 3137 quanta
1934 3068 2077 3123 uitia
2120 3068 2295 3124 habet
2340 3068 2551 3139 anima,
2595 3071 2687 3126 tot

389 3159 447 3213 et
510 3157 763 3213 dominos
826 3157 883 3211 R
936 3152 1044 3212 ὅσα
1106 3152 1271 3227 πάθη
1333 3158 1545 3228 ψυχῆς,
1611 3158 1869 3212 τοσοῦτοι
1933 3153 2202 3212 δεσπόται
2246 3157 2425 3212 Boiss.
2490 3159 2515 3211 I
2582 3165 2682 3214 131

391 3247 433 3316 ³)
473 3251 609 3317 opta
642 3246 749 3301 tibi
786 3245 1008 3303 euenire
1045 3263 1158 3299 11011
1195 3246 1345 3314 quod
1380 3245 1484 3313 1110,
1523 3246 1620 3300 sed
1656 3246 1808 3314 quod.
1844 3245 2072 3317 expedit
2101 3246 2158 3300 R
2195 3240 2366 3314 εὔχου
2404 3263 2491 3299 σοι
2529 3241 2683 3314 γενέ-

388 3339 528 3389 σθαι
567 3332 642 3406 μὴ
680 3329 721 3389 ἅ
758 3331 965 3405 βούλει,
1002 3329 1125 3388 ἀλλ’
1165 3329 1202 3389 ἃ
1241 3332 1516 3406 συμφέρει
1552 3334 1731 3390 Boias,
1769 3336 1794 3388 I
1835 3341 1936 3388 122
2110 3333 2153 3402 ⁴)
2191 3333 2335 3387 nihil
2371 3333 2682 3403 pretiosum

387 3424 557 3478 ducas
609 3425 759 3492 quod
794 3426 983 3494 potest
1018 3441 1053 3478 a
1087 3426 1144 3479 te
1184 3424 1401 3479 auferre
1438 3425 1608 3480 homo
1645 3423 1827 3478 malus
1865 3423 1921 3476 R
2130 3422 2172 3490 δ)
2210 3420 2502 3477 mendacio
2538 3423 2682 3477 tam-

386 3530 553 3582 quam
589 3530 805 3567 ueneno
834 3515 990 3567 utere
1011 3513 1066 3566 R
1102 3514 1177 3583 τῷ
1214 3508 1421 3580 ψεύδει
1450 3508 1524 3575 ὦς
1554 3506 1838 3582 φαρμάκῳ
1867 3511 1977 3579 χρῶ
2007 3509 2167 3564 Boiss
2197 3510 2222 3564 1
2253 3516 2381 3565 129:
2421 3509 2489 3564 cf.
2518 3511 2679 3568 Publ.

387 3602 504 3671 Syr.
545 3607 648 3657 636
759 3602 802 3672 ⁶)
839 3603 975 3655 tunc
1011 3602 1256 3669 loquere,
1295 3601 1516 3670 quando
1544 3602 1732 3655 tacere
1760 3617 1875 3654 non
1903 3598 2128 3668 expedit
2153 3598 2234 3653 R:
2265 3598 2334 3654 cf.
2361 3598 2502 3652 Eun.
2533 3601 2678 3670 trag.

388 3697 486 3744 132
526 3708 608 3759 sq.
733 3690 772 3759 ⁷)
811 3688 1011 3743 melius
1047 3688 1200 3743 uinci
1244 3706 1380 3745 uera
1424 3689 1703 3745 dicentem
1747 3706 1916 3758 quam
1960 3686 2185 3742 uincere
2220 3685 2586 3741 mentientem
2623 3688 2680 3744 R

387 3778 428 3847 ⁸)
466 3777 610 3832 nihil
645 3780 809 3847 putes
846 3777 1057 3833 malum
1104 3778 1253 3848 quod
1286 3796 1402 3833 non
1439 3778 1512 3833 sit
1548 3780 1606 3832 et
1631 3779 1795 3848 turpe
1824 3776 1903 3831 R:
1934 3776 2003 3830 cf.
2040 3776 2201 3830 Publ.
2233 3775 2350 3845 Syr.
2382 3781 2483 3831 423
2630 3776 2674 3847 ⁹)

384 3866 480 3935 qui
522 3865 843 3922 hominibus
879 3867 1026 3921 male
1063 3865 1256 3935 utitur,
1296 3883 1354 3923 se
1390 3865 1513 3938 ipso
1541 3866 1689 3921 male
1716 3865 1894 3920 utitur
1920 3863 1976 3919 R
2125 3864 2189 3934 ¹⁰)
2222 3864 2367 3935 sese]
2400 3881 2458 3918 se
2487 3864 2543 3919 R
2614 3866 2677 3920 in

382 3955 490 4021 fine
534 3953 720 4023 diligit
755 3955 914 4009 habet
952 3955 1212 4011 Uantabr.
1261 3955 1327 4022 U,
1363 3970 1463 4010 om.
1503 3955 1661 4010 ceteri
1828 3954 1893 4024 ¹¹)
1930 3972 2005 4010 m.
2042 3973 2097 4024 p.
2135 3952 2318 4024 gloria
2351 3952 2462 4008 uiri
2498 3955 2585 4008 est
2619 3953 2675 4009 R

390 4041 455 4112 ¹²)
493 4046 661 4112 prout
705 4043 1044 4099 continueris
1089 4046 1368 4111 uentrem,
1411 4042 1496 4097 ita
1541 4043 1599 4098 et
1633 4042 1889 4099 uenerios
1942 4043 2129 4098 motus
2175 4042 2231 4097 R
2271 4037 2369 4110 ἐφ’
2420 4037 2555 4097 ὅσον
2599 4036 2674 4098 ἄν

383 4126 618 4198 γαστρὸς
654 4126 842 4202 ἄρξῃς,
879 4131 978 4187 καὶ
1015 4127 1364 4201 ἀφροδισίων
1401 4127 1592 4201 ἄρξεις
1626 4130 1805 4187 Boiss,
1842 4133 1867 4185 I
1909 4137 2025 4186 131.
2172 4129 2259 4198 -¹⁸)
2298 4130 2466 4184 homo
2506 4131 2602 4200 qui
2637 4148 2673 4188 a

384 4220 576 4274 uentre
630 4219 874 4275 uincitur
927 4220 1125 4276 similis
1171 4222 1259 4276 est
1307 4221 1507 4276 beluae
1552 4219 1609 4275 R
1644 4215 1952 4289 ἄνθρωπος
1988 4214 2223 4289 γαστρὸς
2258 4211 2442 4287 ἥσσων
2479 4211 2672 4288 ὅμοιος

382 4308 565 4380 θηρίῳ
602 4307 780 4363 Boiss,
832 4310 857 4363 I
913 4316 1012 4365 132
1235 4310 1299 4379 ¹⁴)
1351 4325 1465 4364 non
1515 4310 1602 4364 est
1651 4307 1873 4379 sapiens
1918 4307 1957 4364 f.
2003 4308 2063 4363 in
2108 4324 2218 4378 quo
2253 4307 2293 4363 1.
2330 4305 2579 4365 aufertur
2612 4307 2670 4367 R
