3400 5075
1372 290 1900 369 coaonpmnm
2602 292 2781 348 xxm

482 454 713 517 doctos
768 455 1179 535 notaveram,
1235 475 1425 536 quem
1482 454 1593 516 ille
1650 454 1874 517 multis
1924 454 2139 517 verbis
2188 454 2315 517 sibi
2372 456 2782 521 refutandum

483 583 627 624 esse
676 561 948 643 putavit.
1039 559 1118 623 In
1164 581 1353 623 versu
1400 561 1438 623 8
1489 561 1621 624 iam
1669 559 2055 645 Spengelius
2104 584 2162 644 p.
2211 563 2292 624 41
2347 561 2785 626 vindicaverat

485 668 658 752 quod
705 688 1006 750 spernere
1050 688 1182 729 non
1228 666 1542 729 debebam
1587 667 1786 730 τοῦτο
1836 661 1919 749 δὴ
1966 661 2041 730 τὸ
2090 662 2487 750 λεγόμενον,
2546 668 2781 751 quibus

484 774 817 856 sequentis
854 794 1080 836 versus
1118 772 1439 855 principio
1478 771 1809 853 Hauptius
1849 773 2030 835 ἔστιν
2069 773 2333 836 addidit.
2390 773 2668 838 Versum
2703 778 2776 839 11

486 880 645 943 olim
719 880 1121 943 conieceram
1196 878 1288 941 sic
1369 878 1799 961 supplendum
1864 900 2002 941 esse
2078 876 2420 944 ἑκκαιδέκα
2494 877 2781 946 τάλαντα

490 982 991 1067 [ταλάντατον].
1080 984 1539 1048 Extremorum
1595 1006 1896 1047 versuum
1963 988 2352 1050 sententiam
2421 988 2586 1052 hanc
2645 990 2781 1053 fere

486 1114 602 1174 per
648 1092 1178 1175 corruptissimae
1220 1091 1569 1154 memoriae
1604 1090 1910 1154 nebulam
1959 1091 2274 1174 dispicere
2323 1095 2482 1158 mihi
2535 1096 2780 1160 videor:

806 1192 1281 1281 παιδισκάριον
1327 1192 1813 1281 θεραπευτικὸν
1860 1193 1933 1260 δὲ
1979 1198 2120 1262 τοῦ
2166 1194 2416 1282 δόμου

806 1307 1062 1369 θᾶττον
1108 1297 1355 1386 ἀπάγοι
1399 1327 1500 1379 τις
1543 1297 1584 1387 ἢ
1636 1297 1860 1388 ’τέραν
1907 1295 1992 1366 ἂν
2039 1299 2313 1387 εἰσάγω.

487 1413 582 1475 sic
646 1412 818 1475 enim
882 1411 1186 1474 ultimum
1244 1411 1526 1475 correxit
1581 1410 1900 1474 Henricus
1960 1409 2185 1475 Iacobi
2246 1433 2425 1475 meus
2483 1413 2593 1496 pia
2649 1437 2776 1478 1116-

486 1520 697 1582 moria
754 1519 1085 1601 colenduS‚
1151 1517 1448 1600 quamvis
1514 1518 1831 1581 librorum
1896 1515 2153 1580 indiciis
2213 1539 2293 1580 ne
2361 1520 2454 1583 sic
2517 1521 2774 1603 quidem

484 1625 665 1689 omni
714 1647 802 1689 ex·
836 1629 1023 1708 parte
1072 1624 1483 1688 satisfactum
1532 1624 1633 1687 sit.
1674 1622 1958 1705 ‚accedit
2003 1622 2173 1705 quod
2221 1624 2531 1688 excidisse
2584 1650 2775 1709 quae-

484 1732 635 1795 dam
679 1736 834 1814 ‘post
876 1753 934 1794 v,
990 1731 1069 1794 14
1117 1730 1437 1814 suspicor:
1482 1752 1636 1793 nam
1683 1729 1870 1792 hiant
1917 1729 2293 1793 sententiae.

666 1836 969 1901 Ceterum
1026 1837 1245 1901 varias
1308 1835 1538 1901 Graeci
1598 1839 1814 1899 textus
1880 1836 2234 1919 scripturas
2295 1858 2372 1899 ex
2437 1837 2776 1919 proecdosi

484 1948 775 2028 repetere
815 1945 896 2007 ab
934 1943 1126 2007 huius
1164 1943 1317 2027 librj
1356 1942 1646 2026 consilio,
1692 1965 1820 2025 quo
1858 1965 1990 2008 non
2027 1942 2364 2007 Menandri
2410 1943 2777 2027 fragmenta

484 2052 669 2115 edere
718 2052 1006 2114 animum
1051 2050 1436 2132 induxerim,
1482 2049 1765 2114 alienum
1812 2050 2054 2132 putavi.

661 2158 809 2244 158.
848 2155 930 2220 Ei
961 2157 1068 2240 qui
1098 2157 1617 2242 interrogaverat
1654 2154 1789 2218 ‘sed
1819 2159 1934 2219 tiia
1964 2179 2307 2221 morosane
2338 2140 2500 2221 uxor
2528 2166 2771 2241 quaeso

481 2261 661 2327 estP’
720 2264 884 2326 alter
937 2262 1318 2326 brevissime
1382 2264 1771 2347 respondere
1835 2263 2115 2327 fortasse
2179 2264 2398 2347 potuit
2452 2263 2775 2349 fquaml’,

480 2370 621 2434 scil.
670 2369 768 2433 ‘et
813 2392 1004 2453 quam
1052 2392 1313 2433 morosa
1358 2368 1676 2453 quideml’
1726 2370 1836 2433 sed
1884 2373 2023 2433 tum
2069 2392 2186 2433 nec
2233 2371 2372 2452 ipse
2421 2371 2774 2435 addidisset

481 2476 815 2561 ‘rogas?',
870 2477 1038 2560 quod
1086 2477 1180 2541 sic
1226 2477 1393 2541 nude
1439 2476 1768 2560 interponi
1817 2474 2010 2561 solet,
2054 2497 2173 2539 nec
2220 2475 2494 2541 alterum
2545 2500 2771 2542 conve-

479 2578 710 2648 niebat
753 2605 1057 2667 quaerere
1106 2583 1244 2668 ‘qui
1291 2581 1629 2647 tandemP’

668 2690 790 2754 163
827 2691 1086 2771 procilio
1134 2691 1275 2755 Par.
1321 2690 1374 2753 P
1419 2690 1610 2753 Bern.
1657 2685 1816 2772 (non
1861 2689 2090 2776 Basil.)

658 2795 735 2859 In
780 2795 1190 2861 Menandreis
1239 2795 1345 2883 (fr.
1391 2793 1534 2881 IV),
1580 2818 1745 2879 quae
1794 2797 1872 2860 ad
1919 2798 1996 2860 fr.
2045 2797 2204 2860 VIII
2252 2797 2586 2883 adscripsi,
2633 2822 2689 2863 v.
2728 2799 2770 2863 5

477 2900 878 2986 ἐπαμφιέσαι
925 2902 1234 2967 Meinekii
1276 2903 1648 2984 *emendatio
1695 2903 2052 2968 novissima
2098 2905 2467 2988 recipienda
2515 2908 2671 2969 erat.

665 3010 785 3074 167
842 3009 1043 3074 Νο1111
1100 3033 1160 3093 p.
1213 3010 1338 3074 155
1392 3011 1549 3074 istuc
1604 3005 1941 3092 expunctis
1987 3012 2068 3089 is,
2125 3034 2440 3094 suprascr.
2495 3034 2540 3077 n
2586 3012 2769 3077 Harl.

473 3137 646 3180 mene
690 3116 833 3180 Par.
879 3115 932 3180 O

663 3223 785 3287 178
848 3224 972 3288 ista
1035 3225 1297 3304 eeaufest
1356 3224 1499 3288 Par.
1547 3225 1624 3306 P,
1689 3247 1817 3307 qua
1882 3226 2202 3309 scriptura
2265 3225 2463 3288 etiam
2528 3225 2767 3288 clarius

474 3351 671 3413 quam
720 3330 950 3393 ceteris
996 3331 1321 3395 indicatur
1364 3333 1437 3395 si.

662 3437 779 3501 181
829 3437 1162 3520 hospitium
1209 3439 1405 3502 etiam
1452 3437 1633 3501 Harl.
1680 3438 1827 3502 Par.
1872 3438 1924 3501 P

663 3543 786 3605 190
840 3565 1030 3625 neq-ue
1073 3544 1285 3625 florem
1338 3566 1527 3626 neque
1569 3545 1778 3627 flocces
1838 3544 1938 3608 vel
1996 3543 2482 3607 adlitteratione
2539 3549 2766 3608 contra

472 3669 733 3713 omnem
800 3651 1097 3714 mutandi
1161 3651 1498 3714 libidinem
1563 3652 1946 3715 defenditur.
2031 3650 2188 3713 satis
2256 3654 2471 3714 autem
2538 3655 2766 3732 aperta

471 3756 798 3819 sententia
845 3761 969 3820 est:
1017 3757 1152 3821 scil.
1199 3757 1421 3821 vinum
1468 3758 1738 3841 ipsum,'
1767 3757 2083 3841 liquidum
2131 3761 2197 3820 et
2250 3778 2484 3840 purum
2542 3756 2764 3820 bibere

472 3862 643 3945 v010,
687 3885 805 3927 nec
851 3864 1077 3928 florem
1125 3865 1393 3929 odorare
1439 3886 1558 3928 nec
1605 3865 1895 3928 faecibus
1943 3865 2285 3947 inquinari.

660 3969 780 4033 197
831 3991 895 4034 se
938 3992 1075 4034 eum
1119 3971 1319 4037 Nonii
1366 3971 1513 4036 Par.
1559 3970 1613 4034 P

578 4111 593 4121 ·
652 4075 753 4138 Ad
801 4099 857 4140 v.
906 4077 1036 4141 215
1082 4079 1344 4142 laudare
1391 4081 1687 4161 poteram
1734 4076 2020 4141 Terentii
2065 4076 2325 4141 Phorm.
2356 4078 2484 4141 686
2533 4075 2764 4158 ‘opera

465 4187 588 4246 tua
633 4182 740 4246 Ad
781 4185 993 4248 restim
1037 4206 1134 4251 res
1176 4187 1336 4250 redit
1381 4184 1544 4247 mihi
1592 4183 1850 4268 quidem
1898 4181 2336 4268 planissume.'

651 4290 797 4353 217.
843 4290 1141 4355 Notabili
1189 4291 1486 4373 exemplo
1518 4291 1802 4355 Urbinas
1833 4292 1959 4355 307
2008 4292 2078 4354 in
2104 4294 2349 4354 rectam
2379 4287 2760 4352 emendandi
2799 4291 2810 4298 “
