3400 5075
1308 321 1834 378 COROLLARIVM
2641 326 2718 379 XI

911 487 1017 549 sin
1059 487 1219 549 alter
1262 487 1448 550 alteri
1476 489 1694 571 potius
1740 493 1828 551 est
1873 488 2032 551 idem
2065 489 2233 567 perit

396 634 611 700 quem
660 633 778 676 nec
828 635 868 674 a
911 610 1270 674 novissimo
1321 611 1594 693 editore,
1641 612 1754 695 qui
1802 612 2078 674 obscura
2125 615 2191 687 et
2236 633 2466 693 parum
2514 613 2718 675 latina

398 719 771 801 proposuit
818 714 1006 782 haec:

893 827 997 889 sin
1041 824 1198 888 <ieter
1241 824 1394 887 altri
1426 825 1640 905 potior
1685 828 1790 906 est,
1837 826 2050 889 itidem
2085 826 2268 906 zmrit.

396 975 537 1016 nec·
589 974 629 1014 a
674 951 1072 1014 Buechelero
1128 948 1498 1032 nuperrime
1545 949 1613 1012 in
1672 949 1909 1012 annall.
1957 950 2208 1033 philoll.
2265 951 2431 1014 1872
2481 974 2539 1033 p.
2589 952 2717 1015 569

400 1059 557 1122 his:
602 1059 705 1122 sin
751 1058 907 1121 alter
947 1057 1097 1120 altri
1129 1056 1484 1137 propitiast,
1513 1058 1674 1119 idem
1690 1057 1861 1136 perit
1904 1060 2075 1120 recte
2116 1058 2528 1131 emendatum
2575 1081 2717 1121 esse

408 1165 635 1229 credo.
720 1163 881 1227 mihi
930 1162 1188 1246 quidem
1236 1161 1443 1225 multa
1490 1161 1557 1224 in
1604 1165 1744 1225 toto
1793 1161 1914 1225 hoc
1965 1185 2260 1225 sermone
2311 1164 2617 1247 languida
2655 1169 2720 1227 et

405 1293 733 1355 perversa
798 1292 940 1333 esse
1005 1268 1321 1331 videntur.
1413 1288 1566 1330 nam
1630 1273 1978 1352 postquam
2037 1291 2092 1332 v.
2141 1271 2224 1332 24
2287 1270 2563 1353 legimus
2623 1275 2723 1336 ‘et

408 1381 595 1460 ipsus
658 1377 854 1461 periit
909 1378 974 1439 et
1030 1396 1127 1439 res
1181 1378 1248 1437 et
1303 1375 1485 1455 fides’
1542 1372 1649 1458 (cf.
1698 1376 1831 1458 38),
1892 1398 2046 1439 sane
2107 1378 2430 1459 quomodo
2494 1401 2594 1440 res
2658 1382 2722 1440 et

406 1485 683 1547 animus
739 1482 1054 1547 amatoris
1102 1484 1326 1563 percat
1382 1481 1552 1543 infra
1596 1485 1927 1564 narratur,
1975 1483 2121 1545 fidei
2167 1485 2494 1567 pereuntis
2552 1485 2720 1548 ratio

404 1615 556 1656 non
603 1590 985 1673 explicatur.
1059 1588 1228 1671 perit
1276 1590 1490 1650 autem
1540 1589 1697 1650 fides
1748 1590 2101 1652 mutuando
2142 1595 2431 1672 argeum,
2478 1595 2551 1653 ut
2598 1591 2721 1655 hoc

406 1700 557 1761 fere
606 1696 831 1761 ordine
880 1695 1109 1777 hisque
1158 1694 1401 1776 verbm,
1448 1694 1573 1757 nisi
1620 1696 1790 1757 forte
1840 1696 2157 1779 quaedam
2218 1697 2414 1758 etiam
2476 1697 2722 1759 excide-

412 1810 594 1886 runt,
642 1801 1074 1867 Diniarchum
1120 1800 1502 1864 disseruisse
1552 1802 1870 1907 suspicer:

748 1928 803 1991 si
853 1928 1034 1990 raras
1078 1930 1303 1990 noctes
1351 1925 1556 2006 chieit,
1604 1927 1687 1988 ab
1737 1926 1954 1989 animo
2004 1926 2201 2009 perit:
2334 1948 2402 1995 :28

749 2034 850 2097 sin
900 2034 1159 2096 crebras
1207 2032 1403 2113 ducit,
1449 2029 1629 2114 ipsus
1680 2033 1940 2116 gaudet,
1987 2034 2086 2096 res
2134 2034 2321 2116 perit.

748 2141 803 2203 si
852 2141 1091 2204 iratum
1140 2141 1491 2202 scortumst
1534 2140 1703 2201 forte
1754 2137 2038 2203 amatori
2079 2162 2216 2220 su0‚
2335 2161 2403 2207 25

747 2247 849 2310 bis
899 2247 1067 2328 perit
1114 2248 1370 2309 amator
1417 2244 1500 2307 ab
1548 2267 1614 2307 re
1663 2249 1856 2328 atque
1906 2246 1988 2308 ab
2038 2246 2255 2308 animo
2304 2246 2515 2308 simul.

751 2353 806 2415 si
855 2354 1064 2417 alicha
1110 2374 1175 2415 re
1208 2353 1448 2434 potitus
1494 2355 1609 2434 est,
1646 2353 1859 2433 perdit
1899 2353 2099 2433 fidem.

419 2476 735 2543 Ceterum
782 2478 849 2542 in
884 2475 1224 2541 Naeviano
1274 2477 1567 2559 exemplo
1617 2476 1909 2541 mutandi
1951 2480 2103 2560 post
2148 2498 2203 2540 v.
2243 2477 2322 2540 21
2376 2498 2719 2559 personam

417 2586 752 2670 loquentis
801 2586 1254 2649 necessitatem
1304 2607 1434 2647 non
1470 2604 1688 2668 urgeo.
1752 2584 1966 2665 potuit
2012 2584 2182 2646 enim
2231 2583 2390 2668 ipse,
2419 2584 2528 2666 qui
2575 2584 2722 2648 hos-

422 2693 599 2776 pites
649 2697 1008 2774 acceperat,
1055 2691 1207 2775 quid
1256 2690 1349 2753 eis
1396 2690 1807 2773 praebuisset
1855 2713 2172 2754 enarrare.

607 2818 889 2880 27—29.
938 2817 1176 2879 Poetae
1222 2815 1383 2877 haec
1431 2819 1686 2879 tantum
1736 2815 2045 2898 relinquit
2090 2815 2554 2878 Buechelerus:

748 2924 859 3007 qui
905 2923 1207 2986 decumas
1253 2924 1494 3004 parteS,
1540 2922 1853 3003 quantum
1902 2922 1991 2985 mi
2041 2921 2241 2985 alieni
2281 2922 2409 2986 fuit

753 3029 999 3112 polhixi
1048 3027 1172 3090 tibi

428 3154 681 3237 reliqua
746 3174 789 3216 a
840 3150 1215 3234 publicamlo
1270 3151 1445 3232 epulo
1494 3151 1788 3216 Herculis
1841 3153 2126 3216 ‹lec-umas
2172 3154 2253 3215 ab
2310 3152 2455 3236 ipso
2511 3174 2724 3237 gram-

428 3260 671 3323 matico
714 3259 793 3322 ad
831 3257 1390 3339 interpretandum
1426 3259 1677 3340 pollux&
1724 3259 1944 3323 addita
1981 3283 2121 3322 esse
2170 3260 2552 3343 suspicatus
2625 3259 2725 3322 In-

431 3366 613 3430 sulsa
669 3387 812 3428 meo
871 3386 1060 3428 sensu
1119 3368 1184 3427 et
1250 3387 1289 3427 a
1342 3368 1634 3429 veterum
1699 3366 2021 3430 institutis
2090 3366 2303 3428 aliena
2359 3367 2509 3428 sunt
2563 3388 2726 3449 quae

428 3472 752 3556 Bergkius
810 3469 1018 3534 voluit
1069 3470 1463 3554 parasitum.
1492 3472 1689 3535 militi
1748 3457 2153 3555 respondere.
2226 3470 2282 3533 is
2332 3471 2504 3533 enim
2552 3475 2726 3554 post-

428 3600 627 3662 quam
675 3577 911 3640 dixerit
958 3599 1025 3640 se
1073 3576 1355 3640 decimas
1411 3578 1689 3659 praedae
1739 3578 1836 3640 dis
1893 3579 2239 3660 profanare
2298 3576 2488 3658 velle,
2547 3576 2725 3640 Stru-

432 3684 644 3749 thiam
710 3683 1101 3766 parasitum,
1156 3686 1229 3746 ut
1274 3683 1576 3747 Biantem
1634 3684 1910 3747 militem
1970 3683 2052 3745 ab
2118 3681 2242 3747 hoc
2306 3684 2563 3766 incepto
2621 3684 2724 3748 de·

430 3793 693 3873 terreat,
740 3790 950 3854 dicere
996 3790 1130 3853 iam
1177 3789 1339 3853 satis
1375 3790 1621 3854 factum
1670 3813 1809 3854 esse
1848 3787 2179 3874 religioni:
2227 3789 2414 3874 quasi
2462 3791 2725 3857 omnino

431 3897 730 3981 pluribus
786 3897 884 3960 dis
942 3900 1008 3960 et
1062 3918 1213 3960 vero
1272 3895 1384 3960 alii
1441 3901 1699 3979 praeter
1753 3897 2098 3960 Herculem
2156 3896 2439 3961 decimas
2495 3920 2728 3961 vovere

430 4003 626 4068 facile
673 4002 975 4085 cuiquam
1023 4002 1091 4066 in
1148 4005 1431 4066 mentem
1487 4003 1705 4068 venire
1753 4003 2091 4087 potuisset.
2157 4007 2495 4085 praeterea
2538 4004 2731 4066 alieni

434 4132 491 4174 v,
541 4109 625 4172 27
692 4108 834 4192 quis
902 4108 1210 4174 concedet
1259 4109 1534 4191 praedae
1592 4110 2005 4195 significare?
2091 4109 2274 4184 Quod
2331 4109 2728 4190 ‘publicando

432 4214 628 4298 epulo
666 4213 998 4278 Herculis'
1050 4236 1117 4277 se
1164 4215 1448 4279 decimas
1496 4214 1692 4279 militi
1739 4218 1812 4278 ut
1854 4215 2120 4279 Herculi
2177 4213 2533 4296 polluxisse
2579 4235 2728 4295 pro-

432 4322 660 4388 fitetur
724 4342 799 4385 eo
846 4323 1158 4406 ,spectare
1221 4320 1501 4407 videtur,
1561 4321 1733 4407 quod
1799 4343 1867 4387 se
1933 4321 2274 4389 convivam
2337 4320 2599 4404 praesto
2669 4318 2728 4384 ei
