3400 5075
674 378 814 442 128ι
1144 382 1240 431 EX
1278 381 1617 433 INCERTIS
1658 382 2139 434 INOERTORVM
2179 384 2489 435 FABVLIS

1681 536 1961 603 LXXVI

849 649 1053 735 Saepe
1100 652 1212 736 qui
1259 653 1546 717 misereri
1591 655 1835 738 potuit,
1880 655 2126 740 rogitat
2171 655 2691 721 misericordiam.

1652 768 1968 835 LXXVII

955 934 967 947 .
1061 935 1074 948 .
1167 884 1362 949 homo
1410 884 1624 949 locum
1671 886 1889 969 ornat,
1935 907 2069 950 non
2116 885 2446 950 homine‘m
2493 886 2694 952 locus,

1637 997 1988 1065 LXXVIII

714 1114 801 1178 95
849 1113 978 1178 Odi
1018 1115 1325 1199 puerulos
1371 1115 1718 1199 praecoqui
1766 1116 2103 1199 sapientia.

1679 1229 1961 1295 LXXIX

845 1343 1011 1421 Quid
1057 1343 1410 1445 tristiorem
1457 1343 1649 1410 uideo
1698 1349 1764 1409 te
1812 1368 1951 1410 esse
1998 1369 2191 1430 quam
2241 1348 2568 1433 antidhzw,

845 1458 1246 1544 Lampadio?
1292 1458 1607 1545 numquid
1653 1460 1992 1526 familiaris
2038 1460 2220 1528 fssius

811 1620 1041 1671 LXXVI
1086 1619 1302 1672 Seneca
1349 1625 1598 1674 centron.
1645 1622 1723 1671 IX
1771 1623 1836 1671 27
1881 1638 1934 1686 p.
1978 1623 2078 1672 274
2115 1623 2175 1677 B.
2252 1623 2478 1673 Versum
2526 1637 2648 1673 esse
2695 1623 2972 1673 intellexit

666 1688 915 1738 Andreas
940 1688 1202 1739 Schottus
1343 1688 1603 1740 LXXVII
1640 1688 1932 1739 Charisius
1960 1692 2004 1740 V
2044 1706 2098 1754 p.
2123 1692 2223 1740 254
2247 1690 2311 1745 P.
2347 1695 2468 1754 ‘per
2505 1690 2969 1742 antimetabolen:

666 1756 847 1806 homo'
888 1772 934 1806 e.
973 1773 1022 1821 q.
1064 1772 1106 1807 s.
1178 1757 1335 1806 Inter
1370 1756 1695 1821 tragoediae
1735 1755 2004 1822 reliquias
2040 1759 2170 1820 (inc.
2220 1759 2325 1807 inc.
2367 1758 2479 1807 fab.
2519 1757 2645 1822 XX)
2684 1758 2814 1808 olim
2859 1764 2970 1808 ret·

666 1824 768 1873 tuli
807 1826 964 1873 cuius
1002 1822 1360 1886 simillimam,
1399 1824 1496 1874 sed
1534 1823 1716 1874 colore
1757 1824 2031 1874 diuersam
2067 1826 2401 1875 sententiam
2441 1825 2733 1889 protulerit
2766 1826 2969 1876 Accius

666 1906 714 1940 ιι.
755 1893 870 1941 272.
942 1892 1144 1941 Nostra
1183 1891 1251 1940 ad
1291 1892 1433 1956 quod
1460 1893 1759 1942 scaenicae
1797 1893 1983 1970 poesis
2008 1908 2184 1958 genus
2222 1893 2498 1957 pertineat
2522 1894 2836 1957 ambiguum
2864 1900 2966 1949 est,

666 1958 761 2035 sed
799 1958 867 2012 cf.
907 1958 1245 2013 Philemonis
1284 1958 1349 2008 fr.
1395 1960 1489 2009 189
1527 1952 1635 2024 οὐχ
1670 1953 1707 2023 ἦ
1746 1961 1914 2018 πτολις
1950 1974 2054 2010 σου
2089 1952 2154 2011 vd
2193 1957 2356 2024 γένος
2392 1949 2624 2026 εὐγενὲς
2659 1964 2836 2025 ποιεῖ,
2877 1956 2967 2011 Σὺ

665 2024 701 2074 δ
760 2017 1071 2091 εὖγενίζεις
1106 2018 1212 2090 τήν
1259 2020 1430 2076 πόλιν
1465 2021 1735 2091 πράσσων
1780 2025 1987 2086 καλῶς.
2198 2026 2482 2077 LXXVIII
2521 2027 2785 2092 Apuleius
2823 2029 2965 2093 apol.

667 2109 712 2143 c.
741 2094 809 2144 85
845 2109 899 2158 p.
927 2096 1022 2143 571
1062 2094 1200 2145 Oud.
1227 2096 1293 2144 95
1319 2094 1385 2144 K.
1425 2098 1536 2144 ‘est
1571 2094 1667 2143 ille
1708 2098 1905 2159 poetae
1932 2110 2127 2145 uersus
2166 2111 2275 2145 non
2313 2096 2559 2159 ignotus:
2599 2095 2732 2145 odi’
2771 2112 2818 2150 e.
2844 2111 2895 2160 q.
2921 2111 2962 2147 s.

664 2160 787 2212 ‘sed
826 2161 970 2210 enim
1007 2161 1224 2211 malitia
1272 2162 1569 2226 praecoqui
1619 2177 1844 2227 puerum
1882 2163 2003 2227 quis
2050 2178 2157 2213 non
2196 2169 2481 2212 auersetur
2519 2168 2685 2228 atque
2724 2163 2962 2212 oderit?’

665 2227 753 2278 Cf.
799 2227 1027 2278 Publilii
1076 2227 1198 2293 Syri
1247 2233 1387 2279 sent.
1439 2230 1564 2279 sals.
1611 2230 1711 2280 265
1758 2246 1809 2294 p.
1855 2232 1946 2281 129
1985 2231 2068 2279 W.
2231 2229 2464 2280 LXXIX
2502 2230 2709 2282 Nonius
2749 2232 2861 2293 187,
2903 2234 2966 2281 10

663 2296 1235 2361 ‘uirgindemiam,
1274 2302 1335 2346 ut
1370 2298 1732 2356 uindemiam‚
1773 2298 1877 2347 hoc
1915 2303 2001 2347 est
2036 2300 2316 2363 uirgarum
2341 2297 2664 2362 adparatum
2701 2298 2789 2348 uel
2814 2298 2964 2347 dem·

664 2367 905 2429 ptionem
933 2362 1020 2414 uel
1045 2364 1453 2430 decerptionem
1480 2366 1547 2414 ob
1574 2366 1830 2415 uerbera.
1893 2367 2107 2415 Varro
2132 2366 2512 2431 Agathone:
2551 2365 2730 2429 quid'
2766 2380 2815 2416 e.
2846 2380 2895 2428 q.
2921 2381 2966 2414 s.

664 2431 772 2480 Sed
809 2436 995 2497 potest
1040 2431 1128 2481 uel
1167 2435 1340 2481 Varro
1391 2432 1457 2481 de
1508 2432 1797 2483 comoedia
1834 2432 2011 2481 locum
2051 2437 2276 2483 saturae
2323 2432 2673 2483 inmiscuisse
2718 2432 2807 2482 uel
2846 2434 2963 2482 eius

664 2499 970 2564 exemplum
1009 2514 1119 2548 una
1144 2514 1261 2550 cum
1297 2500 1492 2551 comici
1528 2506 1727 2567 poetae
1766 2500 1980 2551 nomine
2020 2502 2074 2550 in
2103 2501 2264 2551 Nonii
2300 2501 2458 2551 libris
2496 2500 2783 2551 excidisse.
2853 2501 2961 2550 Ad-

549 2559 557 2567 ’
664 2582 888 2616 sensum
912 2567 1016 2616 tuli
1041 2567 1280 2617 Vahleni
1304 2567 1459 2618 Coni.
1486 2584 1539 2632 p.
1567 2572 1656 2632 13,
1696 2567 2027 2618 Buecheleri
2052 2583 2186 2623 mus.
2215 2568 2387 2619 Rhen.
2415 2568 2538 2619 XIV
2566 2571 2695 2627 424,
2724 2570 2964 2634 Roeperi

663 2634 860 2689 Philol,
900 2634 1055 2684 XVII
1091 2637 1173 2697 89,
1212 2635 1382 2686 Riesii
1417 2636 1683 2687 Varronis
1721 2635 1837 2686 rell.
1878 2653 1928 2701 p.
1968 2638 2061 2698 97,
2101 2651 2324 2700 quorum
2370 2635 2511 2698 illis,
2558 2637 2862 2687 Vahlenum
2910 2645 2965 2686 et

661 2702 1061 2752 Buechelerum
1089 2703 1231 2765 dico,
1271 2705 1438 2769 prior,
1477 2703 1660 2754 altera
1684 2705 1997 2754 coniectura
2025 2702 2372 2768 praeplacuit
2395 2704 2649 2769 Roepero
2675 2709 2732 2754 et
2757 2704 2961 2754 Riesio.

664 2769 734 2818 Et
770 2771 828 2819 in
863 2771 1169 2820 nouissima
1193 2772 1609 2837 Menippearum
1635 2771 2107 2822 Varronianarum
2142 2772 2524 2837 recognitione
2561 2772 2679 2836 ipse
2718 2772 2964 2822 Bueche-

662 2837 812 2887 lerus
850 2838 1027 2888 Riesii
1076 2838 1383 2903 exemplum
1429 2844 1651 2890 secutus
1696 2844 1759 2889 ut
1801 2840 2112 2905 ‘spurium’,
2151 2839 2203 2889 h.
2241 2855 2288 2894 e.
2359 2855 2392 2889 a
2428 2839 2674 2889 Varrone
2722 2839 2960 2891 alienum

662 2907 882 2956 notauit
918 2906 1023 2956 hoc
1060 2906 1451 2975 fgagmentum.
1524 2906 1963 2971 Lampadionem
2000 2907 2334 2958 comoediam
2373 2907 2617 2958 Naeuius
2652 2908 2891 2973 scripsit.

799 2974 940 3025 Stilo
987 2975 1194 3024 comico
1248 2975 1318 3024 ad
1365 2972 1574 3039 prologi
1624 2973 2042 3025 similitudinem
2100 2976 2412 3040 compositi,
2468 2990 2576 3024 non
2628 2976 2850 3025 recitati
2906 2978 2962 3024 in

663 3056 872 3091 scaena
896 3056 1090 3091 uersus
1117 3041 1443 3092 varroniani
1470 3057 1605 3106 quos
1632 3041 1761 3092 olim
1786 3043 1843 3092 in
1869 3044 2045 3108 praef.
2072 3058 2206 3093 com.
2231 3043 2315 3093 ed.
2351 3057 2432 3108 pr.
2470 3058 2522 3107 p.
2550 3042 2657 3093 XII
2682 3044 2961 3094 recensui:

966 3128 1243 3191 Vosque
1281 3125 1349 3176 in
1386 3127 1662 3177 theatro
1700 3125 1813 3193 qui
1849 3126 2279 3193 uoluptatem
2318 3124 2599 3178 alitibus

964 3194 1108 3244 Huc
1145 3192 1550 3260 aucupatum
1588 3192 2147 3245 concucurristis
2183 3194 2397 3254 domo,

965 3260 1217 3313 Ade'ste
1257 3268 1322 3312 et
1358 3262 1577 3313 animo
1616 3260 1786 3326 quae
1825 3262 2042 3313 feram
2081 3260 2525 3327 cognoscite,

964 3330 1233 3380 Domum
1269 3328 1339 3380 iit
1377 3331 1626 3380 feratis
1668 3328 1743 3379 esc
1779 3330 2052 3380 theatro
2093 3328 2396 3381 litteras.

660 3417 870 3465 Extant
909 3415 1053 3480 apud
1088 3414 1325 3465 Nonium
1363 3432 1414 3481 p.
1452 3417 1550 3466 325
1592 3416 1652 3464 16
1689 3415 2057 3480 ‘ignoscite
2097 3430 2307 3465 rursum
2344 3417 2559 3465 noscite
2609 3415 2699 3464 uel
2739 3414 2956 3468 discite.

660 3484 869 3534 Varro
902 3484 958 3532 in
998 3483 1236 3533 Gloria
1276 3483 1604 3548 (Inglorio
1640 3481 1949 3546 Vahlenus)
1994 3481 2126 3548 περὶ
2172 3477 2432 3547 φθόνουτ
2472 3487 2703 3547 uosque’
2741 3498 2788 3532 e.
2828 3499 2876 3547 q.
2918 3498 2959 3532 a.

661 3551 1008 3600 Graecanica
1046 3557 1167 3600 arte
1203 3551 1302 3600 hos
1340 3552 1618 3601 trimetros
1645 3550 1975 3615 compositos
2013 3566 2136 3601 esse
2173 3552 2384 3600 monuit
2406 3550 2783 3600 Buechelerus
2817 3566 2949 3599 mus.

661 3618 835 3668 Rhen.
875 3619 1003 3670 XIV
1038 3620 1155 3673 446.
1226 3618 1398 3669 Varia
1436 3619 1712 3683 scriptura
1747 3617 1888 3668 haec
1926 3622 2036 3668 est:
2143 3621 2168 3668 1
2210 3619 2449 3683 uosqui
2484 3618 2645 3668 Leid.
2683 3633 2751 3671 m.
2791 3633 2870 3683 pr.

659 3691 885 3736 teatro
923 3685 1078 3736 Leid.
1117 3687 1186 3735 W
1323 3685 1748 3750 uoluptatem
1775 3687 1967 3736 Iunius
2003 3687 2434 3736 uoluntatem
2469 3685 2597 3735 libri
2734 3687 2766 3735 2
2804 3701 2956 3735 con·

658 3754 1069 3804 cucurristis
1095 3752 1361 3819 Scaliger.
1404 3754 1859 3804 concurristis
1883 3753 2029 3812 libri,
2067 3755 2176 3804 nisi
2202 3754 2345 3819 quod
2372 3753 2956 3804 concoucurristis

657 3821 810 3870 Harl.
849 3837 916 3871 m.
956 3838 1035 3887 pr.
1175 3822 1357 3872 domo
1405 3821 1559 3870 Harl.
1598 3822 1664 3870 W
1715 3821 1903 3870 domu
1950 3822 2106 3877 Leid.
2246 3827 2277 3873 3
2314 3822 2512 3873 adest
2556 3820 2713 3875 Leid.
2765 3836 2832 3870 m.
2872 3836 2952 3884 pr.

796 3893 864 3939 et
913 3891 1127 3940 animo
1174 3890 1399 3955 scripsi;
1456 3888 1507 3938 si
1558 3903 1659 3953 per
1712 3894 1887 3939 artem
1945 3891 2232 3940 metricam
2276 3895 2478 3954 poetae
2535 3887 2755 3950 liceret,
2813 3903 2953 3937 com·

828 4050 906 4109 92
964 4052 1168 4126 rogitat
1225 4049 1645 4106 miscricordiam
1694 4056 1930 4121 poetam
1985 4054 2290 4124 scripsisse
2335 4053 2607 4122 suspicor
2650 4049 2956 4105 misericor·

657 4135 793 4191 «liam
852 4144 1010 4210 rogat
1069 4135 1291 4192 Seneca
1507 4133 1587 4191 93
1633 4134 1814 4190 locum
1860 4144 2017 4192 ornat
2063 4139 2277 4207 scripsi
2318 4143 2474 4192 ornat
2519 4134 2698 4190 locum
2745 4135 2866 4191 cod.

657 4221 736 4276 96
782 4220 1033 4277 mitidhac
1063 4221 1386 4278 Rolande‘us
1438 4220 1588 4294 angit
1634 4219 1733 4276 hac
1775 4221 1913 4277 libri
2037 4221 2116 4277 97
2165 4219 2425 4294 numquid
2457 4219 2764 4277 Mer-cerus
2807 4234 2954 4272 nem·

656 4304 785 4378 quid
831 4307 987 4376 libri,
1036 4306 1092 4362 h.
1127 4321 1176 4361 e.
1226 4303 1499 4378 nimquid,
1546 4306 1617 4360 de
1660 4322 1778 4377 qua
1818 4305 2015 4377 forma
2046 4307 2171 4363 dixi
2211 4309 2267 4361 in
2315 4306 2624 4363 corollario
2655 4305 2734 4359 ad
2777 4306 2952 4374 lrayi-

657 4405 754 4445 cos
789 4409 855 4462 p.
906 4389 1170 4448 LXXVI
1339 4388 1610 4444 sainiliaris
1659 4391 1747 4445 ed.
1803 4388 1960 4446 1526
2008 4388 2291 4444 familiares
2334 4390 2472 4445 libri
