<?xml version="1.0" encoding="UTF-8"?>
<!DOCTYPE html PUBLIC "-//W3C//DTD XHTML 1.0 Transitional//EN"
    "http://www.w3.org/TR/xhtml1/DTD/xhtml1-transitional.dtd">
<html xmlns="http://www.w3.org/1999/xhtml" xml:lang="en" lang="en">
 <head>
  <title>
</title>
<meta http-equiv="Content-Type" content="text/html;charset=utf-8" />
  <meta name='ocr-system' content='tesseract 3.04.00' />
  <meta name='ocr-capabilities' content='ocr_page ocr_carea ocr_par ocr_line ocrx_word'/>
</head>
<body>
  <div class='ocr_page' id='page_1' title='image "./comicorumromano00teregoog_0198.png"; bbox 0 0 3400 5075; ppageno 0'>
   <div class='ocr_carea' id='block_1_1' title="bbox 682 296 2204 386">
    <p class='ocr_par' dir='ltr' id='par_1_1' title="bbox 682 296 2204 386">
     <span class='ocr_line' id='line_1_1' title="bbox 682 296 2204 386; baseline 0.001 -14"><span class='ocrx_word' id='word_1_1' title='bbox 682 323 767 386; x_wconf 81' lang='lat'><strong>60</strong></span> <span class='ocrx_word' id='word_1_2' title='bbox 1476 296 1866 376; x_wconf 73' lang='lat' dir='ltr'><strong>CAEe1L1vs</strong></span> <span class='ocrx_word' id='word_1_3' title='bbox 1904 324 2204 375; x_wconf 71' lang='lat' dir='ltr'><strong>s&#39;rAnvs</strong></span> 
     </span>
    </p>
   </div>
   <div class='ocr_carea' id='block_1_2' title="bbox 704 477 2986 775">
    <p class='ocr_par' dir='ltr' id='par_1_2' title="bbox 704 477 2986 775">
     <span class='ocr_line' id='line_1_2' title="bbox 704 477 2606 565; baseline -0.001 -21"><span class='ocrx_word' id='word_1_4' title='bbox 704 481 831 544; x_wconf 79' lang='lat'><strong>145</strong></span> <span class='ocrx_word' id='word_1_5' title='bbox 968 481 1142 555; x_wconf 82' lang='lat' dir='ltr'><strong>Quae</strong></span> <span class='ocrx_word' id='word_1_6' title='bbox 1191 482 1388 563; x_wconf 82' lang='lat' dir='ltr'><strong>no&#39;liS‚</strong></span> <span class='ocrx_word' id='word_1_7' title='bbox 1432 480 1645 544; x_wconf 73' lang='lat' dir='ltr'><strong>habet.</strong></span> <span class='ocrx_word' id='word_1_8' title='bbox 1740 482 1848 564; x_wconf 92' lang='lat' dir='ltr'><strong>qui</strong></span> <span class='ocrx_word' id='word_1_9' title='bbox 1896 479 2067 565; x_wconf 76' lang='lat' dir='ltr'><strong>sapit</strong></span> <span class='ocrx_word' id='word_1_10' title='bbox 2113 480 2190 543; x_wconf 85' lang='lat' dir='ltr'><strong>de</strong></span> <span class='ocrx_word' id='word_1_11' title='bbox 2237 503 2338 543; x_wconf 89' lang='lat' dir='ltr'><strong>me</strong></span> <span class='ocrx_word' id='word_1_12' title='bbox 2386 477 2606 564; x_wconf 73' lang='lat' dir='ltr'><strong>discet,</strong></span> 
     </span>
     <span class='ocr_line' id='line_1_3' title="bbox 863 595 2986 681; baseline 0.001 -22"><span class='ocrx_word' id='word_1_13' title='bbox 863 595 992 671; x_wconf 73' lang='lat' dir='ltr'><strong>Qus</strong></span> <span class='ocrx_word' id='word_1_14' title='bbox 1020 596 1206 679; x_wconf 84' lang='lat' dir='ltr'><strong>quasi</strong></span> <span class='ocrx_word' id='word_1_15' title='bbox 1236 596 1315 660; x_wconf 86' lang='lat' dir='ltr'><strong>ad</strong></span> <span class='ocrx_word' id='word_1_16' title='bbox 1363 596 1574 660; x_wconf 76' lang='lat' dir='ltr'><strong>hostis</strong></span> <span class='ocrx_word' id='word_1_17' title='bbox 1622 598 1848 681; x_wconf 66' lang='lat' dir='ltr'><strong>captus</strong></span> <span class='ocrx_word' id='word_1_18' title='bbox 1898 596 2058 660; x_wconf 90' lang='lat' dir='ltr'><strong>liber</strong></span> <span class='ocrx_word' id='word_1_19' title='bbox 2109 596 2317 660; x_wconf 79' lang='lat' dir='ltr'><strong>seruio</strong></span> <span class='ocrx_word' id='word_1_20' title='bbox 2367 597 2548 660; x_wconf 82' lang='lat' dir='ltr'><strong>salua</strong></span> <span class='ocrx_word' id='word_1_21' title='bbox 2590 597 2747 660; x_wconf 75' lang='lat' dir='ltr'><strong>urbe</strong></span> <span class='ocrx_word' id='word_1_22' title='bbox 2795 600 2986 680; x_wconf 81' lang='lat' dir='ltr'><strong>atque</strong></span> 
     </span>
     <span class='ocr_line' id='line_1_4' title="bbox 1966 733 2130 775; baseline -0.006 0"><span class='ocrx_word' id='word_1_23' title='bbox 1966 733 2130 775; x_wconf 85' lang='lat' dir='ltr'><strong>arce.</strong></span> 
     </span>
    </p>
   </div>
   <div class='ocr_carea' id='block_1_3' title="bbox 863 823 2984 1005">
    <p class='ocr_par' dir='ltr' id='par_1_3' title="bbox 863 823 2984 1005">
     <span class='ocr_line' id='line_1_5' title="bbox 863 823 2984 910; baseline -0 -19"><span class='ocrx_word' id='word_1_24' title='bbox 863 826 1035 891; x_wconf 88' lang='lat' dir='ltr'><strong>Dum</strong></span> <span class='ocrx_word' id='word_1_25' title='bbox 1085 828 1222 892; x_wconf 72' lang='lat' dir='ltr'><strong>eius</strong></span> <span class='ocrx_word' id='word_1_26' title='bbox 1269 832 1540 892; x_wconf 77' lang='lat' dir='ltr'><strong>mortem</strong></span> <span class='ocrx_word' id='word_1_27' title='bbox 1591 826 1800 909; x_wconf 86' lang='lat' dir='ltr'><strong>inhio,</strong></span> <span class='ocrx_word' id='word_1_28' title='bbox 1858 829 2115 910; x_wconf 75' lang='lat' dir='ltr'><strong>egomet</strong></span> <span class='ocrx_word' id='word_1_29' title='bbox 2172 827 2340 889; x_wconf 76' lang='lat' dir='ltr'><strong>inter</strong></span> <span class='ocrx_word' id='word_1_30' title='bbox 2387 823 2574 890; x_wconf 85' lang='lat' dir='ltr'><strong>ul&#39;uos</strong></span> <span class='ocrx_word' id='word_1_31' title='bbox 2621 826 2772 890; x_wconf 86' lang='lat' dir='ltr'><strong>uiuo</strong></span> <span class='ocrx_word' id='word_1_32' title='bbox 2821 828 2984 890; x_wconf 86' lang='lat' dir='ltr'><strong>m6r·</strong></span> 
     </span>
     <span class='ocr_line' id='line_1_6' title="bbox 1970 944 2141 1005; baseline 0.006 -1"><span class='ocrx_word' id='word_1_33' title='bbox 1970 944 2141 1005; x_wconf 71' lang='lat' dir='ltr'><strong>tuus,</strong></span> 
     </span>
    </p>
   </div>
   <div class='ocr_carea' id='block_1_4' title="bbox 684 1153 2991 2297">
    <p class='ocr_par' dir='ltr' id='par_1_4' title="bbox 684 1153 2991 2297">
     <span class='ocr_line' id='line_1_7' title="bbox 684 1153 2991 1219; baseline 0.001 -18"><span class='ocrx_word' id='word_1_34' title='bbox 684 1167 907 1217; x_wconf 86' lang='lat' dir='ltr'><strong>prorsus</strong></span> <span class='ocrx_word' id='word_1_35' title='bbox 932 1158 992 1203; x_wconf 88' lang='lat' dir='ltr'><strong>ut</strong></span> <span class='ocrx_word' id='word_1_36' title='bbox 1018 1153 1213 1204; x_wconf 89' lang='lat' dir='ltr'><strong>melius</strong></span> <span class='ocrx_word' id='word_1_37' title='bbox 1240 1171 1399 1219; x_wconf 87' lang='lat' dir='ltr'><strong>posse</strong></span> <span class='ocrx_word' id='word_1_38' title='bbox 1427 1154 1545 1204; x_wconf 84' lang='lat' dir='ltr'><strong>fieri</strong></span> <span class='ocrx_word' id='word_1_39' title='bbox 1572 1155 1712 1204; x_wconf 87' lang='lat' dir='ltr'><strong>nihil</strong></span> <span class='ocrx_word' id='word_1_40' title='bbox 1752 1169 2000 1204; x_wconf 85' lang='lat' dir='ltr'><strong>censeas.</strong></span> <span class='ocrx_word' id='word_1_41' title='bbox 2077 1154 2172 1204; x_wconf 88' lang='lat' dir='ltr'><strong>Set</strong></span> <span class='ocrx_word' id='word_1_42' title='bbox 2211 1153 2352 1202; x_wconf 87' lang='lat' dir='ltr'><strong>enim</strong></span> <span class='ocrx_word' id='word_1_43' title='bbox 2381 1154 2428 1203; x_wconf 89' lang='lat' dir='ltr'><strong>si</strong></span> <span class='ocrx_word' id='word_1_44' title='bbox 2467 1155 2724 1203; x_wconf 84' lang='lat' dir='ltr'><strong>conferas</strong></span> <span class='ocrx_word' id='word_1_45' title='bbox 2763 1160 2820 1204; x_wconf 90' lang='lat' dir='ltr'><strong>et</strong></span> <span class='ocrx_word' id='word_1_46' title='bbox 2848 1170 2991 1204; x_wconf 91' lang='lat' dir='ltr'><strong>com-</strong></span> 
     </span>
     <span class='ocr_line' id='line_1_8' title="bbox 686 1220 2988 1294; baseline 0 -25"><span class='ocrx_word' id='word_1_47' title='bbox 686 1235 858 1283; x_wconf 85' lang='lat' dir='ltr'><strong>ponas</strong></span> <span class='ocrx_word' id='word_1_48' title='bbox 906 1220 1122 1272; x_wconf 80' lang='lat' dir='ltr'><strong>Graeca</strong></span> <span class='ocrx_word' id='word_1_49' title='bbox 1171 1224 1319 1288; x_wconf 83' lang='lat' dir='ltr'><strong>ipsa,</strong></span> <span class='ocrx_word' id='word_1_50' title='bbox 1372 1222 1518 1273; x_wconf 85' lang='lat' dir='ltr'><strong>unde</strong></span> <span class='ocrx_word' id='word_1_51' title='bbox 1564 1222 1664 1271; x_wconf 87' lang='lat' dir='ltr'><strong>illa</strong></span> <span class='ocrx_word' id='word_1_52' title='bbox 1708 1228 2005 1284; x_wconf 86' lang='lat' dir='ltr'><strong>uenerunt,</strong></span> <span class='ocrx_word' id='word_1_53' title='bbox 2056 1238 2120 1272; x_wconf 85' lang='lat' dir='ltr'><strong>ae</strong></span> <span class='ocrx_word' id='word_1_54' title='bbox 2167 1220 2388 1285; x_wconf 85' lang='lat' dir='ltr'><strong>singula</strong></span> <span class='ocrx_word' id='word_1_55' title='bbox 2437 1220 2781 1270; x_wconf 85' lang='lat' dir='ltr'><strong>considerate</strong></span> <span class='ocrx_word' id='word_1_56' title='bbox 2821 1227 2988 1294; x_wconf 87' lang='lat' dir='ltr'><strong>atque</strong></span> 
     </span>
     <span class='ocr_line' id='line_1_9' title="bbox 686 1289 2988 1353; baseline 0.001 -17"><span class='ocrx_word' id='word_1_57' title='bbox 686 1291 817 1352; x_wconf 88' lang='lat' dir='ltr'><strong>apte</strong></span> <span class='ocrx_word' id='word_1_58' title='bbox 856 1289 1059 1337; x_wconf 85' lang='lat' dir='ltr'><strong>iunctis</strong></span> <span class='ocrx_word' id='word_1_59' title='bbox 1085 1295 1138 1339; x_wconf 89' lang='lat' dir='ltr'><strong>et</strong></span> <span class='ocrx_word' id='word_1_60' title='bbox 1165 1290 1398 1340; x_wconf 86' lang='lat' dir='ltr'><strong>alternis</strong></span> <span class='ocrx_word' id='word_1_61' title='bbox 1436 1289 1779 1339; x_wconf 86' lang='lat' dir='ltr'><strong>lectionibus</strong></span> <span class='ocrx_word' id='word_1_62' title='bbox 1806 1292 2144 1349; x_wconf 81' lang='lat' dir='ltr'><strong>committas,</strong></span> <span class='ocrx_word' id='word_1_63' title='bbox 2183 1289 2383 1353; x_wconf 83' lang='lat' dir='ltr'><strong>oppido</strong></span> <span class='ocrx_word' id='word_1_64' title='bbox 2422 1303 2583 1352; x_wconf 85' lang='lat' dir='ltr'><strong>quam</strong></span> <span class='ocrx_word' id='word_1_65' title='bbox 2609 1290 2793 1338; x_wconf 81' lang='lat' dir='ltr'><strong>iacere</strong></span> <span class='ocrx_word' id='word_1_66' title='bbox 2822 1295 2988 1352; x_wconf 88' lang='lat' dir='ltr'><strong>atque</strong></span> 
     </span>
     <span class='ocr_line' id='line_1_10' title="bbox 688 1354 2988 1421; baseline 0 -17"><span class='ocrx_word' id='word_1_67' title='bbox 688 1354 911 1405; x_wconf 87' lang='lat' dir='ltr'><strong>sordere</strong></span> <span class='ocrx_word' id='word_1_68' title='bbox 949 1357 1223 1421; x_wconf 87' lang='lat' dir='ltr'><strong>incipiunt</strong></span> <span class='ocrx_word' id='word_1_69' title='bbox 1260 1374 1401 1421; x_wconf 85' lang='lat' dir='ltr'><strong>quae</strong></span> <span class='ocrx_word' id='word_1_70' title='bbox 1427 1357 1635 1406; x_wconf 87' lang='lat' dir='ltr'><strong>Latina</strong></span> <span class='ocrx_word' id='word_1_71' title='bbox 1659 1363 1809 1406; x_wconf 87' lang='lat' dir='ltr'><strong>sunt:</strong></span> <span class='ocrx_word' id='word_1_72' title='bbox 1849 1359 1931 1405; x_wconf 86' lang='lat' dir='ltr'><strong>ita</strong></span> <span class='ocrx_word' id='word_1_73' title='bbox 1957 1359 2292 1407; x_wconf 83' lang='lat' dir='ltr'><strong>Graecarum</strong></span> <span class='ocrx_word' id='word_1_74' title='bbox 2328 1371 2463 1420; x_wconf 86' lang='lat' dir='ltr'><strong>quas</strong></span> <span class='ocrx_word' id='word_1_75' title='bbox 2501 1355 2765 1406; x_wconf 87' lang='lat' dir='ltr'><strong>aemulari</strong></span> <span class='ocrx_word' id='word_1_76' title='bbox 2803 1357 2988 1419; x_wconf 87' lang='lat' dir='ltr'><strong>nequi·</strong></span> 
     </span>
     <span class='ocr_line' id='line_1_11' title="bbox 685 1423 2991 1488; baseline 0 -17"><span class='ocrx_word' id='word_1_77' title='bbox 685 1428 885 1472; x_wconf 86' lang='lat' dir='ltr'><strong>uerunt</strong></span> <span class='ocrx_word' id='word_1_78' title='bbox 923 1424 1148 1474; x_wconf 81' lang='lat' dir='ltr'><strong>facetiis</strong></span> <span class='ocrx_word' id='word_1_79' title='bbox 1187 1429 1351 1488; x_wconf 86' lang='lat' dir='ltr'><strong>atque</strong></span> <span class='ocrx_word' id='word_1_80' title='bbox 1389 1423 1683 1474; x_wconf 80' lang='lat' dir='ltr'>luminibus</span> <span class='ocrx_word' id='word_1_81' title='bbox 1712 1423 2092 1475; x_wconf 74' lang='lat' dir='ltr'><strong>obsolescunt.</strong></span> <span class='ocrx_word' id='word_1_82' title='bbox 2153 1425 2339 1488; x_wconf 81' lang='lat' dir='ltr'>Nuper</span> <span class='ocrx_word' id='word_1_83' title='bbox 2377 1423 2512 1473; x_wconf 86' lang='lat' dir='ltr'><strong>adeo</strong></span> <span class='ocrx_word' id='word_1_84' title='bbox 2549 1438 2679 1472; x_wconf 90' lang='lat' dir='ltr'><strong>usus</strong></span> <span class='ocrx_word' id='word_1_85' title='bbox 2716 1424 2878 1473; x_wconf 83' lang='lat' dir='ltr'><strong>huius</strong></span> <span class='ocrx_word' id='word_1_86' title='bbox 2915 1424 2991 1472; x_wconf 88' lang='lat' dir='ltr'><strong>rei</strong></span> 
     </span>
     <span class='ocr_line' id='line_1_12' title="bbox 689 1489 2985 1555; baseline 0 -17"><span class='ocrx_word' id='word_1_87' title='bbox 689 1489 846 1539; x_wconf 90' lang='lat' dir='ltr'><strong>nobis</strong></span> <span class='ocrx_word' id='word_1_88' title='bbox 883 1493 1057 1543; x_wconf 88' lang='lat' dir='ltr'><strong>uenit.</strong></span> <span class='ocrx_word' id='word_1_89' title='bbox 1131 1492 1344 1542; x_wconf 77' lang='lat' dir='ltr'><strong>Caecili</strong></span> <span class='ocrx_word' id='word_1_90' title='bbox 1386 1491 1629 1542; x_wconf 85' lang='lat' dir='ltr'><strong>Plocium</strong></span> <span class='ocrx_word' id='word_1_91' title='bbox 1666 1490 2013 1555; x_wconf 78' lang='lat' dir='ltr'>legebamus:</span> <span class='ocrx_word' id='word_1_92' title='bbox 2053 1493 2463 1555; x_wconf 81' lang='lat' dir='ltr'><strong>hautquaquam</strong></span> <span class='ocrx_word' id='word_1_93' title='bbox 2503 1491 2633 1539; x_wconf 88' lang='lat' dir='ltr'><strong>mihi</strong></span> <span class='ocrx_word' id='word_1_94' title='bbox 2673 1497 2727 1540; x_wconf 88' lang='lat' dir='ltr'><strong>et</strong></span> <span class='ocrx_word' id='word_1_95' title='bbox 2764 1492 2855 1555; x_wconf 93' lang='lat' dir='ltr'><strong>qui</strong></span> <span class='ocrx_word' id='word_1_96' title='bbox 2896 1493 2985 1539; x_wconf 82' lang='lat' dir='ltr'><strong>ad-</strong></span> 
     </span>
     <span class='ocr_line' id='line_1_13' title="bbox 686 1557 2984 1624; baseline 0 -18"><span class='ocrx_word' id='word_1_97' title='bbox 686 1562 847 1607; x_wconf 85' lang='lat' dir='ltr'><strong>erant</strong></span> <span class='ocrx_word' id='word_1_98' title='bbox 893 1557 1241 1624; x_wconf 74' lang='lat' dir='ltr'><strong>displicebat.</strong></span> <span class='ocrx_word' id='word_1_99' title='bbox 1316 1560 1615 1609; x_wconf 89' lang='lat' dir='ltr'><strong>Libitumst</strong></span> <span class='ocrx_word' id='word_1_100' title='bbox 1660 1560 1950 1609; x_wconf 75' lang='lat' dir='ltr'><strong>Menandri</strong></span> <span class='ocrx_word' id='word_1_101' title='bbox 2001 1574 2213 1623; x_wconf 87' lang='lat' dir='ltr'><strong>quoque</strong></span> <span class='ocrx_word' id='word_1_102' title='bbox 2254 1558 2498 1608; x_wconf 83' lang='lat' dir='ltr'><strong>Plocium</strong></span> <span class='ocrx_word' id='word_1_103' title='bbox 2547 1558 2760 1622; x_wconf 86' lang='lat' dir='ltr'><strong>legere,</strong></span> <span class='ocrx_word' id='word_1_104' title='bbox 2809 1576 2841 1607; x_wconf 83' lang='lat' dir='ltr'><strong>a</strong></span> <span class='ocrx_word' id='word_1_105' title='bbox 2880 1574 2984 1622; x_wconf 90' lang='lat' dir='ltr'><strong>quo</strong></span> 
     </span>
     <span class='ocr_line' id='line_1_14' title="bbox 684 1625 2985 1691; baseline 0 -18"><span class='ocrx_word' id='word_1_106' title='bbox 684 1625 849 1674; x_wconf 84' lang='lat' dir='ltr'><strong>istam</strong></span> <span class='ocrx_word' id='word_1_107' title='bbox 899 1628 1236 1677; x_wconf 79' lang='lat' dir='ltr'><strong>comoediam</strong></span> <span class='ocrx_word' id='word_1_108' title='bbox 1282 1631 1545 1677; x_wconf 82' lang='lat' dir='ltr'><strong>uerterat.</strong></span> <span class='ocrx_word' id='word_1_109' title='bbox 1634 1628 1745 1677; x_wconf 86' lang='lat' dir='ltr'><strong>Sed</strong></span> <span class='ocrx_word' id='word_1_110' title='bbox 1792 1628 1934 1676; x_wconf 87' lang='lat' dir='ltr'><strong>enim</strong></span> <span class='ocrx_word' id='word_1_111' title='bbox 1991 1633 2280 1691; x_wconf 75' lang='lat' dir='ltr'><strong>postquam</strong></span> <span class='ocrx_word' id='word_1_112' title='bbox 2334 1627 2391 1673; x_wconf 90' lang='lat' dir='ltr'><strong>in</strong></span> <span class='ocrx_word' id='word_1_113' title='bbox 2444 1640 2636 1675; x_wconf 88' lang='lat' dir='ltr'><strong>manus</strong></span> <span class='ocrx_word' id='word_1_114' title='bbox 2681 1625 2985 1675; x_wconf 75' lang='lat' dir='ltr'>Menander</span> 
     </span>
     <span class='ocr_line' id='line_1_15' title="bbox 685 1693 2984 1759; baseline 0.001 -19"><span class='ocrx_word' id='word_1_115' title='bbox 685 1695 866 1754; x_wconf 85' lang='lat' dir='ltr'><strong>uenit,</strong></span> <span class='ocrx_word' id='word_1_116' title='bbox 908 1711 940 1743; x_wconf 84' lang='lat' dir='ltr'><strong>a</strong></span> <span class='ocrx_word' id='word_1_117' title='bbox 976 1696 1249 1759; x_wconf 89' lang='lat' dir='ltr'><strong>principio</strong></span> <span class='ocrx_word' id='word_1_118' title='bbox 1277 1695 1492 1756; x_wconf 85' lang='lat' dir='ltr'><strong>statim,</strong></span> <span class='ocrx_word' id='word_1_119' title='bbox 1534 1694 1590 1743; x_wconf 80' lang='lat' dir='ltr'><strong>di</strong></span> <span class='ocrx_word' id='word_1_120' title='bbox 1627 1695 1786 1743; x_wconf 80' lang='lat' dir='ltr'><strong>boni!</strong></span> <span class='ocrx_word' id='word_1_121' title='bbox 1826 1700 2092 1757; x_wconf 83' lang='lat' dir='ltr'><strong>quantum</strong></span> <span class='ocrx_word' id='word_1_122' title='bbox 2117 1699 2340 1757; x_wconf 87' lang='lat' dir='ltr'><strong>stupere</strong></span> <span class='ocrx_word' id='word_1_123' title='bbox 2369 1698 2537 1757; x_wconf 85' lang='lat' dir='ltr'><strong>atque</strong></span> <span class='ocrx_word' id='word_1_124' title='bbox 2575 1693 2780 1758; x_wconf 85' lang='lat' dir='ltr'><strong>frigere</strong></span> <span class='ocrx_word' id='word_1_125' title='bbox 2818 1708 2984 1757; x_wconf 84' lang='lat' dir='ltr'><strong>quan·</strong></span> 
     </span>
     <span class='ocr_line' id='line_1_16' title="bbox 686 1760 2986 1824; baseline 0 -17"><span class='ocrx_word' id='word_1_126' title='bbox 686 1766 909 1824; x_wconf 90' lang='lat' dir='ltr'><strong>tumque</strong></span> <span class='ocrx_word' id='word_1_127' title='bbox 946 1767 1159 1811; x_wconf 86' lang='lat' dir='ltr'><strong>mutare</strong></span> <span class='ocrx_word' id='word_1_128' title='bbox 1209 1779 1242 1810; x_wconf 88' lang='lat' dir='ltr'><strong>a</strong></span> <span class='ocrx_word' id='word_1_129' title='bbox 1277 1761 1580 1811; x_wconf 80' lang='lat' dir='ltr'><strong>Menandro</strong></span> <span class='ocrx_word' id='word_1_130' title='bbox 1620 1762 1899 1811; x_wconf 74' lang='lat' dir='ltr'><strong>Caecilius</strong></span> <span class='ocrx_word' id='word_1_131' title='bbox 1938 1764 2089 1811; x_wconf 87' lang='lat' dir='ltr'><strong>uisus</strong></span> <span class='ocrx_word' id='word_1_132' title='bbox 2129 1763 2236 1811; x_wconf 86' lang='lat' dir='ltr'><strong>est!</strong></span> <span class='ocrx_word' id='word_1_133' title='bbox 2291 1760 2574 1809; x_wconf 88' lang='lat' dir='ltr'><strong>Diomedis</strong></span> <span class='ocrx_word' id='word_1_134' title='bbox 2610 1761 2797 1810; x_wconf 87' lang='lat' dir='ltr'><strong>hercle</strong></span> <span class='ocrx_word' id='word_1_135' title='bbox 2835 1777 2986 1809; x_wconf 79' lang='lat' dir='ltr'><strong>arma</strong></span> 
     </span>
     <span class='ocr_line' id='line_1_17' title="bbox 686 1827 2987 1893; baseline 0 -18"><span class='ocrx_word' id='word_1_136' title='bbox 686 1831 743 1876; x_wconf 87' lang='lat' dir='ltr'><strong>et</strong></span> <span class='ocrx_word' id='word_1_137' title='bbox 781 1828 977 1877; x_wconf 83' lang='lat' dir='ltr'><strong>Glauci</strong></span> <span class='ocrx_word' id='word_1_138' title='bbox 1016 1845 1124 1878; x_wconf 89' lang='lat' dir='ltr'><strong>non</strong></span> <span class='ocrx_word' id='word_1_139' title='bbox 1162 1829 1368 1893; x_wconf 78' lang='lat' dir='ltr'><strong>dispari</strong></span> <span class='ocrx_word' id='word_1_140' title='bbox 1407 1830 1580 1893; x_wconf 82' lang='lat' dir='ltr'><strong>magis</strong></span> <span class='ocrx_word' id='word_1_141' title='bbox 1617 1830 1798 1893; x_wconf 88' lang='lat' dir='ltr'><strong>pretio</strong></span> <span class='ocrx_word' id='word_1_142' title='bbox 1836 1830 2150 1879; x_wconf 83' lang='lat' dir='ltr'><strong>existimata</strong></span> <span class='ocrx_word' id='word_1_143' title='bbox 2188 1835 2328 1880; x_wconf 88' lang='lat' dir='ltr'><strong>sunt.</strong></span> <span class='ocrx_word' id='word_1_144' title='bbox 2416 1829 2744 1877; x_wconf 75' lang='lat' dir='ltr'><strong>Accesserat</strong></span> <span class='ocrx_word' id='word_1_145' title='bbox 2792 1827 2987 1877; x_wconf 82' lang='lat' dir='ltr'><strong>dehine</strong></span> 
     </span>
     <span class='ocr_line' id='line_1_18' title="bbox 687 1893 2982 1960; baseline 0 -18"><span class='ocrx_word' id='word_1_146' title='bbox 687 1893 853 1944; x_wconf 65' lang='lat' dir='ltr'><strong>let-tio</strong></span> <span class='ocrx_word' id='word_1_147' title='bbox 894 1896 961 1944; x_wconf 84' lang='lat' dir='ltr'><strong>ad</strong></span> <span class='ocrx_word' id='word_1_148' title='bbox 1003 1912 1124 1944; x_wconf 91' lang='lat' dir='ltr'><strong>eum</strong></span> <span class='ocrx_word' id='word_1_149' title='bbox 1172 1895 1370 1957; x_wconf 90' lang='lat' dir='ltr'><strong>locum,</strong></span> <span class='ocrx_word' id='word_1_150' title='bbox 1420 1897 1475 1945; x_wconf 90' lang='lat' dir='ltr'><strong>in</strong></span> <span class='ocrx_word' id='word_1_151' title='bbox 1523 1912 1627 1960; x_wconf 88' lang='lat' dir='ltr'><strong>quo</strong></span> <span class='ocrx_word' id='word_1_152' title='bbox 1678 1897 1964 1946; x_wconf 85' lang='lat' dir='ltr'><strong>maritus</strong></span> <span class='ocrx_word' id='word_1_153' title='bbox 2012 1912 2214 1945; x_wconf 81' lang='lat' dir='ltr'><strong>senex</strong></span> <span class='ocrx_word' id='word_1_154' title='bbox 2264 1911 2465 1960; x_wconf 86' lang='lat' dir='ltr'><strong>super</strong></span> <span class='ocrx_word' id='word_1_155' title='bbox 2513 1912 2715 1944; x_wconf 85' lang='lat' dir='ltr'><strong>uxore</strong></span> <span class='ocrx_word' id='word_1_156' title='bbox 2762 1896 2982 1944; x_wconf 84' lang='lat' dir='ltr'><strong>diuite</strong></span> 
     </span>
     <span class='ocr_line' id='line_1_19' title="bbox 689 1964 2986 2028; baseline 0.001 -19"><span class='ocrx_word' id='word_1_157' title='bbox 689 1966 894 2025; x_wconf 83' lang='lat' dir='ltr'><strong>atque</strong></span> <span class='ocrx_word' id='word_1_158' title='bbox 934 1964 1217 2013; x_wconf 82' lang='lat' dir='ltr'><strong>deformi</strong></span> <span class='ocrx_word' id='word_1_159' title='bbox 1258 1965 1697 2027; x_wconf 72' lang='lat' dir='ltr'><strong>querebatur,</strong></span> <span class='ocrx_word' id='word_1_160' title='bbox 1738 1964 1907 2028; x_wconf 86' lang='lat' dir='ltr'><strong>quod</strong></span> <span class='ocrx_word' id='word_1_161' title='bbox 1946 1964 2268 2013; x_wconf 76' lang='lat' dir='ltr'><strong>ancillam</strong></span> <span class='ocrx_word' id='word_1_162' title='bbox 2306 1978 2510 2022; x_wconf 83' lang='lat' dir='ltr'><strong>suam,</strong></span> <span class='ocrx_word' id='word_1_163' title='bbox 2561 1978 2685 2012; x_wconf 91' lang='lat' dir='ltr'><strong>uon</strong></span> <span class='ocrx_word' id='word_1_164' title='bbox 2725 1964 2986 2012; x_wconf 85' lang='lat' dir='ltr'><strong>inscito</strong></span> 
     </span>
     <span class='ocr_line' id='line_1_20' title="bbox 688 2029 2986 2092; baseline 0 -15"><span class='ocrx_word' id='word_1_165' title='bbox 688 2029 979 2092; x_wconf 81' lang='lat' dir='ltr'><strong>puellam</strong></span> <span class='ocrx_word' id='word_1_166' title='bbox 1034 2032 1422 2081; x_wconf 83' lang='lat' dir='ltr'><strong>ministerio</strong></span> <span class='ocrx_word' id='word_1_167' title='bbox 1481 2038 1544 2080; x_wconf 86' lang='lat' dir='ltr'><strong>et</strong></span> <span class='ocrx_word' id='word_1_168' title='bbox 1601 2031 1781 2081; x_wconf 80' lang='lat' dir='ltr'><strong>facie</strong></span> <span class='ocrx_word' id='word_1_169' title='bbox 1834 2032 1995 2080; x_wconf 84' lang='lat' dir='ltr'><strong>haut</strong></span> <span class='ocrx_word' id='word_1_170' title='bbox 2053 2029 2437 2089; x_wconf 76' lang='lat' dir='ltr'><strong>inliberali,</strong></span> <span class='ocrx_word' id='word_1_171' title='bbox 2505 2036 2782 2079; x_wconf 85' lang='lat' dir='ltr'><strong>coactus</strong></span> <span class='ocrx_word' id='word_1_172' title='bbox 2839 2034 2986 2079; x_wconf 85' lang='lat' dir='ltr'><strong>erat</strong></span> 
     </span>
     <span class='ocr_line' id='line_1_21' title="bbox 686 2097 2984 2163; baseline 0.001 -19"><span class='ocrx_word' id='word_1_173' title='bbox 686 2098 1075 2148; x_wconf 84' lang='lat' dir='ltr'><strong>uenundare</strong></span> <span class='ocrx_word' id='word_1_174' title='bbox 1114 2104 1505 2163; x_wconf 85' lang='lat' dir='ltr'><strong>suspectam</strong></span> <span class='ocrx_word' id='word_1_175' title='bbox 1551 2100 1743 2148; x_wconf 85' lang='lat' dir='ltr'><strong>uxori</strong></span> <span class='ocrx_word' id='word_1_176' title='bbox 1790 2100 1985 2163; x_wconf 88' lang='lat' dir='ltr'><strong>quasi</strong></span> <span class='ocrx_word' id='word_1_177' title='bbox 2037 2098 2388 2163; x_wconf 87' lang='lat' dir='ltr'><strong>paelicem.</strong></span> <span class='ocrx_word' id='word_1_178' title='bbox 2457 2097 2606 2148; x_wconf 86' lang='lat' dir='ltr'><strong>Nihil</strong></span> <span class='ocrx_word' id='word_1_179' title='bbox 2654 2097 2834 2147; x_wconf 85' lang='lat' dir='ltr'><strong>dicam</strong></span> <span class='ocrx_word' id='word_1_180' title='bbox 2880 2113 2984 2160; x_wconf 83' lang='lat' dir='ltr'><strong>ego</strong></span> 
     </span>
     <span class='ocr_line' id='line_1_22' title="bbox 687 2164 2984 2232; baseline 0.001 -21"><span class='ocrx_word' id='word_1_181' title='bbox 687 2169 945 2227; x_wconf 84' lang='lat' dir='ltr'><strong>quantum</strong></span> <span class='ocrx_word' id='word_1_182' title='bbox 985 2164 1222 2216; x_wconf 83' lang='lat' dir='ltr'><strong>differat</strong></span> <span class='ocrx_word' id='word_1_183' title='bbox 1293 2168 1498 2217; x_wconf 85' lang='lat' dir='ltr'><strong>Versus</strong></span> <span class='ocrx_word' id='word_1_184' title='bbox 1543 2168 1814 2232; x_wconf 84' lang='lat' dir='ltr'><strong>utrimque</strong></span> <span class='ocrx_word' id='word_1_185' title='bbox 1861 2167 2025 2216; x_wconf 84' lang='lat' dir='ltr'><strong>eximi</strong></span> <span class='ocrx_word' id='word_1_186' title='bbox 2063 2167 2196 2216; x_wconf 87' lang='lat' dir='ltr'><strong>iussi</strong></span> <span class='ocrx_word' id='word_1_187' title='bbox 2245 2171 2301 2216; x_wconf 88' lang='lat' dir='ltr'><strong>et</strong></span> <span class='ocrx_word' id='word_1_188' title='bbox 2337 2164 2463 2214; x_wconf 88' lang='lat' dir='ltr'><strong>aliis</strong></span> <span class='ocrx_word' id='word_1_189' title='bbox 2500 2165 2570 2215; x_wconf 86' lang='lat' dir='ltr'><strong>ad</strong></span> <span class='ocrx_word' id='word_1_190' title='bbox 2607 2165 2865 2215; x_wconf 86' lang='lat' dir='ltr'><strong>iudicium</strong></span> <span class='ocrx_word' id='word_1_191' title='bbox 2903 2165 2984 2214; x_wconf 85' lang='lat' dir='ltr'><strong>fa·</strong></span> 
     </span>
     <span class='ocr_line' id='line_1_23' title="bbox 687 2232 1718 2297; baseline 0.005 -18"><span class='ocrx_word' id='word_1_192' title='bbox 687 2232 941 2282; x_wconf 88' lang='lat' dir='ltr'><strong>ciundum</strong></span> <span class='ocrx_word' id='word_1_193' title='bbox 981 2235 1195 2297; x_wconf 84' lang='lat' dir='ltr'><strong>exponi.</strong></span> <span class='ocrx_word' id='word_1_194' title='bbox 1270 2234 1570 2284; x_wconf 86' lang='lat' dir='ltr'><strong>Menander</strong></span> <span class='ocrx_word' id='word_1_195' title='bbox 1607 2236 1718 2284; x_wconf 88' lang='lat' dir='ltr'><strong>sic.</strong></span> 
     </span>
    </p>
   </div>
   <div class='ocr_carea' id='block_1_5' title="bbox 1090 2316 2458 3004">
    <p class='ocr_par' dir='ltr' id='par_1_5' title="bbox 1091 2316 2458 3004">
     <span class='ocr_line' id='line_1_24' title="bbox 1098 2316 2342 2409; baseline -0.001 -31"><span class='ocrx_word' id='word_1_196' title='bbox 1098 2317 1190 2378; x_wconf 72' lang='grc' dir='ltr'><strong>ἐπ’</strong></span> <span class='ocrx_word' id='word_1_197' title='bbox 1233 2316 1541 2391; x_wconf 75' lang='grc' dir='ltr'><strong><em>ἀμφότερα</em></strong></span> <span class='ocrx_word' id='word_1_198' title='bbox 1578 2327 1685 2378; x_wconf 83' lang='grc' dir='ltr'><strong>νῦν</strong></span> <span class='ocrx_word' id='word_1_199' title='bbox 1722 2319 1757 2393; x_wconf 82' lang='grc' dir='ltr'><strong><em>ἡ</em></strong></span> <span class='ocrx_word' id='word_1_200' title='bbox 1794 2319 2086 2392; x_wconf 79' lang='grc' dir='ltr'><strong><em>’πίκληρος</em></strong></span> <span class='ocrx_word' id='word_1_201' title='bbox 2123 2323 2158 2393; x_wconf 83' lang='grc' dir='ltr'><em>ἡ</em></span> <span class='ocrx_word' id='word_1_202' title='bbox 2196 2324 2342 2409; x_wconf 72' lang='grc' dir='ltr'><strong><em>καλὴ</em></strong></span> 
     </span>
     <span class='ocr_line' id='line_1_25' title="bbox 1090 2387 2375 2471; baseline 0.001 -26.037"><span class='ocrx_word' id='word_1_203' title='bbox 1090 2390 1285 2458; x_wconf 79' lang='grc' dir='ltr'><strong><em>μέλλει</em></strong></span> <span class='ocrx_word' id='word_1_204' title='bbox 1322 2387 1735 2471; x_wconf 78' lang='grc' dir='ltr'><strong><em>καθευδήσειν</em></strong></span> <span class='ocrx_word' id='word_1_205' title='bbox 1781 2394 2188 2461; x_wconf 72' lang='grc' dir='ltr'><strong><em>κατείργασται</em></strong></span> <span class='ocrx_word' id='word_1_206' title='bbox 2224 2390 2375 2462; x_wconf 75' lang='grc' dir='ltr'><strong><em>μέγα</em></strong></span> 
     </span>
     <span class='ocr_line' id='line_1_26' title="bbox 1092 2455 2275 2541; baseline 0.001 -30"><span class='ocrx_word' id='word_1_207' title='bbox 1092 2459 1193 2512; x_wconf 80' lang='grc' dir='ltr'><strong><em>καὶ</em></strong></span> <span class='ocrx_word' id='word_1_208' title='bbox 1230 2456 1577 2541; x_wconf 67' lang='grc' dir='ltr'><strong><em>περιβόητον</em></strong></span> <span class='ocrx_word' id='word_1_209' title='bbox 1612 2458 1804 2527; x_wconf 79' lang='grc' dir='ltr'><strong><em>ἔργον·</em></strong></span> <span class='ocrx_word' id='word_1_210' title='bbox 1844 2455 1906 2514; x_wconf 74' lang='grc' dir='ltr'><strong>ἐκ</strong></span> <span class='ocrx_word' id='word_1_211' title='bbox 1942 2480 2044 2522; x_wconf 73' lang='lat' dir='ltr'><strong>tre</strong></span> <span class='ocrx_word' id='word_1_212' title='bbox 2083 2458 2275 2521; x_wconf 77' lang='grc' dir='ltr'><strong><em>οἰκίας</em></strong></span> 
     </span>
     <span class='ocr_line' id='line_1_27' title="bbox 1093 2520 2250 2610; baseline 0 -29"><span class='ocrx_word' id='word_1_213' title='bbox 1093 2522 1327 2610; x_wconf 71' lang='grc' dir='ltr'><strong><em>ἐξέβαλε</em></strong></span> <span class='ocrx_word' id='word_1_214' title='bbox 1365 2522 1483 2610; x_wconf 80' lang='grc' dir='ltr'><strong>τὴν</strong></span> <span class='ocrx_word' id='word_1_215' title='bbox 1509 2529 1809 2582; x_wconf 74' lang='grc' dir='ltr'><strong><em>λυποῦσαν</em></strong></span> <span class='ocrx_word' id='word_1_216' title='bbox 1845 2520 1918 2596; x_wconf 80' lang='grc' dir='ltr'><strong>ἣν</strong></span> <span class='ocrx_word' id='word_1_217' title='bbox 1955 2526 1982 2582; x_wconf 75' lang='grc' dir='ltr'><strong><em>ἕ</em></strong></span> <span class='ocrx_word' id='word_1_218' title='bbox 2023 2527 2250 2591; x_wconf 78' lang='grc' dir='ltr'><strong><em>ου’λετο,</em></strong></span> 
     </span>
     <span class='ocr_line' id='line_1_28' title="bbox 1094 2570 2434 2678; baseline 0.001 -30"><span class='ocrx_word' id='word_1_219' title='bbox 1094 2596 1153 2648; x_wconf 81' lang='grc' dir='ltr'><strong>ΐν</strong></span> <span class='ocrx_word' id='word_1_220' title='bbox 1190 2591 1589 2678; x_wconf 76' lang='grc' dir='ltr'><strong><em>αποβλὲπωσι</em></strong></span> <span class='ocrx_word' id='word_1_221' title='bbox 1622 2615 1837 2676; x_wconf 81' lang='grc' dir='ltr'><strong><em>παντες</em></strong></span> <span class='ocrx_word' id='word_1_222' title='bbox 1877 2596 1959 2659; x_wconf 74' lang='grc' dir='ltr'><strong>εἰς</strong></span> <span class='ocrx_word' id='word_1_223' title='bbox 1996 2594 2059 2650; x_wconf 83' lang='grc' dir='ltr'><strong>τὰ</strong></span> <span class='ocrx_word' id='word_1_224' title='bbox 2102 2601 2152 2650; x_wconf 82' lang='grc' dir='ltr'><em>Κ</em></span> <span class='ocrx_word' id='word_1_225' title='bbox 2189 2570 2434 2678; x_wconf 71' lang='grc' dir='ltr'><strong><em>ωβύλης</em></strong></span> 
     </span>
     <span class='ocr_line' id='line_1_29' title="bbox 1092 2652 2442 2747; baseline 0.003 -33"><span class='ocrx_word' id='word_1_226' title='bbox 1092 2660 1423 2747; x_wconf 76' lang='grc' dir='ltr'><strong><em>πρόσωπον,</em></strong></span> <span class='ocrx_word' id='word_1_227' title='bbox 1462 2652 1498 2730; x_wconf 80' lang='grc' dir='ltr'><strong><em>ᾖ</em></strong></span> <span class='ocrx_word' id='word_1_228' title='bbox 1535 2683 1563 2715; x_wconf 85' lang='grc' dir='ltr'><strong><em>τ</em></strong></span> <span class='ocrx_word' id='word_1_229' title='bbox 1628 2657 1965 2745; x_wconf 76' lang='grc' dir='ltr'><strong><em>εὖγνωστος</em></strong></span> <span class='ocrx_word' id='word_1_230' title='bbox 1981 2655 2108 2718; x_wconf 79' lang='grc' dir='ltr'><strong><em>οὖσ’</em></strong></span> <span class='ocrx_word' id='word_1_231' title='bbox 2179 2683 2257 2731; x_wconf 83' lang='grc' dir='ltr'><strong>μη</strong></span> <span class='ocrx_word' id='word_1_232' title='bbox 2294 2683 2442 2733; x_wconf 80' lang='grc' dir='ltr'><strong><em>γυνη</em></strong></span> 
     </span>
     <span class='ocr_line' id='line_1_30' title="bbox 1098 2718 2318 2812; baseline 0.003 -32"><span class='ocrx_word' id='word_1_233' title='bbox 1098 2728 1396 2784; x_wconf 71' lang='grc' dir='ltr'><strong><em>δέσποινα.</em></strong></span> <span class='ocrx_word' id='word_1_234' title='bbox 1467 2718 1566 2783; x_wconf 77' lang='grc' dir='ltr'><strong><em>καὶ</em></strong></span> <span class='ocrx_word' id='word_1_235' title='bbox 1605 2727 1714 2796; x_wconf 82' lang='grc' dir='ltr'><strong>τὴν</strong></span> <span class='ocrx_word' id='word_1_236' title='bbox 1749 2725 1904 2812; x_wconf 74' lang='grc' dir='ltr'><strong><em>ὄψιν</em></strong></span> <span class='ocrx_word' id='word_1_237' title='bbox 1929 2725 2003 2811; x_wconf 81' lang='grc' dir='ltr'><strong>ἣν</strong></span> <span class='ocrx_word' id='word_1_238' title='bbox 2040 2726 2318 2810; x_wconf 75' lang='grc' dir='ltr'><strong><em>ἐκτήσατο</em></strong></span> 
     </span>
     <span class='ocr_line' id='line_1_31' title="bbox 1091 2793 2374 2883; baseline 0.001 -31"><span class='ocrx_word' id='word_1_239' title='bbox 1091 2794 1224 2858; x_wconf 86' lang='grc' dir='ltr'><strong><em>ὄνος</em></strong></span> <span class='ocrx_word' id='word_1_240' title='bbox 1260 2795 1323 2851; x_wconf 78' lang='grc' dir='ltr'><strong>ἔν</strong></span> <span class='ocrx_word' id='word_1_241' title='bbox 1357 2793 1638 2864; x_wconf 78' lang='grc' dir='ltr'><strong><em>πιθήκοις</em></strong></span> <span class='ocrx_word' id='word_1_242' title='bbox 1676 2794 1795 2852; x_wconf 74' lang='grc' dir='ltr'><strong><em>ἐστὶ</em></strong></span> <span class='ocrx_word' id='word_1_243' title='bbox 1833 2796 1906 2868; x_wconf 79' lang='grc' dir='ltr'><strong>δή</strong></span> <span class='ocrx_word' id='word_1_244' title='bbox 1945 2793 2009 2852; x_wconf 86' lang='grc' dir='ltr'><strong>τὸ</strong></span> <span class='ocrx_word' id='word_1_245' title='bbox 2034 2794 2374 2883; x_wconf 76' lang='grc' dir='ltr'><strong><em>λεγόμενον.</em></strong></span> 
     </span>
     <span class='ocr_line' id='line_1_32' title="bbox 1095 2862 2458 2948; baseline 0.001 -30"><span class='ocrx_word' id='word_1_246' title='bbox 1095 2866 1264 2919; x_wconf 82' lang='grc' dir='ltr'><strong><em>τοῦτο</em></strong></span> <span class='ocrx_word' id='word_1_247' title='bbox 1302 2865 1366 2919; x_wconf 65' lang='grc' dir='ltr'><strong>δὲ</strong></span> <span class='ocrx_word' id='word_1_248' title='bbox 1404 2882 1628 2918; x_wconf 80' lang='grc' dir='ltr'><strong><em>σιωπαν</em></strong></span> <span class='ocrx_word' id='word_1_249' title='bbox 1664 2862 1947 2948; x_wconf 78' lang='grc' dir='ltr'><strong><em>βούλομαι</em></strong></span> <span class='ocrx_word' id='word_1_250' title='bbox 1985 2866 2093 2934; x_wconf 89' lang='grc' dir='ltr'><strong>τὴν</strong></span> <span class='ocrx_word' id='word_1_251' title='bbox 2130 2864 2312 2920; x_wconf 80' lang='grc' dir='ltr'><strong><em>νύκτα</em></strong></span> <span class='ocrx_word' id='word_1_252' title='bbox 2348 2863 2458 2935; x_wconf 85' lang='grc' dir='ltr'><strong>τὴν</strong></span> 
     </span>
     <span class='ocr_line' id='line_1_33' title="bbox 1092 2928 2437 3004; baseline 0.001 -20"><span class='ocrx_word' id='word_1_253' title='bbox 1092 2936 1318 2987; x_wconf 78' lang='grc' dir='ltr'><strong><em>πολλῶν</em></strong></span> <span class='ocrx_word' id='word_1_254' title='bbox 1353 2934 1547 2987; x_wconf 79' lang='grc' dir='ltr'><strong><em>κακῶν</em></strong></span> <span class='ocrx_word' id='word_1_255' title='bbox 1584 2928 1856 3004; x_wconf 69' lang='grc' dir='ltr'><strong>ἀρχηγόν.</strong></span> <span class='ocrx_word' id='word_1_256' title='bbox 1930 2936 2085 3004; x_wconf 74' lang='grc' dir='ltr'><strong><em>οἴμοι</em></strong></span> <span class='ocrx_word' id='word_1_257' title='bbox 2123 2930 2437 3003; x_wconf 74' lang='grc' dir='ltr'><strong><em>Κρωβύλην</em></strong></span> 
     </span>
    </p>
   </div>
   <div class='ocr_carea' id='block_1_6' title="bbox 688 3116 2985 3382">
    <p class='ocr_par' dir='ltr' id='par_1_6' title="bbox 688 3116 2985 3382">
     <span class='ocr_line' id='line_1_34' title="bbox 688 3116 2820 3213; baseline 0 -18"><span class='ocrx_word' id='word_1_258' title='bbox 688 3142 817 3195; x_wconf 82' lang='lat' dir='ltr'><strong>olim</strong></span> <span class='ocrx_word' id='word_1_259' title='bbox 850 3144 1213 3197; x_wconf 69' lang='lat' dir='ltr'><strong>coniecerant</strong></span> <span class='ocrx_word' id='word_1_260' title='bbox 1385 3116 1635 3213; x_wconf 64' lang='lat' dir='ltr'><strong>iudicium</strong></span> <span class='ocrx_word' id='word_1_261' title='bbox 1697 3142 1821 3197; x_wconf 64' lang='grc' dir='ltr'><strong><em>γαί.</em></strong></span> <span class='ocrx_word' id='word_1_262' title='bbox 2039 3158 2189 3197; x_wconf 79' lang='lat' dir='ltr'><strong>meae</strong></span> <span class='ocrx_word' id='word_1_263' title='bbox 2246 3143 2470 3211; x_wconf 80' lang='lat' dir='ltr'><strong>addidi,</strong></span> <span class='ocrx_word' id='word_1_264' title='bbox 2526 3159 2631 3197; x_wconf 88' lang='lat' dir='ltr'><strong>om.</strong></span> <span class='ocrx_word' id='word_1_265' title='bbox 2686 3142 2820 3197; x_wconf 83' lang='lat' dir='ltr'><strong>libri</strong></span> 
     </span>
     <span class='ocr_line' id='line_1_35' title="bbox 695 3225 2980 3298; baseline -0.001 -18"><span class='ocrx_word' id='word_1_266' title='bbox 695 3225 891 3280; x_wconf 82' lang='lat' dir='ltr'><strong>Totum</strong></span> <span class='ocrx_word' id='word_1_267' title='bbox 922 3240 1153 3281; x_wconf 81' lang='lat' dir='ltr'><strong>uersum</strong></span> <span class='ocrx_word' id='word_1_268' title='bbox 1183 3229 1267 3282; x_wconf 84' lang='lat' dir='ltr'><strong>sic</strong></span> <span class='ocrx_word' id='word_1_269' title='bbox 1300 3228 1664 3298; x_wconf 80' lang='lat' dir='ltr'><strong>conformari</strong></span> <span class='ocrx_word' id='word_1_270' title='bbox 1707 3227 1887 3282; x_wconf 81' lang='lat' dir='ltr'><strong>uoluit</strong></span> <span class='ocrx_word' id='word_1_271' title='bbox 1917 3227 2332 3282; x_wconf 77' lang='lat' dir='ltr'><strong>Fleckeisenus</strong></span> <span class='ocrx_word' id='word_1_272' title='bbox 2361 3229 2400 3281; x_wconf 84' lang='lat'><strong>1.</strong></span> <span class='ocrx_word' id='word_1_273' title='bbox 2431 3228 2499 3281; x_wconf 83' lang='lat'><strong>1.:</strong></span> <span class='ocrx_word' id='word_1_274' title='bbox 2550 3256 2624 3264; x_wconf 93' lang='lat'>—</span> <span class='ocrx_word' id='word_1_275' title='bbox 2673 3225 2718 3279; x_wconf 88' lang='lat' dir='ltr'><strong>si</strong></span> <span class='ocrx_word' id='word_1_276' title='bbox 2762 3235 2980 3291; x_wconf 76' lang='lat' dir='ltr'><strong>taceam,</strong></span> 
     </span>
     <span class='ocr_line' id='line_1_36' title="bbox 691 3309 2985 3382; baseline -0 -18"><span class='ocrx_word' id='word_1_277' title='bbox 691 3318 864 3364; x_wconf 80' lang='lat' dir='ltr'><strong>tamen</strong></span> <span class='ocrx_word' id='word_1_278' title='bbox 914 3309 1165 3364; x_wconf 87' lang='lat' dir='ltr'><strong>indicium</strong></span> <span class='ocrx_word' id='word_1_279' title='bbox 1225 3310 1283 3365; x_wconf 76' lang='lat' dir='ltr'><strong>nt</strong></span> <span class='ocrx_word' id='word_1_280' title='bbox 1328 3342 1407 3351; x_wconf 90' lang='lat'><strong>—</strong></span> <span class='ocrx_word' id='word_1_281' title='bbox 1458 3309 1594 3380; x_wconf 78' lang='lat' dir='ltr'><strong>quae</strong></span> <span class='ocrx_word' id='word_1_282' title='bbox 1653 3311 1755 3364; x_wconf 88' lang='lat' dir='ltr'><strong>nisi</strong></span> <span class='ocrx_word' id='word_1_283' title='bbox 1800 3309 1982 3365; x_wconf 86' lang='lat' dir='ltr'><strong>dotem</strong></span> <span class='ocrx_word' id='word_1_284' title='bbox 2030 3310 2204 3365; x_wconf 74' lang='lat' dir='ltr'><strong>otunia</strong></span> <span class='ocrx_word' id='word_1_285' title='bbox 2383 3309 2497 3366; x_wconf 87' lang='grc'><strong>145</strong></span> <span class='ocrx_word' id='word_1_286' title='bbox 2543 3326 2666 3382; x_wconf 78' lang='lat' dir='ltr'><strong>sqq.</strong></span> <span class='ocrx_word' id='word_1_287' title='bbox 2717 3323 2985 3363; x_wconf 82' lang='lat' dir='ltr'><strong>numeros</strong></span> 
     </span>
    </p>
   </div>
   <div class='ocr_carea' id='block_1_7' title="bbox 686 3389 2986 4398">
    <p class='ocr_par' dir='ltr' id='par_1_7' title="bbox 686 3389 2986 4398">
     <span class='ocr_line' id='line_1_37' title="bbox 690 3389 2979 3467; baseline -0.002 -18"><span class='ocrx_word' id='word_1_288' title='bbox 690 3397 818 3449; x_wconf 86' lang='lat' dir='ltr'><strong>olim</strong></span> <span class='ocrx_word' id='word_1_289' title='bbox 851 3413 885 3447; x_wconf 82' lang='lat' dir='ltr'><strong>a</strong></span> <span class='ocrx_word' id='word_1_290' title='bbox 918 3410 1004 3448; x_wconf 79' lang='lat' dir='ltr'><strong>me</strong></span> <span class='ocrx_word' id='word_1_291' title='bbox 1036 3398 1371 3453; x_wconf 77' lang='lat' dir='ltr'><strong>constitutos</strong></span> <span class='ocrx_word' id='word_1_292' title='bbox 1400 3396 1633 3451; x_wconf 81' lang='lat' dir='ltr'><strong>retinui.</strong></span> <span class='ocrx_word' id='word_1_293' title='bbox 1712 3395 2130 3450; x_wconf 76' lang='lat' dir='ltr'><strong>Fleckeisenus</strong></span> <span class='ocrx_word' id='word_1_294' title='bbox 2159 3398 2197 3451; x_wconf 90' lang='lat' dir='ltr'><strong>l.</strong></span> <span class='ocrx_word' id='word_1_295' title='bbox 2228 3398 2268 3452; x_wconf 88' lang='lat' dir='ltr'><strong>l.</strong></span> <span class='ocrx_word' id='word_1_296' title='bbox 2300 3399 2416 3452; x_wconf 86' lang='lat' dir='ltr'><strong>sic.-</strong></span> <span class='ocrx_word' id='word_1_297' title='bbox 2463 3394 2598 3467; x_wconf 76' lang='lat' dir='ltr'><strong>quae</strong></span> <span class='ocrx_word' id='word_1_298' title='bbox 2630 3392 2773 3447; x_wconf 90' lang='lat' dir='ltr'><strong>nolis</strong></span> <span class='ocrx_word' id='word_1_299' title='bbox 2806 3389 2979 3446; x_wconf 77' lang='lat' dir='ltr'><strong>habet.</strong></span> 
     </span>
     <span class='ocr_line' id='line_1_38' title="bbox 690 3475 2983 3552; baseline -0 -21"><span class='ocrx_word' id='word_1_300' title='bbox 690 3479 783 3549; x_wconf 88' lang='lat' dir='ltr'><strong>qui</strong></span> <span class='ocrx_word' id='word_1_301' title='bbox 847 3479 1021 3550; x_wconf 81' lang='lat' dir='ltr'><strong>sapiet</strong></span> <span class='ocrx_word' id='word_1_302' title='bbox 1084 3478 1149 3532; x_wconf 75' lang='grc' dir='ltr'><strong>(Ιό</strong></span> <span class='ocrx_word' id='word_1_303' title='bbox 1205 3495 1288 3533; x_wconf 87' lang='lat' dir='ltr'><strong>me</strong></span> <span class='ocrx_word' id='word_1_304' title='bbox 1354 3480 1557 3547; x_wconf 80' lang='lat' dir='ltr'><strong>discet,</strong></span> <span class='ocrx_word' id='word_1_305' title='bbox 1625 3479 1716 3552; x_wconf 87' lang='lat' dir='ltr'><strong>qui</strong></span> <span class='ocrx_word' id='word_1_306' title='bbox 1776 3480 1926 3551; x_wconf 82' lang='lat' dir='ltr'><strong>quasi</strong></span> <span class='ocrx_word' id='word_1_307' title='bbox 1973 3478 2048 3532; x_wconf 74' lang='lat' dir='ltr'><strong>Ad</strong></span> <span class='ocrx_word' id='word_1_308' title='bbox 2099 3477 2269 3535; x_wconf 74' lang='lat' dir='ltr'><strong>hostis</strong></span> <span class='ocrx_word' id='word_1_309' title='bbox 2325 3487 2513 3552; x_wconf 79' lang='lat' dir='ltr'><strong>captus</strong></span> <span class='ocrx_word' id='word_1_310' title='bbox 2567 3475 2733 3533; x_wconf 87' lang='lat' dir='ltr'><strong>libere</strong></span> <span class='ocrx_word' id='word_1_311' title='bbox 2791 3475 2983 3530; x_wconf 68' lang='lat' dir='ltr'><strong>scu-uio</strong></span> 
     </span>
     <span class='ocr_line' id='line_1_39' title="bbox 688 3560 2984 3635; baseline -0.001 -20"><span class='ocrx_word' id='word_1_312' title='bbox 688 3560 835 3616; x_wconf 82' lang='lat' dir='ltr'><strong>salua</strong></span> <span class='ocrx_word' id='word_1_313' title='bbox 885 3561 1015 3616; x_wconf 87' lang='lat' dir='ltr'><strong>urbe</strong></span> <span class='ocrx_word' id='word_1_314' title='bbox 1060 3571 1221 3635; x_wconf 81' lang='lat' dir='ltr'><strong>atque</strong></span> <span class='ocrx_word' id='word_1_315' title='bbox 1267 3582 1406 3620; x_wconf 84' lang='lat' dir='ltr'><strong>arce.</strong></span> <span class='ocrx_word' id='word_1_316' title='bbox 1498 3562 1778 3619; x_wconf 79' lang='lat' dir='ltr'><strong>Senarios</strong></span> <span class='ocrx_word' id='word_1_317' title='bbox 1823 3567 2120 3620; x_wconf 79' lang='lat' dir='ltr'><strong>continuat</strong></span> <span class='ocrx_word' id='word_1_318' title='bbox 2176 3580 2305 3619; x_wconf 84' lang='lat' dir='ltr'><strong>cum</strong></span> <span class='ocrx_word' id='word_1_319' title='bbox 2351 3563 2556 3619; x_wconf 74' lang='lat' dir='ltr'><strong>Bomio</strong></span> <span class='ocrx_word' id='word_1_320' title='bbox 2618 3561 2984 3633; x_wconf 68' lang='lat' dir='ltr'><strong>Spenqelius:</strong></span> 
     </span>
     <span class='ocr_line' id='line_1_40' title="bbox 690 3643 2986 3720; baseline -0.001 -19"><span class='ocrx_word' id='word_1_321' title='bbox 690 3644 849 3701; x_wconf 76' lang='lat' dir='ltr'><strong>habet</strong></span> <span class='ocrx_word' id='word_1_322' title='bbox 908 3662 1045 3718; x_wconf 82' lang='lat' dir='ltr'><strong>quae</strong></span> <span class='ocrx_word' id='word_1_323' title='bbox 1104 3647 1259 3702; x_wconf 82' lang='lat' dir='ltr'><strong>noliS.</strong></span> <span class='ocrx_word' id='word_1_324' title='bbox 1323 3650 1388 3705; x_wconf 84' lang='lat' dir='ltr'><strong>‹le</strong></span> <span class='ocrx_word' id='word_1_325' title='bbox 1444 3665 1529 3705; x_wconf 88' lang='lat' dir='ltr'><strong>me</strong></span> <span class='ocrx_word' id='word_1_326' title='bbox 1574 3647 1769 3717; x_wconf 82' lang='lat' dir='ltr'><strong>discet,</strong></span> <span class='ocrx_word' id='word_1_327' title='bbox 1816 3649 1906 3720; x_wconf 88' lang='lat' dir='ltr'><strong>qui</strong></span> <span class='ocrx_word' id='word_1_328' title='bbox 1951 3649 2122 3720; x_wconf 79' lang='lat' dir='ltr'><strong>sapit,</strong></span> <span class='ocrx_word' id='word_1_329' title='bbox 2179 3646 2277 3714; x_wconf 82' lang='lat' dir='ltr'><strong>Qui</strong></span> <span class='ocrx_word' id='word_1_330' title='bbox 2326 3649 2478 3720; x_wconf 71' lang='lat' dir='ltr'><strong>quzisi</strong></span> <span class='ocrx_word' id='word_1_331' title='bbox 2537 3646 2599 3701; x_wconf 82' lang='lat' dir='ltr'><strong>ad</strong></span> <span class='ocrx_word' id='word_1_332' title='bbox 2648 3647 2695 3700; x_wconf 82' lang='lat' dir='ltr'><strong>h.</strong></span> <span class='ocrx_word' id='word_1_333' title='bbox 2749 3662 2792 3700; x_wconf 89' lang='lat' dir='ltr'><strong>c.</strong></span> <span class='ocrx_word' id='word_1_334' title='bbox 2851 3643 2986 3699; x_wconf 85' lang='lat' dir='ltr'><strong>liber</strong></span> 
     </span>
     <span class='ocr_line' id='line_1_41' title="bbox 688 3729 2982 3805; baseline -0 -20"><span class='ocrx_word' id='word_1_335' title='bbox 688 3731 869 3785; x_wconf 86' lang='lat' dir='ltr'><strong>seruio</strong></span> <span class='ocrx_word' id='word_1_336' title='bbox 916 3729 1074 3786; x_wconf 81' lang='lat' dir='ltr'><strong>Salua</strong></span> <span class='ocrx_word' id='word_1_337' title='bbox 1123 3730 1252 3787; x_wconf 72' lang='lat' dir='ltr'><strong>urbe</strong></span> <span class='ocrx_word' id='word_1_338' title='bbox 1298 3751 1341 3788; x_wconf 78' lang='lat' dir='ltr'><strong>a.</strong></span> <span class='ocrx_word' id='word_1_339' title='bbox 1391 3752 1433 3788; x_wconf 76' lang='lat' dir='ltr'><strong>a</strong></span> <span class='ocrx_word' id='word_1_340' title='bbox 1529 3731 1766 3788; x_wconf 80' lang='lat' dir='ltr'><strong>Codices</strong></span> <span class='ocrx_word' id='word_1_341' title='bbox 1810 3736 1868 3786; x_wconf 85' lang='lat' dir='ltr'><strong>in</strong></span> <span class='ocrx_word' id='word_1_342' title='bbox 1913 3732 2002 3787; x_wconf 78' lang='lat' dir='ltr'><strong>his</strong></span> <span class='ocrx_word' id='word_1_343' title='bbox 2033 3733 2395 3803; x_wconf 79' lang='lat' dir='ltr'><strong>discrepant:</strong></span> <span class='ocrx_word' id='word_1_344' title='bbox 2442 3732 2613 3805; x_wconf 79' lang='lat' dir='ltr'><strong>sapiet</strong></span> <span class='ocrx_word' id='word_1_345' title='bbox 2656 3731 2810 3787; x_wconf 72' lang='lat' dir='ltr'><strong>Rau.</strong></span> <span class='ocrx_word' id='word_1_346' title='bbox 2861 3730 2982 3785; x_wconf 64' lang='grc' dir='ltr'><strong>ναί</strong></span> 
     </span>
     <span class='ocr_line' id='line_1_42' title="bbox 860 3813 2983 3889; baseline -0 -20"><span class='ocrx_word' id='word_1_347' title='bbox 860 3814 1030 3870; x_wconf 82' lang='lat' dir='ltr'><strong>diseat</strong></span> <span class='ocrx_word' id='word_1_348' title='bbox 1079 3815 1263 3872; x_wconf 71' lang='lat' dir='ltr'><strong>Burri.</strong></span> <span class='ocrx_word' id='word_1_349' title='bbox 1313 3819 1393 3888; x_wconf 85' lang='lat' dir='ltr'><strong>A,</strong></span> <span class='ocrx_word' id='word_1_350' title='bbox 1451 3835 1563 3874; x_wconf 85' lang='lat' dir='ltr'><strong>non</strong></span> <span class='ocrx_word' id='word_1_351' title='bbox 1611 3818 1760 3871; x_wconf 79' lang='lat' dir='ltr'><strong>male</strong></span> <span class='ocrx_word' id='word_1_352' title='bbox 2024 3816 2139 3872; x_wconf 77' lang='lat'><strong>146</strong></span> <span class='ocrx_word' id='word_1_353' title='bbox 2186 3825 2372 3889; x_wconf 75' lang='lat' dir='ltr'><strong>eaptus</strong></span> <span class='ocrx_word' id='word_1_354' title='bbox 2418 3814 2553 3870; x_wconf 85' lang='lat' dir='ltr'><strong>liber</strong></span> <span class='ocrx_word' id='word_1_355' title='bbox 2606 3814 2741 3888; x_wconf 70' lang='lat' dir='ltr'><strong>Rey</strong></span> <span class='ocrx_word' id='word_1_356' title='bbox 2793 3813 2983 3885; x_wconf 80' lang='lat' dir='ltr'><strong>Guelf.</strong></span> 
     </span>
     <span class='ocr_line' id='line_1_43' title="bbox 688 3899 2812 3975; baseline 0 -22"><span class='ocrx_word' id='word_1_357' title='bbox 688 3900 877 3954; x_wconf 83' lang='lat' dir='ltr'><strong>Burn.</strong></span> <span class='ocrx_word' id='word_1_358' title='bbox 928 3902 977 3954; x_wconf 88' lang='grc' dir='ltr'><em>Α</em></span> <span class='ocrx_word' id='word_1_359' title='bbox 1033 3900 1168 3956; x_wconf 86' lang='lat' dir='ltr'><strong>liber</strong></span> <span class='ocrx_word' id='word_1_360' title='bbox 1224 3910 1411 3975; x_wconf 79' lang='lat' dir='ltr'><strong>captus</strong></span> <span class='ocrx_word' id='word_1_361' title='bbox 1464 3902 1612 3958; x_wconf 80' lang='lat' dir='ltr'><strong>Rott.</strong></span> <span class='ocrx_word' id='word_1_362' title='bbox 1671 3908 1859 3974; x_wconf 81' lang='lat' dir='ltr'><strong>eaptus</strong></span> <span class='ocrx_word' id='word_1_363' title='bbox 1917 3899 2081 3956; x_wconf 78' lang='lat' dir='ltr'><strong>libere</strong></span> <span class='ocrx_word' id='word_1_364' title='bbox 2146 3902 2267 3956; x_wconf 71' lang='lat' dir='ltr'><strong>Va!</strong></span> <span class='ocrx_word' id='word_1_365' title='bbox 2401 3902 2606 3974; x_wconf 54' lang='lat' dir='ltr'><strong>seiruio</strong></span> <span class='ocrx_word' id='word_1_366' title='bbox 2658 3900 2812 3956; x_wconf 79' lang='lat' dir='ltr'><strong>Rou.</strong></span> 
     </span>
     <span class='ocr_line' id='line_1_44' title="bbox 694 3978 2986 4058; baseline -0.001 -20"><span class='ocrx_word' id='word_1_367' title='bbox 694 3982 810 4039; x_wconf 82' lang='lat'><strong>147</strong></span> <span class='ocrx_word' id='word_1_368' title='bbox 845 3993 899 4039; x_wconf 85' lang='lat' dir='ltr'><strong>et</strong></span> <span class='ocrx_word' id='word_1_369' title='bbox 934 3983 1052 4042; x_wconf 79' lang='lat'><strong>148</strong></span> <span class='ocrx_word' id='word_1_370' title='bbox 1087 3990 1425 4057; x_wconf 76' lang='lat' dir='ltr'><strong>transposui</strong></span> <span class='ocrx_word' id='word_1_371' title='bbox 1598 3984 1715 4041; x_wconf 87' lang='grc'><strong>147</strong></span> <span class='ocrx_word' id='word_1_372' title='bbox 1763 3984 1889 4039; x_wconf 87' lang='lat' dir='ltr'><strong>dum</strong></span> <span class='ocrx_word' id='word_1_373' title='bbox 1922 4002 2027 4058; x_wconf 84' lang='lat' dir='ltr'><strong>ego</strong></span> <span class='ocrx_word' id='word_1_374' title='bbox 2074 3986 2189 4040; x_wconf 85' lang='lat' dir='ltr'><strong>eius</strong></span> <span class='ocrx_word' id='word_1_375' title='bbox 2221 3986 2441 4041; x_wconf 80' lang='lat' dir='ltr'><strong>Nonius</strong></span> <span class='ocrx_word' id='word_1_376' title='bbox 2568 3984 2678 4038; x_wconf 88' lang='lat' dir='ltr'><strong>inio</strong></span> <span class='ocrx_word' id='word_1_377' title='bbox 2717 3984 2897 4039; x_wconf 84' lang='lat' dir='ltr'><strong>Burn.</strong></span> <span class='ocrx_word' id='word_1_378' title='bbox 2934 3978 2986 4036; x_wconf 89' lang='lat' dir='ltr'><em>B</em></span> 
     </span>
     <span class='ocr_line' id='line_1_45' title="bbox 688 4068 2876 4142; baseline -0 -21"><span class='ocrx_word' id='word_1_379' title='bbox 688 4069 741 4121; x_wconf 87' lang='lat' dir='ltr'><strong>in</strong></span> <span class='ocrx_word' id='word_1_380' title='bbox 800 4069 881 4122; x_wconf 84' lang='lat' dir='ltr'><strong>his</strong></span> <span class='ocrx_word' id='word_1_381' title='bbox 928 4070 1101 4124; x_wconf 82' lang='lat' dir='ltr'><strong>Harl.</strong></span> <span class='ocrx_word' id='word_1_382' title='bbox 1153 4071 1296 4125; x_wconf 76' lang='lat' dir='ltr'><strong>binio</strong></span> <span class='ocrx_word' id='word_1_383' title='bbox 1348 4072 1505 4126; x_wconf 67' lang='lat' dir='ltr'><strong>Vinci.</strong></span> <span class='ocrx_word' id='word_1_384' title='bbox 1553 4071 1720 4127; x_wconf 84' lang='lat' dir='ltr'><strong>Gellii</strong></span> <span class='ocrx_word' id='word_1_385' title='bbox 1762 4069 1908 4125; x_wconf 81' lang='lat' dir='ltr'><strong>inibo</strong></span> <span class='ocrx_word' id='word_1_386' title='bbox 1945 4071 2118 4126; x_wconf 84' lang='lat' dir='ltr'><strong>Nonii</strong></span> <span class='ocrx_word' id='word_1_387' title='bbox 2156 4071 2291 4125; x_wconf 81' lang='lat' dir='ltr'><strong>libri</strong></span> <span class='ocrx_word' id='word_1_388' title='bbox 2458 4074 2678 4142; x_wconf 83' lang='lat' dir='ltr'><strong>egomet</strong></span> <span class='ocrx_word' id='word_1_389' title='bbox 2723 4068 2876 4124; x_wconf 77' lang='lat' dir='ltr'><strong>Bou.</strong></span> 
     </span>
     <span class='ocr_line' id='line_1_46' title="bbox 688 4152 2983 4227; baseline -0.002 -21"><span class='ocrx_word' id='word_1_390' title='bbox 688 4154 830 4207; x_wconf 85' lang='lat' dir='ltr'><strong>inter</strong></span> <span class='ocrx_word' id='word_1_391' title='bbox 874 4155 1032 4208; x_wconf 89' lang='lat' dir='ltr'><strong>uiuos</strong></span> <span class='ocrx_word' id='word_1_392' title='bbox 1093 4155 1219 4209; x_wconf 85' lang='lat' dir='ltr'><strong>uiuo</strong></span> <span class='ocrx_word' id='word_1_393' title='bbox 1267 4165 1514 4210; x_wconf 85' lang='lat' dir='ltr'><strong>mortuus</strong></span> <span class='ocrx_word' id='word_1_394' title='bbox 1561 4158 1775 4227; x_wconf 81' lang='lat' dir='ltr'><strong>scripsi</strong></span> <span class='ocrx_word' id='word_1_395' title='bbox 1828 4157 1958 4210; x_wconf 85' lang='lat' dir='ltr'><strong>uiue</strong></span> <span class='ocrx_word' id='word_1_396' title='bbox 2006 4162 2250 4209; x_wconf 86' lang='lat' dir='ltr'><strong>mortuus</strong></span> <span class='ocrx_word' id='word_1_397' title='bbox 2293 4154 2439 4208; x_wconf 87' lang='lat' dir='ltr'><strong>inter</strong></span> <span class='ocrx_word' id='word_1_398' title='bbox 2483 4154 2638 4208; x_wconf 88' lang='lat' dir='ltr'><strong>uiuos</strong></span> <span class='ocrx_word' id='word_1_399' title='bbox 2680 4153 2818 4207; x_wconf 84' lang='lat' dir='ltr'><strong>libri</strong></span> <span class='ocrx_word' id='word_1_400' title='bbox 2857 4152 2983 4204; x_wconf 87' lang='lat' dir='ltr'><strong>uiuo</strong></span> 
     </span>
     <span class='ocr_line' id='line_1_47' title="bbox 689 4234 2983 4297; baseline -0.003 -5"><span class='ocrx_word' id='word_1_401' title='bbox 689 4238 830 4292; x_wconf 81' lang='lat' dir='ltr'><strong>iuter</strong></span> <span class='ocrx_word' id='word_1_402' title='bbox 863 4239 1019 4292; x_wconf 83' lang='lat' dir='ltr'><strong>uiuos</strong></span> <span class='ocrx_word' id='word_1_403' title='bbox 1055 4248 1303 4294; x_wconf 83' lang='lat' dir='ltr'><strong>mortuus</strong></span> <span class='ocrx_word' id='word_1_404' title='bbox 1335 4241 1755 4297; x_wconf 76' lang='lat' dir='ltr'><strong>Fleckeisenus</strong></span> <span class='ocrx_word' id='word_1_405' title='bbox 1783 4243 1821 4296; x_wconf 87' lang='lat' dir='ltr'><strong>l.</strong></span> <span class='ocrx_word' id='word_1_406' title='bbox 1854 4243 1892 4294; x_wconf 89' lang='lat' dir='ltr'><strong>l.</strong></span> <span class='ocrx_word' id='word_1_407' title='bbox 2023 4234 2187 4294; x_wconf 87' lang='lat' dir='ltr'><strong>&#39;Inter</strong></span> <span class='ocrx_word' id='word_1_408' title='bbox 2233 4239 2389 4293; x_wconf 89' lang='lat' dir='ltr'><strong>uiuos</strong></span> <span class='ocrx_word' id='word_1_409' title='bbox 2422 4235 2547 4291; x_wconf 83' lang='lat' dir='ltr'><strong>dum</strong></span> <span class='ocrx_word' id='word_1_410' title='bbox 2595 4238 2709 4291; x_wconf 87' lang='lat' dir='ltr'><strong>eius</strong></span> <span class='ocrx_word' id='word_1_411' title='bbox 2755 4241 2983 4288; x_wconf 88' lang='lat' dir='ltr'><strong>mortem</strong></span> 
     </span>
     <span class='ocr_line' id='line_1_48' title="bbox 686 4322 1952 4398; baseline 0.002 -23"><span class='ocrx_word' id='word_1_412' title='bbox 686 4322 836 4376; x_wconf 85' lang='lat' dir='ltr'><strong>inhio</strong></span> <span class='ocrx_word' id='word_1_413' title='bbox 882 4331 1101 4396; x_wconf 79' lang='lat' dir='ltr'><strong>egomet</strong></span> <span class='ocrx_word' id='word_1_414' title='bbox 1148 4326 1273 4380; x_wconf 90' lang='lat' dir='ltr'><strong>uiuo</strong></span> <span class='ocrx_word' id='word_1_415' title='bbox 1321 4334 1567 4380; x_wconf 87' lang='lat' dir='ltr'><strong>mortuus</strong></span> <span class='ocrx_word' id='word_1_416' title='bbox 1614 4325 1952 4398; x_wconf 67' lang='lat' dir='ltr'><strong>Spcnyelius</strong></span> 
     </span>
    </p>
   </div>
  </div>
 </body>
</html>
