3400 5075
1145 260 1604 313 εΕΝΤΕΝΤιΑΕ
1642 258 2098 313 'rvmcl-:Nsss
2650 256 2771 321 361

486 418 827 487 659¹C1im
877 419 1115 503 periclo
1163 419 1429 484 inferior
1475 419 1730 503 quaerit
1774 416 1945 502 quod
1992 416 2283 501 superior
2328 417 2578 481 occulit.
2671 438 2777 487 820

483 536 615 602 660
660 534 912 600 Durum
942 539 1043 599 est
1088 534 1406 620 denegare
1436 534 1780 618 superiori,
1825 555 1970 597 cum
1999 533 2233 597 debeas
2264 533 2641 616 supplicare.
2671 555 2774 604 825

658 650 996 717 Dominari
1025 673 1100 715 ex
1129 655 1313 736 parte
1360 650 1787 736 dignoscitur,
1832 650 1935 715 cui
1963 649 2255 733 superior
2282 651 2641 735 supplicare

1757 765 2029 831 uidetur.
2669 788 2776 837 824

658 883 926 949 Decima
968 883 1134 948 hora
1180 883 1421 948 amicos
1466 884 1683 967 plures
1730 881 1940 966 prima
1984 881 2277 965 reperiet.
2670 903 2773 953 822

658 1000 782 1064 Est
827 1000 1050 1083 utique
1096 999 1419 1083 profunda
1465 997 1838 1083 ignorantia
1882 997 2128 1061 nescire
2175 998 2347 1081 quod
2392 1019 2633 1082 pecces.
2670 1020 2775 1068 826

659 1114 874 1179 Faicile
941 1115 1051 1200 qui
1110 1115 1271 1179 bene
1327 1115 1573 1179 faciant
1628 1114 1928 1197 aderunt,
1984 1116 2129 1177 clim
2186 1113 2295 1197 qui
2349 1114 2644 1179 fecerunt

1760 1230 1950 1295 coles,
2671 1251 2774 1300 827

484 1348 615 1413 665
660 1346 956 1426 †Frenos
1001 1347 1242 1430 inpone
1288 1347 1583 1432 linguae,
1628 1346 1884 1430 saepius
1931 1346 2343 1410 conscientia.
2673 1367 2776 1416 829

661 1462 869 1528 Graue
917 1465 1016 1527 est
1061 1463 1233 1527 enim
1279 1462 1451 1547 quod
1498 1462 1713 1526 fronte
1760 1463 1931 1525 laeta
1976 1459 2224 1525 dederis
2270 1461 2440 1526 tristi
2487 1463 2640 1527 reci·

1755 1598 1926 1660 pere.
2672 1600 2776 1648 830

662 1692 945 1759 Humilis
990 1715 1107 1758 nec
1155 1694 1283 1758 alte
1331 1693 1555 1758 czidere
1603 1714 1723 1757 nec
1769 1691 2054 1778 grauiter
2100 1693 2333 1775 potest.
2672 1715 2771 1763 831

485 1962 850 2013 EXEMPLA.

653 2050 753 2099 665
800 2046 1056 2097 Conferri
1109 2047 1265 2097 iubet
1319 2045 1664 2096 Woelfflinus
1770 2045 2113 2095 Anacharsin
2161 2045 2305 2111 apud
2363 2046 2526 2108 Diog
2587 2046 2775 2095 Laert.

490 2118 689 2180 1,104
734 2110 1015 2182 γλώσσης,
1060 2109 1328 2179 γαστρὸς,
1380 2110 1627 2164 αἰδοίων
1670 2117 1938 2192 κρατεῖν.
1986 2113 2095 2162 Nili
2148 2118 2388 2164 sentent.
2438 2115 2532 2164 1⁷1
2579 2112 2780 2174 (Orelli

486 2185 1092 2303 trisgaesszzssrf‘ff}
1125 2178 1204 2299 ῖῗι
1237 2172 2493 2315 3‘.2‘3‘5,{‡3230533325p11⁹5„3531t‘ssptiff‘tt'gt’
2512 2181 2779 2314 ιὲἓῐῖῗὲ

487 2319 797 2379 libidinem,
835 2308 1122 2368 uentrem.’
1196 2319 1302 2368 Sed
1338 2319 1462 2383 ipsit
1498 2319 1777 2368 sententia
1815 2318 2000 2381 qualis
2039 2319 2207 2368 fuerit
2242 2317 2401 2368 ualde
2442 2317 2688 2367 dubium.

486 2391 584 2440 667
624 2389 708 2438 Cf.
747 2388 940 2438 Cicero
978 2393 1116 2441 orat
1155 2389 1239 2451 28,
1279 2389 1345 2438 98
1384 2386 1638 2436 ‘medius'
1688 2384 1917 2452 (orator)
1966 2385 2103 2436 ‘alte
2153 2386 2351 2437 cadere
2400 2402 2508 2436 non
2554 2389 2777 2452 potest)

661 2669 800 2732 659¹
855 2679 984 2732 uide
1029 2678 1107 2730 ad
1135 2677 1259 2733 230
1430 2676 1573 2749 quod
1621 2677 1872 2749 superior
1915 2675 2109 2731 occulit
2145 2676 2437 2747 Huupeius
2482 2678 2572 2749 qui
2619 2693 2777 2749 supe·

495 2763 607 2816 rius
655 2759 926 2815 occultare
971 2760 1251 2815 contendit
1303 2762 1376 2815 T.-
1421 2762 1670 2832 superior
1721 2761 1967 2817 Orellius
2180 2760 2303 2817 660
2348 2761 2437 2833 Cf.
2488 2761 2602 2817 661

487 2844 738 2899 durumst
767 2861 1000 2917 negare,
1032 2846 1283 2917 superior
1311 2861 1432 2900 cum
1475 2846 1739 2918 supplicat
1772 2846 2096 2915 Hauptius:
2141 2861 2261 2901 cuin
2307 2848 2560 2919 superior
2601 2860 2775 2916 prae-

488 2930 711 2985 stabat.-
755 2930 1057 3001 superiori,
1103 2945 1222 2984 cuin
1270 2937 1426 3001 rogat
1467 2932 1771 3001 proposuit
1818 2929 2230 2985 Buechelerus.
2343 2931 2545 2986 Facile
2591 2939 2778 3001 septe-

490 3016 697 3069 narius
752 3029 976 3086 quoque
1021 3015 1333 3069 excuditur
1374 3016 1538 3069 talis.-
1585 3013 1832 3068 durumst
1873 3014 2143 3087 denegare
2173 3013 2467 3089 superiori,
2516 3032 2637 3070 cum
2685 3013 2778 3070 tibi

490 3097 775 3171 supplicat.
953 3098 1070 3153 661
1121 3114 1241 3152 cum
1302 3098 1669 3170 Woelfflinus
1715 3102 1862 3156 conl.
1911 3099 2034 3157 660
2216 3100 2523 3155 dominatur
2567 3100 2778 3172 partim,

493 3184 577 3237 cui
622 3183 872 3255 superior
900 3182 1167 3256 supplicat
1199 3183 1527 3254 Hauptius:
1572 3182 1878 3238 dominatur
1923 3183 2115 3239 blande
2158 3200 2277 3239 curn
2309 3201 2355 3239 s,
2391 3202 2436 3239 s,
2467 3185 2778 3254 probarem

660 3266 781 3324 662
828 3268 996 3340 prima
1029 3274 1091 3323 ul
1136 3269 1263 3324 olim
1307 3269 1521 3339 scripsi
1563 3284 1721 3340 quam
1766 3270 1931 3340 prima
1971 3270 2019 3324 T
2183 3269 2417 3341 reperiet
2460 3271 2587 3324 olim
2633 3271 2783 3325 edidi

492 3353 767 3427 repperies
806 3353 855 3407 T
891 3353 1102 3407 inuenis
1141 3355 1231 3408 uel
1276 3353 1484 3408 inuenit
1521 3352 1769 3408 Orellius
1940 3352 2060 3408 663
2107 3356 2476 3424 septenarius
2517 3354 2611 3408 laic
2656 3369 2781 3410 esse

484 3442 671 3508 potuit
715 3436 1021 3510 ignorantia
1067 3437 1150 3493 est
1206 3437 1504 3510 profunda,
1565 3437 1610 3491 si
1667 3435 1812 3510 quod
1870 3453 2057 3509 pecces
2118 3436 2342 3492 nescias.
2520 3437 2641 3494 664
2687 3439 2779 3511 qui

490 3521 624 3577 bene
671 3522 866 3577 faciant
909 3525 1126 3593 scripsi
1168 3539 1273 3595 que
1321 3522 1521 3577 faciunt
1565 3521 1706 3578 bona
1760 3521 1809 3576 T
1847 3522 1939 3594 qui
1984 3521 2177 3577 faciant
2222 3521 2357 3577 bene
2404 3524 2698 3595 Hauptius

489 3606 718 3662 aderunt
772 3611 982 3678 scripsi
1045 3608 1287 3662 inuenies
1351 3608 1400 3662 T
1457 3608 1699 3662 inuenias
1771 3607 2138 3678 Woelfflinus
2320 3605 2476 3662 facile
2535 3609 2781 3664 inuenies

488 3691 622 3747 bene
670 3693 761 3764 qui
808 3689 1004 3747 saciant
1053 3692 1449 3748 Buechelerus
1705 3708 1825 3747 cum
1883 3692 1973 3764 qui
2029 3692 2274 3747 fecerunt
2320 3693 2617 3764 Hauptius
2659 3708 2779 3748 cum

488 3776 754 3832 laudando
787 3792 893 3849 que
923 3776 1171 3832 fecerunt
1209 3777 1257 3831 T
1407 3777 1553 3832 colas
1599 3777 1968 3849 Woelfflinus
2139 3776 2259 3832 665
2304 3778 2528 3849 inponas
2554 3781 2782 3851 flaqitcn

503 3862 873 3933 Woelfflinus
1043 3862 1510 3935 concupiscentiae
1556 3863 1927 3934 Woelfflinus
1971 3863 2094 3935 peni
2136 3862 2347 3935 saepius
2384 3860 2565 3917 Orelli
2592 3863 2782 3917 uentri

486 3947 702 4019 saepius
735 3950 882 4003 coni.
918 3945 1337 4003 Buecheler-us.
1456 3947 1689 4003 Com'eci
1716 3944 1900 4002 frenos
1932 3947 2129 4020 inpone
2161 3946 2406 4020 linguae3
2438 3947 2483 4001 si
2515 3946 2779 4021 periiireS,

487 4030 866 4086 conscientiae.
1045 4031 1164 4088 666
1199 4033 1340 4087 enim
1380 4033 1428 4086 T
1453 4031 1612 4087 nimis
1658 4033 2025 4103 Woelfflinus
2197 4032 2349 4087 triste
2384 4032 2432 4087 T
2596 4041 2785 4107 grauat

493 4115 638 4189 quod
686 4116 867 4171 fronte
911 4115 1048 4172 laeta
1095 4117 1188 4171 das
1238 4117 1377 4173 tristi
1422 4118 1589 4190 accipi
1625 4116 1901 4180 Orellius;
1943 4120 2071 4172 item
2116 4118 2483 4190 Woelfflinus
2526 4126 2628 4175 aut
2672 4136 2783 4174 non

489 4217 614 4258 esse
659 4205 1018 4259 octonarium
1063 4203 1297 4259 Publilii
1348 4209 1450 4260 aut
1501 4202 1692 4273 fuisse
1735 4200 2029 4259 senarium
2073 4203 2227 4257 hunc
2279 4217 2446 4275 graue
2489 4210 2594 4275 est,
2640 4204 2787 4277 quod

487 4285 658 4342 laetus
704 4285 952 4360 dederis»,
998 4288 1206 4344 tristem
1253 4290 1493 4367 recipcre
1536 4290 1893 4359 suspicatur.
2071 4286 2189 4344 667
2241 4285 2330 4360 Cf.
2367 4286 2486 4344 162
