3400 5075
626 316 752 380 456

696 471 862 525 Atell.
887 471 997 526 inc.
1024 484 1167 524 nom.
1195 475 1227 524 6
1263 474 1314 524 si
1350 489 1513 539 quam
1545 473 1749 524 duxero

696 540 897 606 Pomp.
936 544 1000 593 34

629 608 997 675 quidlubet
1033 606 1238 671 Afrum.
1278 612 1371 659 411

631 677 1003 743 quempiam
1065 673 1273 739 Afran.
1339 678 1404 725 29
1466 676 1748 741 quippiam

695 742 879 795 Naeu.
916 747 981 795 44

631 815 978 878 quisquam
1019 808 1174 863 Gaec.
1219 814 1285 862 27
1331 814 1397 862 96
1442 807 1613 875 Turp.
1656 813 1752 862 115

701 882 796 931 165
837 876 1008 932 Titia.
1035 883 1101 931 30
1138 894 1428 945 numquam
1462 881 1749 944 quisquam

1406 321 1688 397 quidlubet
1739 352 1811 363 —
1860 321 2150 379 reducendi

1873 487 2029 537 quom
2055 472 2244 523 saluus
2270 473 2427 523 uenis
2453 509 2467 521 .
2492 510 2505 524 .
2529 475 2779 539 gratulor
2806 475 2924 527 deis

1871 537 2079 603 Afran.
2117 539 2226 590 20*
2265 555 2423 605 quom
2450 577 2463 591 .
2491 580 2504 592 .
2541 542 2689 592 tollit
2725 540 2920 608 Pomp.

1869 607 1971 657 41·
2008 612 2206 672 postea
2241 608 2356 661 noli
2391 623 2601 672 rogare,
2641 624 2800 674 quom
2839 612 2923 660 in-

1871 680 2092 739 petrare
2118 674 2363 726 nolueris
2386 673 2535 727 Pan.
2561 675 2674 729 inc.
2696 675 2805 729 inc.
2831 676 2923 729 87*

1873 758 2033 872 (1ιῖοω
2079 742 2343 807 optimum
2390 750 2541 794 esset
2588 741 2762 808 Turp.
2811 744 2921 797 56*

1872 811 1923 873 (c
1952 847 1964 860 .
1995 812 2139 872 eum)

1805 878 2115 942 quoniam
2143 873 2316 928 Titia.
2338 880 2432 928 125
2457 875 2666 941 Afran.
2700 881 2795 930 117
2822 884 2922 933 355

697 985 711 999 .
745 987 758 999 .
785 949 960 998 amica
997 949 1158 998 nimis
1183 948 1277 997 fiet
1302 947 1481 997 fidelis
1504 947 1623 997 Nec
1649 947 1756 996 erit
1805 960 2016 1010 quoqu
2035 962 2063 994 e
2104 940 2260 996 Caco.
2300 947 2397 996 165

695 1017 859 1134 {usmis
899 1017 1172 1134 Ἤδτίςῗηι
1200 1021 1257 1095 ct
1294 1020 1425 1065 uota
1501 1015 1751 1132 uisqugorg

756 1096 877 1136 acu.
1020 1099 1076 1131 m
1133 1097 1423 1147 quicquam
1503 1096 1624 1146 πη),

698 1152 878 1201 cuiuis
926 1155 1110 1216 potest
1156 1150 1414 1200 accidere
1457 1150 1600 1213 quod
1639 1149 1753 1200 eui·

737 1234 858 1268 uam
886 1222 1066 1283 potest
1088 1213 1300 1268 Publil.
1324 1220 1386 1266 21
1426 1232 1752 1281 quemquam

697 1235 877 1339 Jvaeu.
898 1288 962 1335 72
1002 1281 1172 1349 Tum.
1200 1288 1265 1334 34
1303 1281 1480 1335 Titia.
1510 1287 1575 1336 10
1637 1285 1752 1334 uic-

702 1369 861 1416 quam
893 1349 1048 1405 Caec.
1079 1355 1177 1403 208
1215 1349 1266 1401 T
1262 1365 1387 1416 urp.
1420 1354 1516 1405 165
1539 1351 1593 1402 A
1621 1364 1748 1402 ran.

696 1423 796 1471 424
843 1422 890 1470 ai
938 1435 1192 1484 umquam
1240 1422 1530 1485 quiequam
1567 1417 1750 1471 Naeu.

700 1491 762 1538 14
797 1490 863 1538 96
901 1490 951 1538 si
988 1487 1067 1537 nil
1112 1489 1407 1552 quicquam
1446 1487 1598 1537 aliud
1645 1489 1750 1537 uiti

700 1551 855 1607 Caec.
883 1553 983 1606 173
1009 1560 1234 1621 nuptam
1261 1570 1533 1620 quaquam
1553 1553 1747 1619 Pomp.

771 1692 1009 1755 uisque
1045 1691 1270 1741 minimo
1318 1695 1604 1741 contentus
1643 1690 1752 1741 fuit

697 1755 1744 1891 2831·ssss'3‘11‘3332'ffi‘3r'2‘ss‘5552‘2‘22'

696 1897 758 1945 31
797 1910 950 1944 suam
989 1895 1186 1958 cuique
1222 1909 1477 1969 sponsam
1502 1931 1514 1944 .
1550 1933 1561 1944 .
1594 1909 1749 1943 suum

698 1962 891 2026 cuique
912 1977 1149 2012 amorem
1170 1958 1312 2015 Atat.
1334 1964 1356 2010 1
1381 1977 1544 2010 unum
1567 1977 1751 2026 quem-

698 2045 800 2094 que
838 2026 988 2081 Pau.
1022 2025 1132 2082 inc.
1166 2025 1273 2082 inc.
1311 2030 1377 2078 68
1399 2025 1547 2079 Now.
1573 2031 1638 2079 93
1663 2031 1749 2079 sui

697 2097 900 2162 quique
940 2112 1118 2147 mores
1151 2093 1301 2147 Pan.
1342 2093 1449 2148 inc.
1490 2094 1599 2148 inc.
1638 2093 1747 2148 75*

696 2166 753 2213 in
788 2180 888 2215 suo
926 2166 1127 2230 quique
1165 2163 1285 2214 loco
1325 2160 1499 2214 Titia.
1545 2168 1640 2215 130

630 2247 1056 2314 quisquiliae
1102 2246 1251 2299 Nou.
1300 2250 1367 2300 88
1418 2250 1748 2315 quisquilias

696 2316 966 2377 uolantia,
1013 2318 1168 2367 uenti
1214 2316 1392 2382 spolia
1441 2323 1747 2369 memorant

703 2381 861 2438 anc.
896 2386 994 2436 251

630 2453 937 2517 quisquis
974 2467 1032 2501 es
1090 2467 1213 2502 mea
1236 2452 1433 2503 mulier
1462 2448 1618 2504 Uaec.
1644 2456 1746 2505 267

698 2519 959 2584 quidquid
1000 2488 1155 2574 c'aee.
1195 2522 1292 2573 148
1326 2517 1478 2578 Pan.
1503 2518 1610 2573 inc.
1636 2518 1746 2574 inc.

696 2590 762 2638 89
805 2585 997 2652 Pomp.
1051 2591 1146 2639 193
1189 2585 1338 2639 Nou.
1375 2591 1441 2640 31
1487 2591 1744 2654 quicquid

695 2651 905 2705 Publiz.
946 2657 1010 2704 22
1047 2651 1252 2718 Afran.
1288 2660 1354 2707 30
1387 2653 1539 2707 Nou.
1577 2659 1643 2707 62

630 2723 902 2788 quiduis
929 2718 1017 2773 Tu
1089 2760 1102 2773 .
1141 2726 1236 2773 144
1274 2725 1518 2781 cuiusuis
1550 2721 1747 2789 Pomp.

701 2793 796 2841 163
834 2790 1009 2840 cuiuis
1101 2788 1256 2842 ublil.
1292 2794 1355 2841 21

631 2891 755 2941 quo
792 2871 951 2939 (adu.
989 2872 1108 2937 rel.)
1134 2873 1328 2942 Pomp.
1354 2880 1422 2928 45
1459 2875 1655 2936 Laber.
1681 2882 1747 2930 33

697 2958 803 3006 quo
825 2958 929 2993 con
970 2943 1155 3008 ingam
1179 2948 1466 2996 terminum
1488 2947 1543 2996 in
1570 2951 1748 2998 tutum

696 3009 874 3061 locum
964 3020 1107 3076 omp.
1150 3014 1245 3061 126
1292 3013 1591 3071 homiuem,
1639 3029 1748 3079 quo

696 3118 709 3131 .
735 3118 748 3131 .
773 3079 1143 3143 peruenibunt
1167 3079 1400 3131 diuitiae
1425 3079 1619 3146 Pomp.
1650 3084 1747 3133 159

697 3144 765 3196 de
801 3146 928 3196 aedi
955 3182 967 3196 .
996 3183 1007 3194 .
1038 3163 1143 3212 quo
1176 3147 1425 3199 auolauit
1451 3145 1624 3204 Titia.
1649 3152 1747 3200 126

694 3213 765 3263 ad
804 3229 911 3277 quo
948 3210 1157 3277 Afran.
1196 3217 1296 3266 249
1332 3218 1431 3267 278

629 3298 697 3333 ne
736 3282 906 3346 quod
941 3283 1009 3332 ad
1047 3298 1239 3334 cenam
1277 3287 1384 3334 iret
1422 3280 1595 3335 Titin.
1629 3286 1696 3334 46

629 3382 752 3433 quo
790 3364 948 3431 (adu.
983 3364 1204 3432 intem.)
1239 3364 1388 3424 Erm.
1416 3371 1450 3419 4
1485 3365 1654 3433 Tm.
1682 3373 1750 3422 50

697 3431 873 3487 Titia.
908 3438 975 3487 93
1017 3433 1224 3498 Afran.
1251 3440 1364 3487 ‘345
1409 3432 1608 3488 Labor.
1651 3439 1750 3488 100

699 3505 796 3553 119
842 3517 950 3567 quo
998 3504 1388 3569 margaritam?
1433 3502 1644 3556 Publil.
1688 3509 1743 3556 11

697 3585 803 3633 quo
830 3612 841 3624 .
871 3611 883 3623 .
912 3576 1071 3636 optas
1107 3572 1299 3637 ignea?
1334 3569 1544 3624 Publil.
1588 3576 1650 3624 15

629 3669 792 3704 unum
815 3654 871 3705 id
898 3662 984 3706 sat
1011 3661 1121 3718 eat,
1146 3656 1328 3718 Quod
1347 3694 1359 3707 .
1381 3694 1394 3706 .
1413 3657 1568 3709 uidet
1594 3654 1749 3710 Gaec.

699 3725 821 3774 1⁷5:
870 3719 939 3785 cf.
991 3720 1147 3775 Gaec.
1188 3726 1285 3774 192
1332 3720 1508 3775 Titin.
1549 3728 1615 3776 99
1654 3728 1751 3777 155

694 3787 900 3853 Afran.
954 3794 1016 3841 41
1074 3794 1137 3842 71
1192 3795 1289 3841 116
1336 3794 1432 3842 211
1487 3789 1636 3848 Nou.
1681 3796 1749 3845 69

696 3858 1054 3922 retinebitur,
1099 3861 1205 3910 uiri
1252 3865 1312 3910 at
1354 3860 1644 3912 uoluntate
1681 3900 1692 3911 .
1736 3899 1747 3909 .

697 3930 1057 3992 praegnatem
1145 3927 1289 3992 quod
1368 3943 1475 3978 non
1557 3929 1749 3994 exigat

695 3990 902 4056 Asrcm.
931 3996 1029 4045 167

630 4078 814 4128 quom
864 4063 1140 4127 imperant
1195 4059 1349 4115 Uace.
1399 4062 1532 4113 196·
1584 4078 1747 4128 quom

697 4132 900 4181 factost
923 4145 1060 4195 opus
1087 4127 1261 4195 Tierp.
1282 4130 1382 4182 34*
1403 4131 1563 4195 quasi
1585 4146 1743 4196 quom

697 4194 868 4249 Titin.
914 4196 1050 4249 125*
1102 4200 1365 4250 monebat
1428 4214 1577 4260 esse,
1635 4200 1746 4249 nisi

698 4281 856 4330 quom
881 4265 958 4316 nil
983 4271 1102 4318 erat
1123 4262 1315 4332 Aquil.
1339 4268 1371 4316 6
1408 4281 1553 4317 nunc
1580 4267 1746 4317 etiam

696 4349 856 4399 quom
904 4339 1015 4398 est,
1068 4350 1179 4385 non
1231 4340 1385 4387 eatur
1434 4331 1626 4400 Aquil.
1680 4330 1748 4386 7·

628 1695 688 1741 ut

1800 1019 1966 1077 quot
2001 1009 2177 1067 Titia.
2218 1012 2353 1064 147·
2386 1011 2582 1079 Pomp.
2625 1013 2755 1064 141¹

1806 1283 2050 1348 adripuit
2068 1282 2257 1333 rabie
2271 1299 2296 1334 s
2318 1319 2330 1331 .
2351 1320 2365 1334 .
2385 1299 2648 1350 augurem
2670 1283 2876 1347 Afran.
2891 1291 2924 1338 8

1805 1351 2045 1401 rabere
2086 1347 2243 1403 Caec.
2281 1353 2347 1401 89

1805 1418 2016 1469 radiis
2055 1414 2252 1471 Labor.
2292 1420 2358 1470 75

1805 1486 2076 1550 (puerum)
2113 1487 2268 1537 cuius
2305 1522 2319 1536 .
2358 1529 2371 1541 .
2407 1503 2625 1539 ramus
2672 1490 2923 1541 roboras·

1873 1555 1950 1604 cit
1983 1550 2133 1604 Nou.
2174 1555 2237 1603 21

1804 1636 1912 1685 quo
1939 1659 1952 1671 .
1978 1656 1992 1671 .
2018 1626 2076 1672 te
2112 1622 2295 1672 subito
2331 1623 2555 1687 rapis?
2596 1619 2765 1687 Turp.
2804 1627 2871 1675 50

1806 1688 2003 1738 ludunt
2038 1689 2312 1751 Raptim
2351 1689 2467 1754 pila
2500 1686 2647 1741 Nou.
2684 1693 2749 1742 23

1805 1757 2048 1822 rapulo
2087 1752 2260 1806 Titia.
2302 1759 2397 1808 163

1805 1831 2122 1941 ταὶνςηιοι·
2161 1820 2316 1876 Gaec.
2359 1827 2456 1876 135
2495 1827 2591 1876 183
2623 1822 2822 1891 Pomp.
2855 1828 2921 1878 45

1933 1904 2021 1942 ou.
2059 1893 2126 1941 94

1803 1966 2011 2009 ratem
2049 1956 2221 2023 Turp-
2255 1961 2322 2010 98
2356 1956 2561 2022 Afran.
2605 1963 2697 2012 131

1802 2028 1982 2078 ratio
2021 2027 2150 2077 talis
2174 2027 2396 2092 sequius
2421 2028 2689 2079 ceciderit
2711 2026 2920 2091 Afran.

1868 2098 1967 2145 293
2037 2095 2346 2146 summatim
2417 2096 2688 2146 rationem
2756 2103 2919 2161 putes

1865 2159 2071 2225 Afran.
2109 2165 2176 2213 79
2210 2163 2509 2213 restrictim
2544 2179 2608 2214 eo
2652 2164 2792 2214 itata
2830 2174 2915 2215 at-

1869 2245 1976 2293 que
1997 2230 2249 2282 omnibus
2266 2231 2580 2283 rationibus
2645 2226 2797 2294 fran.
2813 2236 2880 2284 33
2893 2235 2925 2283 4

1799 2316 2077 2366 coiecerat
2127 2315 2315 2367 nescio
2357 2315 2493 2380 quid
2537 2315 2607 2367 de
2653 2319 2923 2368 ratiun—

1869 2384 2024 2433 cula
2059 2380 2264 2446 Afran.
2312 2382 2443 2434 191·

1800 2452 2012 2501 rauim
2054 2448 2208 2506 Caco.
2245 2453 2311 2503 84

1799 2518 1870 2570 ab
1908 2519 2008 2570 Ilio
2035 2557 2048 2571 .
2078 2556 2091 2570 .
2119 2518 2390 2571 recedis
2424 2514 2661 2571 Marull.
2696 2522 2728 2570 2
2764 2535 2918 2573 rece-

1867 2586 1967 2639 das
2005 2605 2039 2638 a
2075 2602 2156 2637 me
2190 2584 2386 2654 Pomp.
2415 2590 2484 2639 43

1800 2673 2052 2737 recipit
2096 2688 2161 2723 ee
2198 2668 2376 2727 Titin.
2421 2676 2453 2724 9
2501 2688 2534 2722 a
2588 2678 2642 2724 te
2687 2675 2919 2739 recipiat

1800 2737 2382 2872 τεξίοέιξᾶοθίοοτηίε
2420 2804 2623 2862 Laber.
2658 2805 2767 2862 inc.
2802 2805 2917 2872 [ab.

1799 2874 1980 2994 refftxe
2010 2939 2179 3009 Turp.
2207 2946 2274 2994 24
2300 2939 2475 2994 Titia.
2499 2946 2566 2995 23
2594 2946 2690 2995 150
2712 2942 2913 3010 Pomp,

1789 3094 1827 3147 *r
1838 3012 1947 3130 οἶδε
1962 3007 2323 3144 ἔῆαᾶἰζῐοίἀί
2349 3114 2391 3133 ..
2418 3083 2576 3131 recta
2598 3114 2613 3128 .
2629 3118 2641 3130 .
2664 3081 2758 3130 uia
2769 3076 2916 3131 Nou.

1868 3145 1969 3197 ⁷2·
1989 3151 2144 3197 recta
2169 3184 2182 3196 .
2210 3183 2222 3195 .
2248 3146 2585 3212 digredimur
2600 3144 2809 3210 Afran.
2825 3151 2921 3199 107

1800 3234 1938 3282 satis
1958 3232 2122 3281 fructi
2142 3247 2209 3281 re
2225 3231 2351 3282 ddu
2365 3237 2434 3282 nt
2464 3228 2638 3297 Turp-
2658 3235 2720 3282 12
2732 3248 2920 3285 uocem

1868 3298 2089 3350 reddam
2130 3298 2438 3362 (reddibo⁸)
2475 3298 2674 3365 Pomp.
2702 3303 2768 3353 58
2802 3300 2921 3351 red-

1869 3366 1963 3418 det
2002 3363 2178 3417 Titia.
2218 3369 2284 3416 22
2321 3383 2408 3418 res
2446 3373 2500 3419 te
2538 3368 2771 3419 reddent
2807 3369 2921 3420 He—

1870 3436 1993 3485 bem
2050 3431 2203 3486 Gaec.
2250 3437 2312 3486 81
2369 3451 2454 3486 me
2491 3474 2505 3488 .
2540 3472 2553 3485 .

1868 3501 2103 3552 reddidit
2139 3499 2288 3554 Nou.
2325 3505 2391 3553 64

1803 3588 1873 3638 ad
1910 3589 2098 3638 restim
2143 3603 2228 3638 res
2274 3588 2451 3639 redit
2501 3585 2658 3643 anc.
2695 3591 2795 3641 215
2830 3606 2918 3641 re—

1871 3654 2002 3705 deat
2040 3652 2196 3706 anc.
2235 3659 2332 3707 113
2370 3655 2440 3705 ad
2477 3657 2739 3708 uirtutem
2765 3674 2919 3712 ...re-

1869 3722 2048 3773 deatis
2090 3720 2273 3774 Nam.
2309 3726 2417 3773 92*
2462 3723 2676 3775 rediisti
2721 3722 2918 3790 Pomp.

1867 3793 1935 3840 90
1970 3790 2198 3841 redierit
2220 3789 2416 3855 Pomp.
2441 3792 2504 3843 51
2544 3791 2615 3842 ad
2655 3800 2711 3844 te
2737 3793 2916 3844 redie-

1868 3860 1943 3908 rit
2003 3874 2087 3909 res
2134 3855 2305 3924 Tun).
2355 3861 2452 3910 193
2500 3859 2569 3909 ad
2632 3876 2742 3911 rem
2803 3862 2921 3911 redi

1870 3921 2043 3990 Turp.
2091 3929 2189 3977 145
2233 3927 2416 3978 redire
2462 3963 2476 3977 .
2514 3963 2528 3977 .
2575 3928 2644 3977 ad
2692 3943 2920 3995 superos

1866 3991 2017 4044 Pan.
2044 3991 2155 4050 inc.
2181 3992 2290 4047 inc.
2318 3998 2379 4047 51
2418 3995 2599 4047 redire
2635 3996 2919 4061 antiquam

1866 4062 1923 4111 in
1962 4062 2410 4113 consuetudinem
2448 4059 2620 4128 Turp.
2656 4066 2722 4114 94
2770 4064 2919 4119 rede-

1868 4134 2029 4180 untes
2066 4126 2118 4179 Τ
2227 4168 2239 4180 .
2278 4132 2346 4181 98

1800 4197 2142 4263 redempto
2228 4210 2354 4263 urp.
2390 4200 2457 4249 93

1799 4265 2109 4316 rediuiae
2144 4266 2306 4329 flagri
2345 4262 2521 4316 Titia.
2563 4267 2660 4318 132

1798 4333 2175 4385 reducendi
2209 4330 2416 4397 Afran.
2453 4335 2551 4387 351

2590 3437 2922 3487 miseriorem
