3400 5075
664 348 783 410 110
1448 348 1729 400 sssx'rvs
1766 347 2156 400 TVRPILIVS

1694 503 1756 568 V
1806 500 1907 589 (3)

830 618 1066 683 Videre
1115 619 1304 700 cupio
1352 621 1646 682 nostrum
1692 619 2199 683 mercimonium.

1654 732 1753 797 VI
1800 730 1946 819 (10)

656 848 788 913 205
834 847 985 913 Non
1033 850 1132 911 e‘st
1177 848 1512 912 mediocris
1558 850 1690 929 res,
1735 870 1944 931 neque
1992 852 2090 912 est
2135 850 2432 933 uulgaria

831 962 1116 1027 Fallzieia
1162 963 1335 1027 haec.

1663 1050 1794 1114 VII
1842 1049 1943 1136 (9)

829 1163 991 1250 'Age
1040 1186 1160 1248 age
1209 1165 1537 1248 egredere,
1585 1170 1777 1249 atque
1823 1163 1991 1230 istuc
2032 1166 2281 1230 utinam
2328 1169 2707 1250 perpetuum
2755 1169 2946 1232 itiner

2248 1279 2336 1344 sit
2381 1281 2528 1345 tibi!

1644 1367 1809 1432 VIII
1857 1365 1958 1454 (5)

827 1484 1212 1566 Nobilitate,
1258 1483 1538 1548 faietione
1584 1484 1790 1546 fretus
1835 1482 2214 1547 interdicere

1671 1596 1765 1661 IX
1816 1595 1918 1683 (4)

829 1712 988 1777 Cum
1036 1712 1284 1777 interea
1327 1713 1421 1776 nil
1468 1713 1812 1797 quicquam
1859 1713 1898 1776 εἰ
1944 1734 2044 1775 me
2092 1711 2379 1795 adeptu's
2434 1713 2677 1796 praemi
2734 1736 2940 1797 neque

1926 1827 2174 1890 fruetus
2220 1831 2369 1890 tuae

650 1919 781 1980 210
827 1913 1263 1999 Benignitatis
1311 1916 1503 1999 aitque
1550 1916 1844 1999 obsequii

1685 2030 1748 2093 X
1827 2032 1868 2093 2

823 2145 966 2209 Hoc
1010 2148 1076 2208 te
1124 2147 1265 2227 oro,
1311 2149 1384 2208 ut
1411 2145 1581 2208 illius
1629 2027 2128 2208 conniiszreseas
2166 2144 2505 2209 miserulae
2536 2146 2939 2210 orbitudiniS.

1668 2259 1766 2322 XI
1813 2257 1914 2345 (7)

823 2374 1019 2439 Cesso
1068 2377 1380 2458 occupare
1427 2378 1495 2437 et
1539 2396 1640 2437 me
1688 2373 1760 2437 1'11
1806 2375 2196 2458 colloquium
2242 2375 2531 2439 conferre
2579 2377 2938 2440 horum?...

647 2543 838 2585 ratur
874 2551 969 2597 pro
1005 2537 1279 2584 munerat’
1320 2533 1425 2595 (sic
1463 2533 1654 2584 Bamb.
1692 2537 1970 2583 ‘munerat
2013 2550 2110 2599 pro
2146 2539 2489 2584 muneratur‘
2537 2535 2732 2599 ceteri)
2779 2537 2940 2586 ‘Tur-

644 2604 811 2668 pilius
847 2601 1299 2666 Trasyleonez
1339 2601 1459 2650 dnt’
1499 2618 1547 2653 e.
1584 2617 1635 2666 q.
1674 2616 1716 2650 s.
1853 2602 1900 2651 V
1935 2601 2146 2651 Nonius
2183 2604 2300 2665 213,
2340 2605 2370 2652 9
2408 2604 2938 2654 ‘mercimonium

644 2671 867 2720 neutri.
893 2706 905 2718 .
928 2707 940 2720 .
964 2669 1246 2732 Turpilius
1282 2664 1688 2732 Thrasyleone:
1738 2668 1948 2719 uidere’
1997 2685 2044 2719 e.
2084 2684 2133 2732 q.
2171 2685 2214 2719 s.
2291 2670 2710 2730 (trasuleone
2749 2671 2938 2720 Urbin.

649 2740 771 2800 308)
982 2737 1057 2786 VI
1093 2736 1303 2785 Nonius
1338 2738 1464 2794 488,
1511 2738 1576 2785 26
1613 2735 2027 2800 ‘uulgarium
2075 2752 2170 2801 pro
2191 2737 2498 2799 “uulgarem
2528 2775 2538 2786 .
2568 2775 2580 2787 .
2615 2781 2625 2791 .
2655 2739 2940 2803 Turpilius

643 2805 1097 2870 Trasyleone:
1135 2808 1266 2852 non’
1295 2819 1339 2858 e.
1368 2819 1418 2867 q.
1445 2819 1487 2853 s,
1526 2799 1999 2866 (transyleone
2027 2801 2234 2869 Bamb.)
2374 2806 2480 2854 VII
2506 2806 2714 2855 Nonius
2738 2808 2854 2868 482,
2874 2808 2938 2856 29

645 2874 883 2922 ‘itiner
930 2873 1135 2921 dictum
1183 2886 1281 2936 pro
1328 2873 1439 2920 iter
1473 2912 1484 2924 .
1520 2907 1531 2919 .
1568 2907 1581 2920 .
1624 2906 1638 2920 .
1670 2870 1953 2935 Turpilius
1995 2871 2443 2935 Trasyleone:
2498 2876 2627 2936 age'
2687 2889 2733 2922 e.
2795 2889 2845 2937 q.
2895 2890 2937 2922 s.

645 2940 1201 3000 (transeleoonea
1240 2937 1451 2999 Bamb.)
1629 2938 1762 2988 VIII
1799 2939 2007 2988 Nonius
2053 2941 2180 2999 304,
2226 2940 2291 2987 26
2327 2939 2568 2989 ‘factio
2624 2940 2822 2989 iterum
2866 2942 2939 2989 si-

643 3008 867 3071 gnificat
894 3007 1256 3071 opulentiam,
1281 3005 1679 3055 abundantiam
1706 3012 1763 3054 et
1798 3005 2144 3055 nobilitatem
2172 3042 2352 3059 .....
2377 3006 2656 3071 Turpilius
2692 3008 2903 3071 Trasy
2920 3035 2939 3043 -

643 3075 864 3124 leone:
904 3074 1226 3124 nobilitate’
1265 3088 1311 3121 e.
1350 3087 1401 3135 q.
1438 3088 1480 3121 s.
1644 3073 1724 3121 1x
1758 3073 1968 3122 Nonius
2004 3074 2128 3134 215,
2165 3076 2232 3123 30
2276 3074 2701 3137 ‘obsequium
2740 3082 2936 3125 neutro

643 3158 847 3204 genere
908 3184 919 3195 .
968 3181 979 3192 .
1029 3177 1042 3189 .
1096 3138 1467 3203 obsequela
1525 3140 1788 3189 feminino
1841 3177 1855 3190 .
1900 3146 1960 3191 ζ.
2004 3140 2286 3205 Turpilius
2331 3142 2587 3205 Epiclero
2639 3180 2650 3191 .
2689 3182 2702 3194 .
2739 3177 2751 3189 .
2795 3142 2939 3191 idem

641 3210 1118 3259 'rbrasileonez
1157 3210 1299 3257 eum’
1327 3223 1374 3256 e.
1401 3223 1452 3270 q.
1483 3222 1526 3256 e.
1562 3204 2037 3271 (transilleone
2065 3206 2280 3272 Urbin.)
2419 3209 2466 3256 X
2493 3209 2705 3259 Nonius
2733 3211 2846 3269 146,
2876 3211 2937 3257 18

642 3275 1082 3327 ‘orbitudinis
1118 3290 1215 3339 pro
1254 3274 1491 3323 orbitate
1521 3314 1532 3325 .
1560 3309 1574 3322 .
1601 3274 1928 3339 ,Turpilius
1964 3275 2455 3325 Thraseleonez
2495 3277 2618 3326 hoc'
2656 3291 2700 3331 e.
2740 3292 2786 3340 q.
2827 3292 2870 3328 s,

640 3345 720 3393 XI
756 3345 962 3394 Nonius
1008 3345 1133 3405 355,
1184 3345 1245 3392 13
1293 3347 1656 3406 ‘occupare
1704 3349 1788 3393 est
1833 3345 2052 3408 proprie
2102 3344 2429 3407 praeuenire
2481 3379 2493 3392 .
2533 3381 2547 3395 .
2592 3381 2604 3393 .
2657 3343 2937 3408 Turpilius

639 3409 1096 3476 Trasyleone:
1136 3413 1317 3458 cesso'
1357 3424 1403 3461 e.
1443 3425 1494 3473 q.
1532 3425 1575 3458 e.

812 3570 933 3629 204
978 3579 1227 3626 nostrum
1284 3571 1439 3626 Leid.
1502 3579 1742 3626 uestrum
1801 3575 1982 3626 ceteri
2152 3570 2274 3629 205
2322 3588 2497 3646 neque
2558 3581 2641 3627 est
2699 3572 2938 3642 uulgaria

640 3660 857 3727 scripsi
894 3672 1068 3728 neque
1117 3653 1360 3728 uulgaria
1416 3656 1552 3711 libri
1723 3654 1842 3712 206
1890 3655 2090 3710 fallatia
2134 3657 2265 3712 haec
2309 3657 2512 3713 Bamb.
2559 3657 2690 3711 haec
2734 3657 2937 3712 fallacia

640 3742 915 3813 Bothum,
964 3743 1064 3812 qui
1092 3741 1403 3796 trochaeos
1433 3747 1697 3796 numerat
1872 3738 1992 3797 207
2038 3742 2180 3796 istuc
2212 3742 2411 3796 utinam
2449 3742 2690 3798 Bothius
2734 3743 2935 3796 utinam

638 3828 780 3880 istuc
822 3826 985 3894 libri,
1033 3827 1188 3897 quod
1215 3828 1343 3881 olim
1376 3832 1437 3880 ut
1471 3839 1770 3880 seruarent
1802 3827 2019 3880 initium
2052 3840 2261 3881 uersus
2298 3827 2551 3881 mutilum
2598 3833 2934 3882 statueram.

811 3908 932 3966 208
979 3907 1259 3964 nobilitate
1315 3910 1521 3965 Iunius
1564 3912 1621 3963 iu
1666 3926 1775 3979 my.
1823 3908 2105 3964 nouilitaie
2157 3910 2295 3965 libri
2463 3909 2583 3966 209
2629 3902 2761 3964 nihil
2804 3911 2940 3966 libri

808 3994 1050 4066 adeptu·s
1098 3998 1189 4050 uel
1236 3993 1482 4048 nanctu’s
1530 3996 1752 4049 conicio
1798 3999 1881 4047 est
1922 3994 2059 4048 libri
2184 3995 2405 4066 praemii
2459 3995 2599 4049 libri
2727 3995 2938 4049 fructus

638 4081 853 4148 scripsi
880 4086 994 4132 erat
1022 4078 1157 4132 libri
1328 4076 1453 4133 210
1483 4075 1727 4149 obsequii
1759 4081 1970 4147 scripsi
1999 4077 2324 4150 obsequelae
2363 4078 2498 4133 libri
2626 4077 2744 4132 211
2780 4079 2935 4132 mise·

638 4162 809 4232 ruine,
855 4165 1007 4233 quod
1035 4164 1163 4217 olim
1204 4176 1660 4231 proposueram,
1707 4179 1820 4218 non
1853 4164 2185 4232 inprobavit
2229 4162 2582 4217 Ritschelius
2625 4179 2824 4233 opusc.
2872 4160 2946 4215 II

639 4247 760 4302 688
787 4247 1008 4300 miserae
1030 4246 1165 4300 libri
1274 4244 1420 4299 illius
1452 4246 1676 4299 miserae
1699 4246 2137 4301 eonuuiserescas
2157 4246 2525 4317 Grautofsius
2548 4247 2771 4300 miserae
2796 4244 2937 4299 illius

635 4332 1071 4385 commiscet-escas
1124 4329 1365 4384 Bothius
1623 4329 1744 4384 212
1791 4325 2069 4404 conferre]
2120 4331 2222 4383 iam
2281 4330 2421 4384 serre
2479 4329 2660 4384 Basil.
2721 4330 2935 4385 Genea.
