3400 5075
581 319 664 383 28
1489 323 1601 373 CN.
1640 320 1959 373 NAEVIVS

1573 476 1697 541 XV
1746 474 1889 560 (12)

766 643 778 655 .
828 642 840 655 .
887 583 1215 676 petimine‘
1243 593 1281 669 ’δ’
1329 591 1577 676 piscino
1625 593 1734 675 qui
1758 594 2103 656 .meruerat

1635 731 1797 797 XVI

757 839 978 922 penita
1026 840 1154 904 offa.

1529 925 1722 992 XVII
1771 926 1914 1011 (14)

585 1043 711 1107 123
762 1042 1012 1108 Merula
1062 1039 1250 1128 [mea]
1302 1042 1720 1106 sanderacino
1769 1044 1903 1106 ore!

1539 1181 1767 1246 XVIII
1815 1180 1915 1266 (7)

1854 1297 2045 1360 bilbit
2091 1297 2403 1380 amphora

1353 1428 1512 1493 XIX
1559 1427 1754 1513 (Nou.
1802 1429 1984 1515 Virg.
2032 1428 2102 1515 3)
2459 1517 2470 1530 Ι

583 1542 709 1608 125
758 1542 866 1608 An
913 1546 1069 1609 nata
1114 1548 1214 1609 est
1260 1566 1496 1628 sponsa
1542 1544 1909 1630 praegnas?
1956 1545 2059 1610 uel
2106 1547 2172 1609 αϊ
2218 1546 2322 1609 uel
2368 1565 2554 1629 nega.

575 1754 675 1803 per
710 1740 1026 1803 Neptunum
1061 1739 1269 1803 pisces,
1307 1753 1405 1802 per
1439 1737 1711 1789 Venerem
1746 1737 1964 1811 olera’,
2078 1737 2243 1789 Thes.
2283 1753 2407 1791 nou.
2434 1738 2561 1797 Lat.
2597 1738 2633 1792 l.
2670 1738 2704 1788 l.
2741 1739 2875 1789 vm

579 1808 670 1856 131
714 1811 791 1855 ‘et
826 1807 1126 1856 notandum
1163 1804 1306 1870 quod
1342 1820 1597 1868 coquus
1635 1810 1693 1855 et
1726 1807 1898 1871 pistor
1935 1805 2079 1856 idem
2116 1806 2263 1871 apud
2311 1806 2572 1869 antiquos
2613 1805 2873 1856 diceban·

575 1878 691 1933 tur,
737 1873 880 1924 unde
925 1874 1210 1923 Ennius:
1259 1876 1488 1936 coquus’
1529 1889 1576 1922 e.
1618 1887 1673 1936 q.
1719 1888 1764 1923 s.
1910 1874 2011 1923 XV
2056 1873 2259 1923 Festus
2304 1889 2357 1938 p.
2405 1876 2505 1924 209
2541 1874 2614 1923 M.
2667 1874 2871 1938 ‘peti-

577 1941 750 1989 mina
788 1942 843 1990 in
880 1940 1119 1990 humeris
1156 1941 1520 1989 iumentorum
1557 1939 1771 2000 ulcera,
1819 1945 1877 1990 et
1920 1940 2086 2005 uulgo
2125 1940 2411 2006 appellant
2445 1967 2508 1976 —
2549 1956 2614 1990 eo
2653 1942 2874 1990 nomine

576 2012 760 2058 autem
810 2012 867 2058 et
910 2008 1058 2058 inter
1104 2006 1240 2056 duos
1291 2021 1468 2056 armos
1503 2008 1619 2057 suis
1665 2007 1807 2071 quod
1845 2013 1931 2059 est
1968 2013 2065 2059 aut
2109 2014 2301 2074 peetus
2337 2007 2556 2058 solitum
2596 2007 2875 2074 appellari

575 2079 815 2125 testatur
850 2074 1095 2124 Naeuius
1132 2073 1187 2123 in
1226 2072 1601 2138 descriptione
1636 2074 1831 2126 sulllae
1870 2090 2030 2140 quom
2069 2076 2172 2126 ait:
2222 2074 2508 2141 petimine'
2549 2091 2597 2125 e.
2636 2090 2687 2139 q.
2724 2090 2771 2125 s.

575 2143 704 2193 XVI
750 2143 953 2192 Festus
998 2159 1049 2207 p.
1088 2143 1188 2191 242
1225 2140 1297 2195 Μ.
1348 2142 1670 2205 ‘penitam
1720 2143 1934 2192 offam
1977 2143 2222 2193 Naeuius
2269 2142 2523 2224 appellat
2570 2142 2874 2207 absegmen

574 2210 758 2260 carnis
794 2224 914 2260 cum
953 2209 1120 2259 coda:
1168 2209 1383 2272 antiqui
1420 2213 1602 2259 autem
1645 2210 1812 2260 offam
1857 2211 2136 2261 uocabant
2171 2210 2448 2260 abscisum
2492 2208 2643 2274 globi
2680 2210 2873 2272 forma,

575 2284 636 2327 ut
672 2292 838 2327 manu
874 2276 1235 2341 glomeratam
1271 2274 1520 2341 pultem.'
1592 2274 1956 2341 (poenitam
1992 2278 2131 2340 cod„
2178 2293 2319 2327 corr.
2357 2277 2632 2339 Vrsinus).
2720 2277 2873 2328 Idem

574 2347 674 2395 230
710 2350 923 2410 ‘penem
963 2344 1177 2408 antiqui
1215 2342 1406 2393 codam
1444 2345 1741 2395 uocabant.
1815 2360 1848 2395 a
1884 2360 1994 2409 qua
2019 2345 2354 2409 antiquitate
2379 2345 2547 2395 etiam
2583 2360 2730 2394 nunc
2766 2344 2875 2394 offa

577 2412 802 2476 porcina
841 2428 960 2462 cum
999 2410 1176 2462 cauda
1212 2412 1268 2459 in
1307 2411 1459 2460 cenis
1497 2410 1649 2474 puris
1685 2411 1791 2461 off
1799 2427 1832 2462 a
1869 2413 2102 2477 penita
2137 2417 2408 2466 uocatur.’
2482 2412 2571 2463 Cf.
2597 2411 2874 2461 Arnobius

575 2479 698 2529 adu.
748 2484 894 2543 gent.
933 2479 1038 2530 VII
1073 2480 1158 2539 24,
1197 2480 1298 2527 230
1435 2477 1594 2528 XVII
1629 2479 1838 2529 Festus
1884 2494 1936 2545 p.
1981 2483 2081 2531 325
2130 2481 2201 2530 M.
2250 2479 2719 2529 ‘sanderacam
2768 2476 2876 2545 [ait

577 2562 700 2597 esse
726 2563 901 2612 genus
927 2544 1176 2610 coloris,]
1206 2545 1349 2609 quod
1374 2544 1577 2597 Graeci
1603 2544 1925 2612 sa[ndycem
1951 2545 2275 2614 appellant]
2335 2548 2606 2598 Naeuius:
2642 2545 2875 2610 merussa

576 2614 946 2664 sanderacino
983 2611 1144 2677 ore.]’
1215 2613 1426 2663 Paulus
1463 2630 1513 2678 p.
1551 2616 1651 2665 324
1686 2614 1759 2664 M.
1798 2615 2200 2665 ‘sandaraca
2247 2629 2423 2680 genus
2461 2615 2704 2666 coloris.'

578 2681 765 2733 XVIII
802 2681 966 2732 Pauli
1000 2683 1203 2732 Festus
1238 2697 1288 2745 p.
1327 2682 1394 2731 34
1429 2680 1502 2734 M.
1540 2681 1778 2731 ‘bilbit
1812 2683 2022 2733 factum
2059 2688 2146 2734 est
2180 2699 2214 2732 a
2239 2680 2603 2732 similitudine
2640 2681 2871 2744 sonitus,

576 2748 671 2812 qui
717 2749 777 2798 fit
828 2750 887 2799 in
932 2763 1084 2798 uase.
1159 2748 1402 2798 Naeuius
1450 2747 1658 2798 bilbit
1705 2749 2020 2814 amphora
2073 2750 2293 2815 inquit.’
2383 2750 2698 2799 Thesaurus
2745 2763 2871 2800 nou.

577 2818 699 2867 Lat.
736 2817 793 2866 in
831 2818 894 2866 A.
922 2817 1036 2866 Mai
1062 2819 1206 2865 auct.
1233 2815 1396 2865 class.
1425 2815 1559 2866 VIII
1581 2817 1648 2867 67
1685 2819 1769 2867 ‘et
1802 2817 1943 2868 bilb
1959 2834 2015 2880 0,
2053 2820 2119 2870 is.
2146 2819 2297 2867 uerb.
2323 2821 2470 2867 neut.
2509 2841 2520 2852 ·
2546 2817 2596 2865 i·
2636 2817 2873 2865 sonitum

578 2885 763 2933 facere
801 2884 871 2933 ad
906 2882 1318 2932 similitudinem
1345 2883 1476 2932 noui
1500 2884 1664 2932 musti
1700 2888 1760 2934 et
1790 2898 1967 2934 nouae
2000 2885 2335 2946 cereuisiae‚
2375 2883 2592 2949 quando
2629 2899 2875 2949 spumes-

574 2951 651 3000 cit
672 2951 728 3000 in
755 2949 928 3013 dolio,
967 2948 1109 2999 unde
1133 2949 1378 2999 Naeuius
1416 2949 1622 2999 bilbit
1660 2950 1974 3016 amphora
1997 2952 2217 3016 inquit.’
2288 2950 2496 3002 ibidem
2533 2967 2586 3015 p.
2613 2953 2678 3002 77
2715 2950 2874 3001 ‘bil-

577 3018 724 3067 bire
762 3018 965 3067 dicitur
1002 3017 1187 3068 uinum
1224 3015 1441 3080 quando
1478 3023 1695 3081 spumat
1738 3024 1793 3068 et
1826 3020 2002 3078 isonat
2045 3019 2387 3083 spumando!
2457 3018 2544 3068 Cf.
2582 3018 2874 3069 Philoxeni

578 3085 745 3149 gloss.
773 3083 1011 3135 ‘bilbit
1036 3074 1355 3150 βομβύζει.’
1417 3088 1475 3133 et
1500 3084 1764 3135 ‘bilibit
1787 3077 2162 3152 ἔπισκιασμὸς
2190 3084 2431 3151 φωνῆς)
2491 3085 2660 3148 gloss.
2686 3085 2872 3136 Vatie.

574 3153 632 3201 in
667 3154 730 3203 A.
766 3153 882 3202 Mai
919 3157 1065 3202 auct.
1105 3151 1269 3202 class.
1293 3151 1402 3202 VII
1437 3152 1538 3202 553
1575 3158 1632 3201 et
1666 3152 1835 3216 gloss.
1872 3155 2036 3209 Bern.
2074 3154 2217 3215 (cod.
2258 3153 2341 3216 16)
2382 3153 2648 3203 ‘biliuit
2684 3153 2872 3203 adum·

575 3219 758 3270 bratio
794 3220 948 3270 uocis
987 3234 1164 3283 aquae
1201 3219 1606 3269 scaturientis.’
1813 3220 1944 3272 xlx
1979 3220 2275 3272 Diomedes
2310 3220 2338 3270 1
2384 3235 2436 3285 p.
2485 3223 2586 3272 370
2621 3222 2683 3272 Ρ.
2729 3221 2873 3270 ‘aio

575 3286 798 3336 uerbum
838 3324 849 3334 .
878 3323 890 3335 .
917 3324 929 3336 .
966 3286 1034 3336 de
1073 3287 1229 3337 cuius
1274 3286 1601 3350 imperatiuo
1637 3302 1746 3337 non
1800 3288 1938 3338 nulli
1983 3288 2357 3352 ambigebant.
2428 3302 2617 3337 uerum
2663 3286 2871 3337 dictum

577 3358 663 3403 est
709 3355 789 3414 ai,
836 3359 897 3403 ut
931 3352 1178 3404 Naeuius
1224 3351 1460 3403 alicubi:
1507 3359 1600 3403 an’
1648 3370 1695 3404 e.
1742 3372 1792 3421 q.
1827 3369 1871 3405 s.
1926 3356 2178 3418 (neuius
2214 3355 2432 3406 Monac.
2471 3356 2595 3408 Par.
2630 3354 2675 3403 B
2711 3369 2868 3404 neu-

746 3529 865 3586 122
912 3532 1119 3604 piscino
1154 3533 1296 3600 cod„
1345 3533 1499 3604 quod
1540 3539 1879 3605 corruptum
1919 3539 2023 3590 est.
2114 3534 2339 3605 porcino
2374 3533 2767 3602 Dalecampus
2812 3534 2868 3586 e'n

575 3614 726 3671 Ptin.
773 3633 831 3671 n.
877 3613 955 3670 H.
1002 3614 1076 3672 ΙΙ
1114 3615 1192 3672 37
1377 3618 1466 3671 An
1512 3617 1604 3689 qui
1647 3615 1882 3673 Piceno?
1937 3615 2041 3689 (cf.
2089 3617 2382 3672 Martialis
2425 3615 2590 3673 XIII
2628 3614 2707 3672 35
2765 3614 2868 3670 filia

574 3698 797 3754 PIcenae
856 3702 1015 3755 uenio
1071 3698 1333 3755 Lucanica
1380 3695 1595 3772 porcae)
1785 3698 1905 3757 123
1952 3717 2068 3757 mea
2138 3704 2306 3755 metri
2355 3700 2633 3771 explendi
2685 3716 2867 3755 causa

574 3787 827 3840 inserui:
871 3787 957 3840 sic
1002 3786 1253 3840 blandiri
1275 3786 1510 3854 puellae
1539 3790 1767 3841 amator
1804 3787 1992 3856 poluit
2257 3783 2602 3839 sanderacino
2646 3783 2871 3841 Paulus

749 3866 868 3923 124
925 3867 1079 3923 habit
1138 3869 1450 3924 thesaurus
1679 3868 1937 3943 amphora
2009 3870 2185 3942 inquit
2255 3868 2480 3924 Naeuio
2548 3869 2744 3924 tribuit
2805 3867 2869 3923 O.

579 4002 898 4059 Muellerus
1072 4001 1190 4058 125
1238 3955 1406 4094 {ln-inam
1452 4008 1536 4057 est
1581 3998 1738 4077 (sup.
1786 4019 1858 4058 m.
1906 4001 2028 4073 all.)
2076 4003 2255 4075 Bonq.
2318 4009 2374 4058 et
2420 4002 2666 4059 Carolir.
2713 4001 2866 4057 Pris-

578 4108 735 4160 ciani
766 4123 831 4177 p.
882 4102 1003 4161 875
1051 4120 1116 4159 an
1163 4113 1247 4160 est
1291 4111 1412 4159 nata
1445 4104 1747 4161 Diomedes
1918 4113 2001 4160 est
2044 4121 2243 4177 sponsa
2289 4113 2372 4160 est
2405 4105 2647 4161 Carolir.
2679 4103 2870 4159 Prisc.

578 4222 699 4280 875
872 4238 1170 4297 praegnas,
1215 4240 1550 4297 praegnanS‚
1595 4239 1900 4297 pregnans,
1946 4199 2236 4298 prggnanQ
2280 4225 2537 4297 prignans
2581 4222 2876 4278 Prisciani

577 4309 736 4363 codd.
869 4323 1069 4379 sponsa
1100 4324 1403 4381 praegnans
1434 4308 1721 4365 Diomedis
1750 4307 1889 4363 Par.
1924 4307 1981 4363 B
2009 4309 2187 4381 sporis
2219 4307 2284 4363 ad
2314 4321 2617 4379 praegnans
2645 4304 2789 4360 Par.
2821 4306 2872 4358 Α
