3400 5075
659 322 786 393 206
1575 318 1640 380 L.
1677 321 2042 381 AFRANIVS

1702 486 1765 552 V
1846 488 1881 551 7

838 646 854 662 .
901 645 914 660 .
962 593 1155 659 uiden
1203 597 1275 657 tu
1321 592 1537 658 lauere
1584 485 1865 658 lacrimis
1887 485 2015 658 >me
2060 597 2244 660 tuum
2290 594 2554 679 collum,
2603 584 2832 678 patei-⁴?

1686 709 1783 773 VI
1833 707 1934 796 (6)

836 816 988 881 N6n
1036 820 1421 901 amatorem,
1470 817 1624 880 olim
1673 816 2074 880 defensorem
2126 819 2218 881 uti
2266 818 2531 902 perdam
2582 818 2770 881 uolet.

1671 931 1799 996 VII
1851 929 1953 1018 (3)

840 1048 932 1114 Vt
979 1072 1081 1113 me
1128 1049 1268 1113 esse
1314 1049 1385 1112 in
1429 1048 1552 1111 hac
1597 1054 1667 1111 re
1713 1047 1908 1111 diicat
1954 1048 2069 1111 abs
2116 1052 2182 1111 te
2228 1051 2595 1114 extrarium.

1630 1162 1795 1228 VIII
1842 1160 1988 1249 (10)

668 1281 799 1345 325
845 1280 1028 1346 Adeo
1077 1285 1151 1344 iit
1195 1284 1260 1344 te
1308 1280 1505 1344 satias
1554 1280 1813 1362 caperet
1856 1279 1981 1344 toti
2027 1279 2328 1345 familiae.

1685 1393 1781 1458 IX
1831 1391 1932 1480 (4)

842 1510 1049 1574 Tuam
1095 1511 1501 1574 maiestatem
1548 1514 1614 1573 et
1659 1511 1941 1574 nominis
1988 1513 2329 1574 matr6nae
2371 1510 2872 1574 sanctitudinem

1709 1624 1770 1687 x
1818 1623 1918 1711 (5)
2040 1607 2049 1614 “

843 1793 856 1806 .
904 1742 971 1805 in
1018 1741 1333 1805 Hortinos
1380 1742 1509 1804 iiim
1556 1744 1873 1824 quantum
1919 1745 2072 1825 pote
2111 1741 2450 1825 explodam
2494 1741 2842 1827 hominem,
2888 1746 2961 1806 ut

1943 1854 2263 1922 ussicetur.

665 1997 1026 2064 appellabant
1051 2036 1062 2047 .
1091 2037 1102 2048 .
1131 2035 1143 2048 .
1170 2037 1181 2048 .
1208 1999 1469 2050 Afranius
1506 1999 1805 2064 Suspecta:
1854 1999 1990 2049 noli’
2031 2016 2078 2050 e.
2116 2016 2166 2065 q.
2205 2015 2251 2049 s.
2399 2000 2443 2048 V
2484 1999 2691 2051 Nonius
2726 2002 2859 2063 466,
2896 2003 2962 2051 29

606 2124 609 2132 ,
666 2069 926 2115 ‘lauare
967 2081 1087 2114 cuin
1125 2068 1210 2115 sit·
1237 2067 1425 2117 eluere
1465 2073 1520 2117 et
1557 2070 1873 2117 emaculare
1901 2073 1958 2117 et
1993 2069 2150 2131 aquis
2175 2066 2398 2116 sordida
2425 2083 2678 2131 quaeque
2705 2083 2962 2132 purgare,

665 2134 972 2183 uetustatis
997 2136 1303 2184 auctoritas
1331 2136 1514 2198 posuit
1540 2137 1707 2185 etiam
1734 2136 1978 2200 polluere
2007 2176 2018 2188 .
2042 2174 2056 2187 .
2080 2173 2091 2183 .
2113 2172 2126 2184 .
2154 2136 2415 2184 Afranius
2436 2140 2740 2200 Suspecta:
2777 2136 2968 2184 uident

664 2207 747 2251 ut’
787 2217 834 2250 e.
873 2217 924 2264 q.
964 2216 1006 2250 s.
1078 2201 1229 2250 Idem
1266 2205 1387 2262 504,
1426 2205 1489 2251 15
1538 2203 1805 2252 ‘laucre
1846 2203 1972 2251 inde
2010 2208 2250 2251 tractum
2292 2208 2379 2252 est
2413 2240 2425 2252 .
2451 2239 2463 2252 .
2494 2239 2507 2252 .
2534 2204 2798 2253 Afranius
2835 2203 2966 2252 Sus-

669 2274 866 2333 pecta:
906 2269 1120 2317 uident’
1159 2285 1209 2318 e.
1246 2286 1296 2333 q.
1335 2286 1377 2323 s.
1551 2270 1626 2319 VI
1663 2271 1873 2320 Nonius
1909 2273 2025 2332 358,
2062 2272 2094 2317 6
2132 2269 2315 2319 ‘olim
2353 2272 2620 2334 temporis
2667 2271 2878 2319 futuri.
2910 2306 2920 2318 .
2949 2309 2962 2321 .

666 2337 932 2386 Afranius
972 2338 1276 2400 Suspecta:
1316 2341 1447 2386 non’
1487 2354 1536 2389 e.
1573 2352 1624 2400 q.
1660 2353 1705 2387 s.
1876 2338 1981 2387 vll
2018 2337 2227 2387 Nonius
2267 2341 2379 2400 103,
2418 2341 2482 2387 10
2528 2339 2965 2399 ‘extrarium,

670 2405 832 2467 quasi
870 2401 1148 2457 alienum.’
1287 2404 1422 2454 VIII
1457 2405 1778 2454 Priscianus
1806 2405 1881 2455 VI
1918 2407 1946 2453 7
1985 2421 2034 2468 p.
2071 2406 2172 2454 694
2198 2406 2258 2459 P.
2298 2407 2432 2469 ‘ipsi
2470 2420 2565 2469 pro
2604 2406 2776 2469 ipsius
2800 2406 2966 2454 Afra·

671 2473 799 2520 nius
835 2472 892 2519 in
930 2471 1164 2520 Homine
1193 2511 1206 2524 .
1235 2508 1249 2521 .
1277 2508 1289 2520 .
1318 2469 1469 2520 toti'
1510 2471 1719 2535 (totae
1762 2472 2009 2533 Vossius)
2048 2478 2168 2536 ‘pro
2207 2474 2377 2522 totius
2404 2473 2546 2522 idem
2585 2473 2642 2521 in
2668 2471 2963 2537 Suspecta:

668 2540 832 2589 adeo'
880 2555 927 2588 e.
974 2554 1025 2603 q.
1070 2556 1116 2588 s.
1209 2540 1356 2590 Idem
1406 2541 1477 2589 VI
1532 2542 1591 2589 16
1639 2558 1691 2604 p.
1745 2542 1841 2590 717
1884 2541 1944 2589 Ρ.
1991 2545 2345 2605 ‘quamquam
2403 2542 2758 2591 inueniuntur
2818 2541 2963 2605 apud

667 2612 890 2656 ueteres
928 2614 983 2656 et
1021 2607 1295 2656 nominum
1323 2608 1482 2656 modo
1519 2608 1822 2657 declinata’
1861 2608 2024 2669 (unus
2052 2607 2197 2657 ullus
2232 2608 2417 2658 nunus
2441 2608 2591 2658 solus
2627 2614 2776 2657 totus
2802 2607 2965 2669 alius)

669 2674 745 2721 ‘id
784 2681 869 2722 est
916 2676 1230 2736 genetiuum
1270 2675 1326 2723 in
1375 2676 1421 2734 i,
1475 2679 1531 2723 et
1578 2675 1822 2724 datiuum
1860 2676 1924 2723 in
1964 2692 1994 2724 o
2043 2677 2373 2726 desinentia.
2446 2677 2558 2724 Nec
2595 2677 2771 2725 solum
2808 2675 2965 2733 haec,

669 2741 766 2790 sed
794 2746 975 2789 omnia
1002 2756 1144 2804 quae
1172 2743 1337 2791 simili
1359 2743 1736 2791 declinatione
1765 2743 2149 2806 proferuntur,
2189 2744 2333 2804 sicut
2361 2746 2466 2792 iam
2496 2745 2552 2791 in
2588 2744 2967 2807 superioribus

667 2808 1013 2858 ostendimus
1046 2849 1059 2862 .
1097 2849 1108 2859 .
1146 2846 1159 2859 .
1193 2806 1457 2859 Afranius
1506 2810 1562 2858 in
1607 2813 1905 2874 Suspecta:
1963 2812 2103 2859 adeo
2139 2850 2149 2860 .
2186 2848 2201 2861 .
2237 2848 2250 2860 .
2286 2810 2558 2867 familiae.
2609 2825 2706 2873 pro
2752 2811 2964 2864 totius,²

670 2876 1044 2937 (affranius
1090 2878 1257 2941 Saug.
1306 2876 1538 2930 Carolir.
1680 2885 1924 2941 specta
1972 2879 2182 2938 Bamb.)
2389 2877 2467 2926 IX
2515 2878 2723 2928 Nonius
2773 2881 2894 2939 174,
2933 2879 2965 2927 8

617 2954 629 2965 ⁶
670 2943 1096 2993 ‘sanctitudo
1135 2960 1231 3008 pro
1267 2945 1541 2994 sanctitas
1570 2986 1581 2998 .
1611 2982 1626 2997 .
1654 2980 1668 2994 .
1694 2945 1956 2995 Afranius
1994 2945 2289 3009 Suspecta:
2326 2948 2500 2994 tuam'
2540 2961 2587 2994 e.
2625 2961 2676 3008 q.
2716 2961 2759 2994 s.

669 3011 719 3059 X
756 3012 964 3061 Nonius
1004 3013 1116 3073 186,
1141 3015 1173 3061 3
1212 3011 1515 3061 ‘uilicari
1552 3019 1638 3062 est
1674 3014 1934 3062 rusticari
1970 3012 2061 3062 uel
2086 3012 2256 3062 uillae
2293 3027 2553 3076 praeesse
2579 3050 2592 3063 .
2618 3048 2634 3064 .
2661 3054 2673 3065 .
2701 3013 2965 3062 Afranius

679 3084 977 3143 Suspecta:
1014 3078 1094 3127 in’
1133 3094 1180 3130 e.
1220 3095 1270 3144 q.
1310 3096 1352 3129 s.
2118 3089 2135 3111 ⁶

669 3212 849 3274 naute,
909 3223 1022 3277 quo
1066 3211 1233 3260 carel
1276 3205 1433 3261 Leid.
1485 3206 1603 3262 116
1834 3205 1954 3261 322
2004 3205 2163 3261 uiden
2220 3215 2280 3261 tu
2326 3205 2635 3262 Met-cerus
2680 3206 2862 3260 uident
2907 3214 2967 3259 ut

666 3290 804 3346 libri
841 3292 1102 3361 plerique
1142 3309 1203 3360 p.
1248 3288 1371 3345 466
1423 3291 1605 3345 uident
1648 3293 1786 3347 libri
1830 3295 2094 3363 plerique
2141 3308 2205 3362 p.
2255 3291 2377 3347 504
2425 3290 2582 3345 uiden
2638 3307 2741 3346 ms.
2790 3291 2972 3345 Fabri

670 3384 915 3447 utroque
968 3378 1124 3444 loco,
1163 3375 1380 3444 proba!
1426 3375 1486 3431 L.
1536 3376 1784 3432 Mueller
1829 3378 2049 3431 αηηαῖῖ.
2096 3377 2310 3446 ρΙιιἹοΙΙ.
2363 3374 2521 3432 1868
2563 3393 2623 3446 p.
2670 3368 2825 3431 431:
2883 3374 2965 3445 cf.

670 3463 731 3514 in
777 3461 942 3514 Accii
993 3476 1050 3513 u.
1099 3459 1222 3514 303
1270 3459 1470 3514 Bamb.
1644 3470 1799 3516 tuum
1844 3461 2047 3515 Aldina
2105 3469 2218 3515 [um
2272 3461 2408 3515 libri
2443 3478 2504 3531 p.
2553 3457 2675 3515 504
2725 3468 2781 3512 ιιι
2836 3460 2972 3513 libri

668 3562 728 3614 p.
776 3543 899 3599 466
1075 3542 1197 3599 323
1243 3560 1386 3599 nunc
1433 3544 1741 3600 Mercerus
1910 3544 2252 3599 defensorem
2310 3546 2436 3600 edd.
2492 3543 2779 3599 defensore
2835 3544 2972 3598 libri

842 3629 920 3682 uti
965 3627 1184 3701 perdam
1241 3633 1457 3699 scripsi
1509 3637 1571 3683 ut
1626 3646 1722 3702 per
1767 3645 1889 3684 eum
1932 3631 2069 3684 libri
2109 3636 2165 3683 et
2216 3637 2503 3701 patronum
2562 3628 2866 3683 Mercerus
2911 3635 2969 3681 ut

674 3714 933 3785 reperiam
980 3713 1217 3785 Maelely
1388 3713 1509 3769 325
1560 3715 1814 3769 utesatias
1855 3717 2073 3769 Amien.
2116 3732 2175 3784 p.
2208 3712 2329 3769 694
2377 3721 2440 3780 ιιι,
2480 3719 2534 3766 tc
2580 3712 2745 3767 sacies
2792 3712 2968 3768 Hulb.

669 3848 730 3901 p.
767 3830 887 3888 694
937 3838 995 3885 ut
1042 3839 1096 3885 te
1140 3800 1271 3888 satis
1319 3833 1459 3905 Rey.
1498 3849 1563 3903 p.
1613 3832 1732 3888 717
1783 3841 1841 3887 ut
1889 3839 1941 3887 te
1984 3832 2112 3886 satis
2160 3830 2332 3904 Suny.
2383 3826 2544 3888 Vina'.
2580 3832 2744 3885 Grul.
2795 3830 2969 3885 Halb.

668 3915 919 3974 Curolir.
974 3934 1034 3986 p.
1084 3917 1202 3973 717
1305 3952 1310 3959 ‚
1380 3914 1591 3988 capere²
1634 3916 1694 3987 (t.
1742 3934 1870 3988 sup.
1918 3935 1990 3972 m.
2036 3912 2157 3987 all.)
2225 3916 2379 3972 Vinci.
2427 3922 2669 3988 caperet,
2716 3931 2844 3984 sup.
2895 3921 2967 3983 et,

676 4001 839 4056 Grul.
881 4019 942 4072 p.
978 3999 1098 4055 694
1231 4001 1401 4055 ῑοῑίΞ
1445 4001 1627 4055 Barb.
1654 4018 1720 4072 p.
1755 4001 1874 4058 717
1911 4010 2025 4056 tote
2058 4002 2306 4058 Carolir.
2341 4003 2492 4055 alter
2530 4007 2677 4054 totae
2711 4000 2968 4054 Durmsl.

674 4102 708 4140 c
748 4103 808 4156 p.
859 4084 998 4154 694,
1049 4085 1297 4141 Carolir.
1340 4105 1398 4157 p.
1447 4085 1565 4142 717
1613 4102 1741 4142 cum
1798 4087 1929 4142 aliis
1983 4087 2197 4140 delerr.
2248 4086 2347 4140 toti
2396 4086 2642 4139 calidius
2697 4086 2971 4138 reiecisse

694 4170 946 4226 Vossium
989 4173 1144 4226 anal.
1179 4171 1210 4226 1
1230 4172 1273 4225 V
1306 4172 1346 4226 6
1371 4188 1431 4240 p.
1466 4168 1586 4227 202
1619 4175 1833 4226 monuit
1863 4172 1966 4226 Fr.
2005 4169 2263 4237 Haustus
2296 4174 2356 4225 in
2386 4171 2578 4226 adnot.
2611 4169 2703 4224 ad.
2736 4168 2974 4239 Reisiyii

675 4256 906 4310 scholas
932 4272 992 4325 p.
1020 4254 1166 4317 187;
1197 4254 1278 4326 cf.
1313 4271 1465 4310 nunc
1497 4258 1666 4311 elium
1702 4255 1923 4311 Neuius
1948 4273 2189 4327 qramm.
2217 4254 2343 4310 zat.
2378 4254 2447 4309 ΙΙ
2477 4252 2595 4309 185
2629 4259 2683 4307 el
2710 4252 2970 4307 Bueche-

675 4342 837 4400 lerus
892 4342 1037 4397 decl.
1092 4342 1196 4396 lut.
1237 4358 1298 4413 p.
1341 4338 1425 4396 40
1680 4339 2135 4414 mium-unos,
2192 4341 2346 4413 quod
2390 4337 2703 4413 Berylrium
2749 4338 2970 4394 annuli.
3022 4381 3033 4391 .
