3400 5075
620 282 743 335 LVI
1502 276 2030 332 OOROLLARJVM

622 424 845 527 cerpta
892 444 1187 527 quamvis
1233 464 1367 506 non
1404 444 1645 504 temere
1684 439 1949 505 omnino
2000 441 2080 505 ad
2126 441 2251 504 hoc
2296 441 2664 503 litterarum
2711 461 2912 524 genus

622 572 726 613 me
773 549 1100 613 rettulisse
1147 551 1405 631 praeter
1433 547 1703 630 Bergkii
1727 532 2210 611 ⁸auctoritatem
2256 543 2395 631 (qui
2442 547 2519 610 de
2547 544 2742 611 Festo
2789 546 2913 610 dis-

622 656 880 740 putavit
933 656 1001 719 in
1057 654 1307 738 ephem.
1364 654 1489 735 litt.
1544 652 1809 719 Halens.
1863 655 2031 717 1842
2090 677 2150 738 p.
2197 650 2365 738 224)
2422 651 2765 717 Ritschelii
2819 652 2913 719 in-

622 762 851 846 primis
909 762 985 825 de
1031 760 1298 825 Placido
1357 761 1688 825 inventum
1737 760 1928 823 fidem
1974 760 2204 844 faciat,
2257 763 2479 823 tamen
2522 760 2706 824 nolui
2750 781 2914 843 quae

624 870 779 961 dat2a
827 890 1026 951 opera
1069 890 1189 932 nec
1228 868 1364 932 sine
1400 866 1727 949 locuplete
1767 868 2060 931 codicum
2098 869 2419 951 apparatu
2455 866 2916 949 pertractanda

625 979 775 1040 sunt
820 975 1212 1058 primoribus
1260 974 1445 1058 quasi
1483 973 1707 1058 digitis
1741 976 2194 1057 praecerpere,
2240 974 2441 1037 immo
2481 971 2918 1035 exhaurienda

625 1082 858 1165 reliqui
904 1081 1238 1145 Kettneris
1285 1081 1389 1145 vel
1435 1078 1731 1144 Kleiniis.

804 1397 1205 1464 TITINIVS.
1282 1397 1452 1464 Casu
1511 1401 1776 1484 accidit,
1823 1404 1898 1464 ut
1942 1401 2275 1484 schedula,
2322 1402 2390 1465 in
2435 1422 2562 1484 qua
2607 1398 2923 1463 Duebneri
2996 1423 3000 1428 ·

626 1508 938 1590 quasdam
1005 1508 1407 1572 coniecturas
1465 1508 1533 1571 in
1598 1529 1869 1571 censura
1926 1505 2395 1572 Neukirchiani
2458 1507 2609 1570 libri
2667 1503 2918 1590 (Iahnii

628 1613 866 1678 annall.
913 1612 1166 1697 philoll.
1218 1613 1387 1677 1834
1434 1636 1495 1697 p.
1543 1614 1671 1677 266
1721 1612 1885 1698 sqq.)
1933 1615 2221 1695 prolatas
2281 1618 2721 1694 enotaveram,
2777 1635 2917 1675 sero

627 1721 697 1784 in
741 1719 1124 1784 memoriam
1163 1719 1264 1782 vel
1312 1718 1381 1782 in
1419 1743 1647 1786 manus
1685 1720 1940 1783 rediret.
2017 1720 2182 1783 unde
2220 1743 2388 1785 nune
2427 1720 2655 1784 saltem
2695 1741 2922 1801 pauca,

626 1849 707 1890 ne
756 1849 872 1890 sua
917 1826 1205 1890 invidere
1244 1826 1385 1889 viro
1425 1826 1726 1910 diligenti
1764 1826 2005 1909 videar,
2043 1848 2400 1909 excerpam.
2477 1825 2766 1911 Agnovit
2812 1847 2921 1888 au-

626 1936 760 1996 tem
807 1937 880 1996 ut
922 1931 1334 1996 Hermannus
1379 1954 1682 1997 numeros
1728 1955 1788 1997 v.
1836 1933 1875 1995 6
1925 1954 2015 2015 sq.
2230 1937 2233 1940 ’

810 2039 1047 2102 8-10
1103 2037 1332 2101 Titinii
1381 2040 1747 2123 exemplum
1795 2038 2131 2120 excidisse,
2186 2037 2483 2103 historici
2541 2042 2758 2101 autem
2805 2037 2920 2100 ali-

630 2145 811 2209 cuius
860 2144 1223 2228 scriptoris,
1290 2143 1596 2208 Sisennae
1646 2169 1696 2209 e.
1745 2168 1824 2228 c.,
1880 2143 2333 2220 Quicheratius
2388 2143 2550 2208 haec
2611 2167 2746 2208 esse
2794 2146 2918 2207 sta-

630 2250 784 2314 tuit:
832 2252 923 2313 ita
968 2250 1266 2332 Spurius:
1312 2252 1636 2314 animatur
1680 2253 1750 2314 in
1783 2252 2094 2332 proelium
2139 2250 2324 2326 vele&
2371 2272 2545 2331 eques
2587 2252 2801 2333 recipit
2843 2271 2922 2327 se,

630 2378 820 2438 neque
878 2358 1029 2436 serit
1087 2378 1452 2438 quemquam
1514 2357 1758 2422 hostem.
1843 2357 2117 2421 ridicula
2171 2356 2464 2439 profecto
2528 2358 2762 2440 proelii
2817 2357 2920 2421 de-

633 2462 935 2546 scriptio3
1003 2463 1155 2546 quid
1221 2466 1437 2526 autem
1514 2462 1787 2548 Spurius
1850 2463 1972 2526 iste
2037 2463 2139 2527 vel
2211 2463 2440 2527 fecerit
2501 2464 2606 2528 vel
2669 2464 2925 2545 dixerit,

629 2573 901 2634 tacetur.
2556 2563 2562 2570 ’

815 2677 891 2740 11
942 2681 1013 2739 at
1051 2676 1160 2741 ubi
1197 2675 1647 2752 Quicheratius

814 2782 900 2844 20
954 2783 1189 2845 interea
1231 2804 1455 2848 nasum
1510 2789 1823 2866 oppuymzt
1874 2784 2092 2846 anima
2132 2785 2365 2864 foetida
2419 2783 2611 2865 pleno
2670 2782 2922 2846 senario

634 2887 928 2953 Bothius.
1021 2891 1306 2952 ceterum
1348 2890 1542 2969 fetida
1588 2890 1862 2973 exprimi
1911 2890 2104 2955 volui.

815 2993 902 3057 25
946 2996 1283 3076 nequiuisti
1326 2995 1490 3061 Dan.

813 3100 898 3164 28
945 3121 1113 3164 noua
1157 3123 1314 3183 quae
1359 3103 1609 3167 codices
1649 3104 1997 3167 secundum
2037 3103 2542 3179 Quicheratium.
2600 3123 2728 3166 non
2762 3121 2928 3182 aqua

634 3207 769 3270 iam
816 3204 1118 3271 Cuiacius
1177 3210 1242 3271 et
1286 3207 1707 3274 Passeratius
1800 3211 1958 3276 olim
2007 3232 2045 3273 a
2091 3232 2194 3272 me
2241 3209 2691 3274 commendata
2735 3208 2926 3272 huius

637 3335 855 3377 versus
901 3316 1157 3379 notatio
1204 3315 1540 3398 placuerat
1583 3313 1930 3380 Duebnero
1976 3337 2250 3400 quoque.

816 3421 902 3483 30
965 3422 1104 3503 quis
1168 3420 1473 3504 Montisp.
1529 3445 1590 3505 p.
1639 3423 1769 3486 366
1898 3422 2055 3488 todia
2109 3422 2252 3486 Par.
2301 3422 2350 3485 P
2412 3426 2469 3484 et
2531 3420 2706 3484 hodie
2770 3420 2925 3483 Gen.

637 3527 827 3591 Bern.
875 3522 1033 3610 (non
1078 3524 1255 3611 Bas)
1301 3550 1362 3610 p.
1410 3527 1541 3592 366

817 3633 898 3696 31
952 3632 1044 3695 Vt
1071 3632 1180 3695 hic
1216 3633 1583 3716 diffrinqam
1626 3639 1691 3698 et
1737 3635 1805 3698 in
1835 3635 2112 3698 Iuventii
2142 3657 2202 3699 v,
2234 3635 2268 3698 7
2317 3635 2642 3716 dis's'nyero
2681 3634 2931 3717 scripsi,

638 3740 798 3802 item
828 3739 897 3802 in
923 3738 1142 3801 Plauti
1172 3739 1381 3803 milite
1419 3741 1503 3824 gl.
1540 3741 1663 3805 156
1694 3741 2114 3822 ‘diffreywsstis
2140 3739 2358 3823 talos’,
2389 3742 2515 3804 722
2546 3738 2933 3822 ‘diffreyisset

640 3844 869 3924 crura',
890 3845 959 3908 in
980 3843 1206 3910 Sticho
1232 3846 1348 3909 191
1384 3844 1661 3911 ‘lumbos
1687 3847 2006 3926 diffractos
2034 3843 2274 3928 velim',
2295 3846 2362 3909 in
2390 3846 2700 3910 Asinaria
2727 3869 2782 3910 v.
2799 3847 2930 3910 474

640 3951 853 4017 ‘crura
891 3952 1105 4015 hercle
1142 3951 1604 4034 diffr⁴inyentur'
1643 3953 2111 4018 restituendum
2151 3956 2272 4037 est3
2323 3954 2516 4036 atque
2553 3951 2679 4016 hoc
2717 3953 2928 4034 ipsum

642 4059 722 4122 ad
769 4058 1220 4122 Palatinoriim
1266 4059 1458 4123 fidem
1505 4059 1663 4122 olim
1712 4059 1914 4123 edidit
1958 4058 2216 4122 Pareus.

819 4165 904 4228 33
952 4163 1281 4230 Leidensis
1314 4164 1551 4228 codicis
1591 4164 1912 4250 scriptura
1946 4169 2020 4229 ut
2053 4187 2170 4250 pro
2199 4185 2275 4230 ne
2309 4164 2585 4230 fortasse
2613 4165 2685 4227 ni
2720 4163 2931 4226 forma

640 4271 982 4337 indicatur.
