3400 5075
676 348 803 411 384
1338 351 1711 400 APPENDIX
1754 351 2322 403 sauri-:nrmnvm

853 505 1269 569 Praesentem
1315 527 1434 570 nec
1481 506 1744 570 laudere
1793 507 1975 571 decet
2019 529 2138 572 nec
2185 508 2454 572 laedere.

676 622 806 685 220
853 621 1140 686 Poenam
1185 621 1356 685 iinde
1403 643 1650 685 mereas
1698 622 1941 686 frustra
1988 623 2374 706 praesidium
2426 626 2627 705 petas

856 735 1058 821 Saepe
1108 736 1275 799 oculi
1324 742 1394 799 et
1434 759 1619 800 aures
1667 738 1847 822 uulgi
1898 741 2052 800 sunt
2098 740 2295 800 testes
2344 737 2514 801 mali.
2865 759 2964 806 737

851 851 1110 916 Noce'ns
1158 852 1451 915 sublimis
1497 851 1608 914 libi
1655 852 1756 936 fit,
1803 851 2166 917 succumbit
2212 853 2386 917 fides

849 967 939 1031 Et
985 965 1387 1030 miseriarum
1435 968 1662 1049 portus
1710 971 1810 1031 est
1854 969 2184 1051 patientia.
2868 990 2965 1037 146

849 1082 995 1146 Hoc
1043 1083 1248 1166 magis
1297 1084 1584 1165 premere
1614 1083 1695 1145 ab
1744 1084 1865 1160 ira,
1916 1087 2043 1168 quo
2074 1084 2286 1147 minus
2317 1084 2476 1147 iram
2524 1083 2848 1166 presseris

672 1197 804 1262 225
850 1197 1102 1261 Belhim
1150 1201 1388 1282 gerunt
1432 1219 1578 1260 cum
1625 1195 1869 1268 timidis
1908 1199 2111 1262 etiam
2159 1174 2499 1264 insomnia.

850 1287 1276 1377 Defendendo
1327 1312 1553 1375 melius
1602 1313 1806 1376 uitam
1853 1315 2045 1397 quain]
2096 1317 2272 1378 metu
2320 1315 2618 1379 tueberis.

852 1427 1168 1491 Audendo
1217 1427 1424 1491 uirtus
1471 1428 1726 1511 crescit,
1772 1428 2091 1493 tardando
2138 1430 2348 1494 timor.
2895 1452 2964 1499 4ο

853 1542 1158 1607 Dolorem
1206 1543 1451 1625 patitur
1496 1540 1612 1625 qul'
1655 1543 1932 1609 dolendo
1981 1543 2281 1608 uincitur.

849 1656 972 1720 Est
1017 1657 1297 1741 parcitas
1337 1657 1794 1722 necessitatum
1842 1660 2210 1723 remedium.

678 1772 807 1836 230
855 1771 1256 1856 Supplicium
1305 1795 1502 1836 auaro
1551 1775 1984 1858 argentumst,
2031 1774 2296 1858 profuso
2345 1775 2554 1838 decus,

849 1886 1146 1973 Pupillus
1194 1892 1293 1952 est
1339 1889 1573 1952 auritus
1621 1888 1856 1954 aetatis
1903 1891 2183 1955 breuis*
2861 1913 2965 1960 394

855 1983 1113 2067 Andrus
1161 2004 1466 2067 damnum
1517 2005 1788 2089 pzititur,
1832 2005 1956 2069 nisi
2006 2007 2254 2069 lucrlim
2301 2007 2475 2070 facit.

807 2228 905 2275 219
943 2225 1030 2275 Cf.
1056 2226 1301 2290 spicileg.
1334 2230 1485 2279 Rom.
1510 2224 1869 2276 Πολυαίνου·
1909 2219 2167 2291 παρόντα
2202 2219 2347 2292 μήτε
2386 2223 2527 2293 ψέγε
2552 2222 2694 2293 μήτε
2720 2220 2962 2280 ἐπαίνει.

806 2295 905 2343 223
943 2293 1346 2344 CstMenandri
1374 2299 1606 2343 monost.
1630 2297 1730 2344 309
1758 2284 1928 2359 λιμὴν
1954 2285 2197 2359 ἀτυχίας
2222 2288 2378 2346 ἐστὶν
2412 2287 2748 2359 ἀνθρώποις
2771 2292 2961 2362 τέχνη.

807 2363 907 2411 230
942 2361 1017 2410 Io.
1056 2361 1495 2412 saresberiensis
1531 2361 1650 2411 Pol.
1688 2364 1738 2425 8,
1783 2365 1844 2411 15
1883 2362 1971 2411 fin.
2010 2363 2175 2413 ‘unde
2224 2364 2355 2414 Bias
2391 2364 2678 2414 Prieneus:
2729 2366 2962 2430 pecnnia

673 2429 898 2493 profuso
937 2429 1133 2492 decus,
1174 2445 1342 2480 auaro
1380 2428 1712 2494 supplicium
1751 2434 1879 2483 est.’
2969 2424 2983 2436 ⁸

843 2653 962 2710 219
1010 2663 1345 2727 praesentem
1405 2663 1460 2709 ct
1515 2652 1731 2709 laudare
1789 2663 1843 2709 ct
1901 2652 2113 2709 laedere
2170 2656 2386 2711 minime
2444 2655 2598 2711 decet
2643 2676 2694 2712 m
2746 2658 2799 2727 1,
2854 2656 2956 2726 25,

671 2754 822 2812 quae
867 2742 1036 2794 etiam
1081 2742 1165 2794 sic
1209 2746 1548 2812 praesentem
1607 2746 1662 2792 et
1708 2738 1919 2794 laedere
1963 2748 2017 2794 ct
2063 2738 2279 2795 laudare
2323 2739 2549 2796 dedecet
2595 2746 2653 2797 in
2695 2756 2961 2797 numeros

672 2826 920 2896 rede'yas.
1010 2832 1346 2896 praesentem
1403 2822 1618 2878 laudare
1678 2824 1892 2878 minime
1937 2823 2090 2879 decet
2141 2842 2184 2896 p
2231 2825 2308 2881 76
2493 2824 2617 2883 220
2660 2842 2887 2898 poenam
2934 2843 2961 2881 a

671 2925 780 2981 quo
839 2909 1091 2963 merearis
1150 2908 1348 2962 frustra
1407 2908 1547 2981 petis
1605 2907 1931 2980 praesidium
1988 2927 2038 2963 m
2089 2910 2145 2980 1,
2195 2908 2273 2964 28
2491 2908 2609 2965 221
2660 2910 2851 2965 oculos
2909 2919 2958 2965 et

680 3009 836 3047 aures
886 2992 1037 3066 uulgi
1082 2992 1248 3047 malos
1296 3000 1463 3047 testes
1508 3009 1628 3048 esse
1673 3010 1725 3046 m
1763 2993 1817 3062 1,
1851 2992 1953 3063 31,
2000 2996 2080 3049 ad
2119 3010 2387 3050 numeros
2432 2997 2647 3068 redeyit
2684 2996 2961 3052 'Pithoeus

841 3076 962 3132 222
1009 3092 1209 3133 nocens
1268 3074 1326 3130 lit
1384 3075 1471 3131 ubi
1528 3075 1833 3132 succumbit
1888 3075 2019 3132 fides
2078 3098 2129 3134 m
2176 3079 2244 3148 4,
2296 3078 2331 3134 3
2391 3095 2590 3135 nocens
2648 3080 2772 3151 quis
2818 3079 2959 3135 illico

671 3160 764 3232 fit,
809 3160 1110 3217 succumbit
1156 3169 1216 3216 ut
1262 3158 1392 3216 fides
1427 3162 1715 3221 Gruterus
1758 3164 1959 3217 nocens
1993 3162 2080 3217 ubi
2113 3164 2374 3219 innocens
2423 3162 2503 3233 fit,
2548 3182 2594 3221 s.
2627 3163 2664 3223 f.
2699 3164 2962 3220 Bueche-

669 3250 832 3303 ler-us
1004 3245 1125 3302 223
1171 3246 1425 3319 patientia
1472 3247 1805 3301 miseriarum
1851 3256 2043 3319 portus
2089 3258 2174 3302 est
2218 3267 2269 3303 m
2306 3247 2367 3322 5,
2404 3249 2460 3318 1,
2506 3264 2776 3305 numeros
2815 3248 2962 3320 fecit

671 3333 978 3388 Pithoeus.-
1020 3348 1096 3385 an
1142 3331 1445 3404 sapientia?
1597 3328 1719 3385 224
1767 3348 1875 3404 quo
1922 3332 2096 3386 minus
2144 3333 2407 3405 presseris
2438 3334 2601 3403 iram,
2649 3333 2753 3388 hoc
2781 3330 2844 3386 ab
2884 3334 2960 3388 ira

671 3418 840 3490 magis
885 3417 1148 3490 premeris
1193 3434 1244 3470 m
1278 3415 1332 3484 7,
1386 3414 1414 3469 1
1466 3415 1541 3469 W
1577 3416 1681 3471 hoc
1727 3417 1895 3489 magis
1942 3431 2187 3488 premere
2228 3415 2292 3471 ab
2336 3418 2430 3483 ira,
2479 3434 2588 3489 quo
2634 3419 2764 3471 iram
2809 3433 2961 3489 pres-

669 3502 805 3556 seris
837 3502 1011 3556 minus
1045 3500 1332 3556 Gruterus
1503 3498 1624 3556 225
1670 3517 1790 3555 cum
1840 3509 1877 3555 t.
1917 3516 1966 3555 e.
2013 3502 2216 3557 somnia
2248 3500 2446 3557 bellum
2478 3517 2671 3574 gerere
2713 3519 2766 3556 m
2796 3502 2853 3570 8,
2894 3502 2958 3555 1:

667 3601 940 3641 numeros
981 3587 1114 3641 dedi
1143 3585 1492 3642 Buecheler-i
1661 3584 1784 3641 226
1829 3584 2096 3640 desiderio
2130 3585 2320 3641 melius
2367 3585 2532 3641 uitam
2576 3602 2733 3659 quam
2765 3587 2960 3641 timore

669 3669 931 3725 custodiri
962 3671 1088 3740 m8,
1116 3669 1151 3724 2
1183 3669 1508 3725 desiderium
1540 3669 1733 3725 melius
1765 3670 1928 3724 uitam
1960 3670 2283 3725 custodierit
2312 3686 2468 3743 quam
2501 3672 2663 3726 timor
2678 3669 2961 3727 Gruterus

841 3754 962 3810 227
1010 3758 1094 3810 sic
1137 3773 1189 3810 m
1235 3754 1295 3826 8,
1343 3754 1382 3825 3
1598 3753 1720 3809 228
1766 3734 1958 3809 dolore
2017 3755 2388 3829 uincitur-qui
2433 3754 2679 3811 dolorem
2724 3754 2960 3810 dolendo

670 3856 779 3895 non
837 3841 1039 3913 patitur
1081 3858 1132 3894 m
1182 3839 1281 3909 10,
1331 3840 1362 3894 1
1568 3837 1688 3894 229
1735 3840 1963 3912 parcitas
2009 3841 2389 3895 necessitatum
2436 3839 2729 3895 remedium
2776 3846 2861 3894 est
2904 3848 2959 3893 et

671 3923 931 3980 medicina
977 3923 1292 3980 damnorum
1337 3943 1390 3980 m
1440 3925 1537 3993 11,
1584 3923 1621 3980 5
1838 3921 1963 3981 230
2005 3926 2230 3997 pecunia
2272 3940 2435 3980 auaro
2481 3924 2803 3997 supplicium
2850 3931 2953 3990 est,

671 4008 1013 4078 parricidium
1058 4008 1322 4081 proditori
1368 4018 1438 4064 m'
1465 4007 1564 4079 12,
1609 4010 1640 4064 1
1819 4005 1937 4065 231
1987 4024 2218 4065 uersum
2249 4009 2398 4081 fecit
2426 4009 2719 4065 Pithoeus
2767 4023 2965 4063 auarus

671 4094 917 4149 homines
964 4093 1202 4167 pupillos
1260 4093 1441 4149 breuis
1498 4095 1686 4149 aetatis
1733 4108 1881 4155 esse;
1938 4092 2068 4148 nihil
2115 4095 2256 4149 enim
2313 4092 2379 4149 de
2430 4110 2532 4149 suo
2578 4095 2656 4149 uti
2700 4092 2862 4147 licere
2906 4110 2959 4146 m

674 4177 773 4249 12,
821 4177 858 4235 3
909 4179 1056 4233 anari
1100 4180 1340 4234 homines
1385 4177 1593 4251 pusillis
1638 4178 1818 4234 breuis
1849 4179 2038 4233 aetatis
2069 4179 2271 4234 similes
2315 4186 2474 4250 sunt,
2520 4176 2716 4251 quibus
2760 4176 2827 4233 de
2858 4193 2958 4231 suo

670 4263 799 4319 nihil
860 4264 938 4318 uti
993 4262 1117 4318 licet
1158 4264 1252 4341 ‚W
1298 4263 1538 4337 pupillus
1586 4264 1815 4319 hominis
1873 4261 2015 4319 auidi
2059 4272 2143 4318 est
2187 4264 2377 4319 aetatis
2434 4261 2614 4318 breuis
2662 4261 2960 4318 Benueius

747 4338 756 4347 ’
842 4346 963 4403 232
1010 4364 1202 4402 auarus
1256 4365 1426 4422 egens
1482 4347 1733 4403 damnum
1790 4356 1847 4403 et
1899 4350 1943 4402 si
1990 4365 2098 4403 non
2147 4347 2387 4404 lucretur
2435 4348 2637 4421 patitur
2673 4365 2725 4401 m
2776 4345 2873 4417 12,
2921 4345 2956 4401 6
