3400 5075
618 353 694 415 12
1535 352 1643 403 ou.
1682 338 2002 404 NA'vas

1450 511 1515 574 ΙΙ
1564 508 1762 595 (Νοιι.
1809 510 1943 575 Col.
1998 508 2063 595 1)

658 626 744 687 30
1473 674 1482 677 -
1641 645 1652 656 ’
1885 627 1951 688 et
1994 626 2143 689 uolo

790 738 879 804 Et
925 741 1147 805 uereor
1193 744 1259 805 et
1304 742 1515 805 facere
1565 740 1635 804 1'11
1682 740 1980 823 prolubio
2029 744 2128 803 est
2176 792 2187 803 .
2238 792 2249 803 .
2300 791 2311 803 .

1443 854 1543 920 III
1590 852 1787 940 (Nou.
1838 852 1971 919 Col.
2020 851 2091 940 3)

1891 973 1956 1033 et
2002 970 2200 1033 asseri

794 1084 1044 1149 Laudes
1091 1106 1244 1169 ag0‚
1291 1107 1438 1149 cum
1485 1086 1655 1149 uotis
1702 1106 1819 1148 me·
1851 1085 2084 1149 multat
2129 1085 2316 1166 meiS‚

792 1198 976 1274 Quod
1024 1202 1279 1283 praeter
1326 1222 1517 1283 quam
1565 1200 1796 1263 uellem
1844 1198 2182 1263 audiebam
2230 1198 2354 1262 hoc
2400 1200 2486 1262 mi
2534 1200 2799 1262 eminus.

1447 1313 1543 1378 IV
1592 1312 1789 1398 (Nou,
1838 1313 1971 1379 Col.
2020 1313 2090 1399 2)

660 1429 745 1493 35
792 1428 921 1495 Vbi
978 1428 1141 1512 usdi,
1197 1426 1713 1493 exanimabssitcr
1768 1429 2044 1493 timedus
2098 1429 2369 1512 pedibus
2426 1428 2750 1512 protinam
2809 1431 2909 1491 1116

1895 1544 2057 1607 dedi

921 1716 932 1722 -
1503 1648 2025 1713 COMMOTRIA

637 1736 745 1802 35¹
798 1760 1011 1803 carere
1824 1806 1838 1813 ,

1486 1824 2041 1891 COROLLARIA

1671 1949 1704 2014 1
1752 1947 1852 2036 (4)

1481 2054 1516 2087 ³
1892 2039 2046 2103 nolo
2094 2060 2215 2124 ego

610 2190 883 2261 ‘polluceo
921 2196 1228 2261 polluxi.
1299 2199 1591 2248 .Naeuius
1625 2199 1682 2247 in
1709 2197 1934 2248 Colace:
1976 2192 2124 2262 quid’
2163 2214 2209 2250 e.
2247 2212 2298 2261 q
2338 2216 2382 2251 s.
2454 2199 2728 2258 (Neuius
2768 2198 2911 2248 libri.

752 2266 831 2314 ‘in
880 2264 1085 2315 Colace
1133 2265 1260 2329 quid
1308 2266 1567 2327 decumas
1613 2255 1827 2330 partcs'
1877 2281 1977 2315 om.
2002 2263 2216 2346 Sang.)
2363 2266 2419 2317 11
2454 2266 2663 2317 Nonius
2707 2268 2799 2320 64
2852 2270 2911 2314 10

616 2332 1060 2396 ‘pi-clunium.
1177 2333 1467 2384 ,Neuius
1505 2332 1737 2384 Colace.
1779 2337 1835 2382 ct
1871 2327 2018 2383 uolo'
2057 2349 2103 2382 e.
2142 2348 2194 2397 q.
2234 2348 2274 2382 e.
2357 2334 2675 2395 (Naeuius
2709 2335 2910 2384 Junius

617 2401 674 2447 iu
712 2401 838 2477 mg.)
922 2399 1254 2478 comparant
1299 2400 1690 2466 Aristophanis
1736 2401 2293 2452 ιιιιι.1425εποθεῖ
2328 2395 2464 2463 μὲν,
2512 2393 2776 2467 ἐχθαίρει
2825 2396 2908 2462 δὲ,

618 2459 885 2529 βούλεται
922 2459 981 2517 δ’
1021 2462 1192 2532 ἔχειν.
1253 2466 1401 2518 Sane
1426 2469 1624 2519 incerti
1661 2468 1831 2518 animi
1870 2468 2151 2517 fluctuatio
2190 2468 2278 2517 hic
2315 2484 2530 2533 quoque
2568 2468 2911 2519 describitur.

759 2535 844 2584 111
891 2536 1103 2586 Nonius
1147 2537 1275 2597 462,
1321 2539 1387 2588 32
1427 2529 1743 2586 ‘multare
1798 2551 1916 2586 cum
1973 2536 2047 2586 sit
2092 2535 2490 2599 condemnare,
2522 2536 2781 2614 positum
2827 2540 2911 2585 est

618 2617 849 2667 augere,
887 2605 1003 2652 uoti
1036 2608 1340 2668 compotem
1375 2603 1623 2654 reddere.
1693 2604 1948 2654 Neuius
1986 2602 2215 2653 Colace.
2253 2608 2309 2653 et
2345 2594 2535 2653 aseeri’
2576 2620 2621 2653 e.
2661 2619 2711 2667 q
2749 2619 2791 2652 s.

616 2671 693 2720 1v
728 2670 939 2720 Nonius
964 2673 1169 2733 376,12
1206 2675 1287 2720 ‘et
1325 2673 1582 2736 quoniam
1619 2686 1729 2721 ιιοιι
1765 2670 1904 2721 nulli
1941 2675 2188 2720 ueterum
2226 2687 2324 2735 pro
2362 2687 2425 2720 eo
2474 2671 2613 2735 quod
2661 2670 2909 2734 protinus

618 2742 704 2786 est
749 2740 1092 2800 protinam
1136 2738 1224 2787 uel
1279 2740 1524 2804 protenis
1569 2742 1987 2820 conuerterant,
2047 2738 2298 2803 exempla
2344 2739 2412 2788 de
2459 2738 2542 2788 his
2590 2738 2909 2788 necessaria

618 2804 966 2870 decerpenda
1010 2812 1139 2854 sunt
1185 2846 1197 2858 .
1290 2798 1624 2856 ‚Neuius’
1671 2805 1778 2868 (ita
1823 2807 1910 2855 W.
1962 2806 2120 2856 Leid.
2168 2806 2302 2856 Gen.
2349 2805 2502 2866 Bas.)
2551 2807 2632 2855 ‘in
2679 2804 2906 2854 Colace·

615 2872 710 2921 ubi
753 2911 764 2922 .
909 2871 1061 2935 dedi,
1100 2872 1153 2922 id
1192 2878 1278 2922 est
1315 2874 1544 2938 pedibus
1581 2874 1805 2937 longius
1841 2864 1994 2937 fugis

754 2937 1104 2990 Commorim..
1178 2940 1350 2991 Varro
1396 2940 1464 2990 de
1501 2941 1534 2996 l.
1581 2941 1643 2991 L.
1692 2941 1796 2991 VII
1840 2943 1905 2991 54
1941 2942 2010 2990 Μ.
2060 2942 2141 2990 ‘in
2175 2940 2576 2991 Menaechmis.
2624 2940 2771 2990 inter
2816 2955 2909 2989 an-

617 3005 776 3055 cillas
823 3007 1018 3057 sedere
1064 3008 1283 3089 iubeas,
1331 3008 1514 3059 lanam
1560 3023 1809 3058 carere
1896 3009 2043 3058 Idem
2098 3008 2202 3058 hoc
2250 3015 2335 3058 est
2380 3009 2605 3058 uerbum
2651 3007 2708 3056 in
2755 3006 2911 3057 Com·

617 3074 815 3123 metria
860 3068 1090 3128 Naeuii?
1171 3075 1314 3139 (hoc
1363 3082 1470 3126 est
1513 3076 1659 3127 Flor.
1708 3081 1854 3126 teste
1903 3076 1971 3125 H.
2010 3075 2190 3126 Keilio
2236 3074 2411 3126 Paris.
2456 3091 2489 3125 a
2528 3074 2588 3134 b,
2635 3080 2741 3124 est
2785 3074 2911 3124 hoc

617 3142 786 3190 ceteri
928 3141 1326 3193 Commotria
1367 3143 1653 3193 Turnebus
1691 3142 1832 3193 Adu.
1866 3143 2055 3193 XXIII
2094 3145 2156 3193 16
2194 3143 2527 3193 cemetria
2563 3112 2707 3192 blor.
2747 3140 2908 3194 Goth.

545 3211 551 3220 '
618 3209 798 3257 Haun.
838 3212 1165 3260 cametria
1202 3212 1379 3261 Paris.
1418 3227 1451 3261 a
1488 3211 1795 3260 comedia
1822 3209 1999 3261 Parin.
2040 3210 2073 3259 b
2111 3209 2493 3262 Cosmotria
2520 3208 2908 3259 AldinaCos-

618 3277 856 3326 metria
893 3278 1125 3328 Bothius
1264 3280 1453 3329 neuii
1491 3277 1660 3334 Flor.)

764 3343 1135 3396 CouonnAmA
1208 3345 1296 3398 Cf.
1325 3342 1848 3408 Στεφανοπώλιδες
1876 3345 2094 3398 Eubuli
2200 3346 2223 3394 1
2264 3344 2547 3395 Charisius
2564 3345 2621 3395 11
2646 3345 2824 3408 p.1⁷8
2848 3343 2907 3391 P.

619 3413 979 3463 ‘efflictim
1026 3413 1271 3465 Naeuius
1318 3415 1372 3463 in
1411 3409 1743 3463 Corollaria.
1790 3404 1938 3462 nolo’
1988 3429 2034 3462 e.
2071 3429 2121 3477 q.
2161 3428 2204 3464 e.
2255 3413 2370 3462 ‘ubi
2415 3414 2655 3463 Probus:
2705 3426 2908 3475 usque

918 3527 1051 3534 ———-

788 3590 864 3646 31
913 3590 1162 3664 prolubio
1210 3592 1331 3647 edd.
1375 3590 1626 3663 proluuio
1669 3592 1806 3647 libri
1975 3599 2029 3645 et
2075 3588 2268 3646 uereor
2312 3598 2367 3646 et
2413 3591 2585 3646 saccrc
2627 3592 2679 3646 iu
2724 3589 2910 3663 prolu-

618 3674 707 3730 bio
775 3682 858 3731 cst
920 3683 973 3730 et
1041 3675 1168 3730 uolo
1238 3675 1438 3745 Miibly
1506 3677 1729 3731 annall.
1795 3676 2015 3746 philoll.
2089 3675 2240 3732 1861
2306 3692 2369 3745 p.
2446 3674 2561 3732 139
2620 3691 2911 3746 peruerse

787 3759 1035 3817 32—34
1083 3762 1329 3815 restituit
1360 3761 1733 3815 Hermannus
1767 3759 1974 3831 Opusc.
2018 3760 2086 3815 ΙΙ
2115 3759 2235 3815 279
2410 3759 2488 3816 32
2535 3758 2707 3814 adseri
2752 3760 2908 3817 Leid.

621 3844 824 3899 Bamb.
1042 3843 1120 3900 33
1178 3842 1368 3898 multat
1414 3845 1791 3900 Her-mannus
1844 3844 2082 3899 multatis
2148 3845 2287 3899 libri
2499 3842 2579 3899 34
2626 3843 2730 3902 hoc
2785 3845 2911 3899 mihi

620 3929 811 3983 ennius
864 3929 1027 3992 libri,
1095 3930 1206 3983 m‘si
1257 3930 1409 4000 quod
1462 3928 1690 3983 hennius
1747 3928 1903 3984 Leia.
1973 3929 2076 3983 hoc
2143 3928 2271 3983 mihi
2337 3929 2543 3984 ominus
2602 3930 2686 3983 ed.
2753 3926 2910 3983 1496

788 4014 856 4067 mi
898 4013 1158 4083 fortasse
1201 4013 1502 4068 delendum
1547 4030 1674 4067 cum
1712 4011 2069 4069 Buecheler-o
2242 4011 2489 4068 audiebat
2536 4013 2640 4068 hoc
2684 4012 2811 4067 mihi
2857 4019 2911 4066 et

619 4105 679 4152 ut
747 4099 989 4153 alterius
1057 4098 1211 4168 quod
1262 4099 1546 4152 exciderit
1606 4097 1926 4170 sraqmenti
1988 4104 2198 4153 auctor
2264 4095 2462 4151 Ennius
2530 4097 2910 4166 Kicsslinqius

787 4179 866 4237 35
913 4179 1144 4235 timedus
1197 4182 1333 4236 libri
1380 4183 1644 4254 plerique
1703 4181 1944 4237 tamedus
1993 4181 2131 4236 Gen.
2183 4182 2323 4236 Bas.
2380 4179 2578 4236 timidis
2623 4179 2909 4233 Herman-

620 4281 730 4320 nus
765 4265 970 4335 Opusc.
1018 4265 1091 4320 II
1129 4264 1281 4335 279,
1329 4270 1568 4337 accepit
1604 4265 1953 4322 Bitschelius
1998 4282 2192 4337 opusc
2240 4266 2311 4321 11
2352 4263 2472 4319 245
2645 4261 2908 4334 protinam

621 4349 700 4403 Me
745 4349 868 4404 dedi
915 4350 1292 4405 Her-mannus
1465 4350 1736 4408 36——38
1782 4365 2050 4406 rzumeros
2095 4350 2522 4420 transponendo
2566 4344 2716 4416 (nolo
2776 4344 2913 4400 himo
