3400 5075
643 348 769 412 216
1561 352 1625 402 L.
1667 349 2027 402 AFRAmvs

1653 507 1722 571 II
1770 504 1914 593 (12)

1648 623 1922 707 Priapus

1715 739 1869 802 mim
1922 737 2092 822 quod
2140 738 2339 822 uulgo
2385 736 2763 822 praedicant

821 852 1059 919 Aursto
1107 877 1207 920 me
1255 857 1524 939 parente
1571 857 1830 938 natum,
1874 855 2008 918 non
2055 854 2148 917 ita
2193 856 2308 916 est.

1643 996 1744 1060 ΠΙ
1828 996 1909 1058 14

646 1113 778 1178 405
826 1111 990 1178 Cum
1036 1112 1115 1176 ad
1163 1112 1307 1175 me‘d
1356 1112 1608 1196 expiras
1655 1093 1721 1175 ἐι
1766 992 2076 1175 fitbeilare
2124 1106 2399 1194 incepiS,

834 1227 936 1293 Ex
983 1230 1091 1292 ore
1138 1226 1227 1290 mi
1274 1227 1475 1292 oculis
1521 1224 1624 1291 tus
1666 1227 1940 1290 bibones
1985 1224 2302 1290 inuolant.

1669 1385 1768 1451 IV
1817 1383 1919 1472 (9)

1813 1501 2113 1566 uxorium
2161 1501 2332 1565 istud
2380 1501 2664 1565 toxicum

821 1588 1049 1655 Mittas

646 1819 953 1888 [domicilia
1001 1819 1351 1887 rusticorum]
1400 1820 1665 1871 sordida!
1749 1819 1854 1883 (‘et
1898 1828 2028 1872 sunt
2074 1822 2222 1871 fumo
2280 1820 2519 1873 sordida’
2565 1821 2779 1872 Vaticc.
2822 1821 2938 1884 Rs)

644 1889 994 1939 ‘Afranius
1043 1890 1106 1938 in
1154 1891 1201 1940 V
1227 1925 1789 1942 ..............
1835 1891 2187 1954 tugurium
2217 1896 2317 1940 est
2360 1894 2595 1954 turpe)
2657 1887 2747 1953 (in
2785 1889 2938 1939 Vir·

642 1959 824 2022 gine:
874 1956 1222 2006 sordidum
1268 1958 1608 2020 tugurium
1657 1957 1911 2018 Vrsinus,
1961 1957 2055 2008 sed
2105 1973 2264 2022 posse
2310 1958 2479 2007 etiam
2528 1957 2600 2005 ad
2647 1957 2938 2021 Vopiscum

643 2025 839 2074 referri
874 2026 1083 2073 monuit
1107 2022 1500 2086 Neukirchius)
1640 2026 1691 2074 11
1733 2024 2047 2076 Macrobius
2075 2025 2188 2075 Sat.
2217 2027 2287 2075 VI
2314 2027 2362 2086 5,
2387 2027 2419 2073 6
2457 2026 2692 2075 ‘auritos
2728 2025 2941 2090 lepores

643 2108 750 2141 non
795 2091 951 2142 Maro
997 2093 1202 2156 primus
1250 2093 1563 2156 usurpauit,
1609 2092 1706 2142 sed
1741 2091 2029 2142 Afranium
2075 2093 2352 2156 sequitur,
2400 2092 2492 2157 qui
2543 2095 2606 2141 in
2658 2093 2943 2157 prologo

645 2176 720 2209 ex
758 2174 1055 2223 persona
1089 2160 1321 2224 Priapi
1360 2160 1468 2211 ait:
1509 2165 1659 2208 nam’
1703 2176 1747 2214 e.
1787 2175 1837 2224 q.
1876 2176 1919 2212 s,
2059 2160 2139 2209 111
2179 2160 2422 2210 Isidorus
2459 2159 2609 2224 Orig.
2652 2159 2757 2209 XII
2792 2162 2841 2221 8,
2882 2161 2943 2209 16

644 2227 990 2277 ‘bibiones
1026 2233 1180 2284 sunt,
1220 2227 1313 2291 qui
1349 2228 1405 2276 in
1443 2228 1571 2277 uino
1610 2234 1935 2291 naseuntur,
1974 2242 2108 2292 quos
2132 2227 2313 2300 ‘uulgo
2351 2227 2651 2277 mustiones
2695 2243 2729 2276 a
2766 2233 2944 2277 musto

645 2328 958 2394 appellant,
1008 2329 1151 2378 unde
1195 2328 1482 2378 Afranius:
1534 2328 1627 2378 ad'
1680 2345 1727 2378 e.
1774 2344 1825 2392 q.
1871 2345 1917 2379 s.
2002 2305 2338 2393 (bib¹one8,
2394 2343 2665 2393 suprascr.
2713 2329 2733 2378 i
2779 2345 2849 2379 m.
2892 2332 2942 2391 2,

642 2398 860 2447 Monac.
1001 2396 1389 2446 musciones
1428 2396 1706 2446 Wolfenb.
1745 2395 1892 2451 Mon.
2032 2397 2340 2446 afa-onius
2377 2396 2501 2445 Par.
2544 2398 2703 2446 10291
2759 2395 2941 2449 Germ.

646 2466 768 2528 805)
840 2464 1156 2514 Thesaurus
1193 2479 1319 2514 nou.
1361 2464 1486 2512 Lat.
1527 2465 1582 2512 iu
1620 2464 1682 2513 A.
1720 2463 1835 2513 Mai
1871 2469 2018 2517 auct.
2060 2463 2222 2513 class.
2250 2465 2384 2514 VIII
2421 2465 2485 2513 67
2523 2463 2638 2512 ‘hic
2675 2465 2821 2524 bibo,
2858 2465 2945 2514 nis

644 2533 739 2581 ··i
780 2531 875 2582 ille
914 2534 1007 2596 qui
1046 2531 1274 2583 multum
1313 2531 1483 2594 bibit,
1521 2537 1576 2582 et
1610 2530 1750 2597 p.lur
1806 2532 2126 2594 bibones,
2170 2548 2259 2582 um
2299 2533 2391 2581 ·-i
2430 2531 2716 2582 uermiculi
2755 2532 2939 2583 uinum

644 2604 1093 2665 supernatantes.
1146 2600 1292 2648 unde
1339 2550 1643 2649 Afraniusp
1686 2616 1807 2649 cum
1852 2601 1924 2649 ad
1973 2605 2083 2649 me’
2130 2616 2177 2649 e.
2217 2616 2265 2664 q
2305 2616 2348 2650 s.
2385 2600 2610 2658 (ibidem
2648 2617 2698 2665 p.
2737 2603 2800 2650 7⁷
2839 2600 2940 2650 ‘bi-

643 2669 814 2717 bones
841 2669 933 2731 qui
960 2667 1187 2716 multum
1212 2668 1447 2717 bibunt.
1473 2668 1857 2729 .bibioneS‚
1883 2666 2174 2717 uermiculi
2199 2672 2295 2731 qut
2319 2672 2701 2749 supernatant
2707 2669 2890 2717 uinum
2900 2666 2941 2728 ’)

643 2737 730 2786 Cf.
777 2736 999 2808 Vopisc.
1047 2734 1177 2784 XXI
1227 2735 1491 2784 Consobr.
1539 2735 1590 2784 11
1639 2735 1928 2785 Menandri
1975 2726 2234 2800 Θεττάλη
2281 2736 2385 2784 111:
2444 2722 2624 2799 οζεις,
2675 2728 2941 2800 ἴερόσυῖ,

642 2802 805 2854 οἴνου
839 2795 1008 2852 πολύ.
1146 2802 1222 2853 IV
1259 2803 1461 2853 Festus
1498 2818 1546 2867 p.
1578 2804 1677 2853 355
1703 2802 1776 2852 M.
1818 2804 2141 2852 ‘toxicum
2176 2802 2379 2852 dicitur
2415 2773 2741 2867 cerua[i·ium
2778 2819 2943 2853 uene·

642 2886 797 2928 num,
837 2866 965 2934 quo]
1000 2868 1224 2932 quidam
1299 2885 1564 2934 erungere
1603 2868 1869 2935 sagit[tas
1903 2871 2057 2921 soliti
2095 2874 2239 2921 sunt.
2313 2867 2431 2936 sed]
2470 2869 2745 2920 Caecilius
2770 2869 2941 2920 Gamo

643 2965 709 2973 -—
747 2964 813 2972 —
849 2936 1171 3000 Afra[nius
1209 2888 1293 3002 ἰιιῖ
1316 2973 1538 2991 ......
1577 2937 1881 2987 uxorium
1920 2938 2106 2989 istud
2143 2938 2433 2989 toxicum
2469 2939 2623 2990 mit.
2652 2942 2731 2988 ..³
2804 2934 2941 3003 (Af-

644 3006 908 3055 franius
955 3007 1260 3055 uxorium
1315 3005 1495 3057 istud
1543 3006 1832 3056 toxicum
1886 3021 1990 3055 nee
2037 3005 2334 3070 quidquam
2392 3011 2682 3071 praeterea
2728 3006 2939 3059 Vaticc.

813 3254 935 3312 404
982 3256 1120 3310 arito
1166 3257 1358 3311 Paris.
1535 3264 1745 3326 natura,
1790 3273 2097 3328 suprascr.
2145 3273 2226 3327 m,
2274 3257 2480 3313 Salisb.
2652 3255 2776 3314 405
2822 3270 2943 3312 cum

645 3340 710 3395 ad
755 3339 874 3395 med
920 3340 1130 3412 expiras
1174 3350 1229 3395 et
1274 3343 1487 3411 scripsi
1513 3356 1634 3395 cum
1684 3339 1748 3394 ad
1795 3358 1878 3396 me
1923 3350 2172 3414 expectas
2214 3350 2271 3403 et
2301 3342 2514 3398 Isidori
2543 3340 2773 3397 Monac.
2821 3357 2942 3396 cum

646 3444 674 3479 a
731 3441 816 3480 me
872 3433 1120 3497 expectas
1177 3432 1234 3479 et
1303 3425 1585 3497 Wolfenb.
1645 3441 1768 3480 cum
1826 3443 1855 3480 a
1912 3442 1995 3481 me
2052 3434 2301 3498 expectas
2357 3435 2443 3481 set
2498 3427 2764 3483 German.
2821 3440 2942 3479 cum

646 3516 984 3583 expectasset
1030 3527 1058 3563 a
1104 3524 1186 3563 me
1232 3510 1372 3565 Par.
1424 3509 1624 3566 10291
1673 3507 1904 3583 (quibus
1956 3511 2047 3565 hic
2092 3511 2230 3565 ordo
2288 3527 2408 3565 cum
2457 3511 2666 3584 expiras
2711 3508 2774 3564 ad
2822 3508 2943 3564 med

645 3602 703 3651 et
747 3592 1020 3662 traditur)
1067 3609 1233 3666 quum
1293 3611 1376 3649 me
1438 3602 1754 3666 expectaret
1813 3596 1902 3650 ed.
1944 3612 2039 3666 pr.
2088 3610 2208 3649 cum
2254 3593 2319 3648 ad
2375 3612 2459 3650 me
2505 3601 2785 3667 expectas,
2833 3611 2939 3650 om.

647 3688 734 3751 et,
781 3680 1095 3734 thesaurus
1137 3694 1258 3733 cum
1304 3696 1389 3733 me
1435 3689 1750 3751 expectares
1792 3688 1848 3733 et
1877 3678 2092 3735 Isidori
2123 3682 2277 3749 uulq.
2326 3678 2389 3732 ad
2437 3695 2520 3733 me
2565 3695 2686 3735 cum
2732 3686 2943 3751 spectas

647 3771 702 3819 et
759 3764 1013 3820 Grialius
1227 3762 1475 3819 fabellare
1533 3766 1746 3835 scripsi
1799 3762 2033 3820 inbolare
2090 3764 2304 3818 Isidori
2371 3763 2655 3834 Wolfenb.
2715 3764 2941 3819 Monac.

647 3847 884 3903 fabulare
930 3851 1112 3904 ceteri
1150 3850 1287 3903 libri
1328 3847 1511 3921 eloqui
1563 3848 1878 3904 thesaurus
1934 3848 2266 3921 fabularique
2313 3848 2570 3904 Grialius
2740 3847 2943 3919 incepis

650 3933 917 3988 German.
963 3934 1167 4004 incipcs
1227 3932 1513 4004 JVolfenb.
1561 3931 1794 3988 Monac.
1853 3934 2040 4005 incipis
2085 3933 2247 4001 Par„
2308 3951 2413 3992 om.
2462 3934 2774 3989 thesaurus

647 4016 771 4075 406
819 4018 888 4072 mi
934 4016 1101 4071 oculis
1148 4019 1228 4071 tui
1272 4018 1387 4086 (uel
1434 4017 1549 4087 tuo)
1606 4021 1816 4089 scripsi
1874 4018 1923 4071 iu
1982 4016 2153 4072 oculis
2213 4015 2407 4088 (ocolis
2469 4014 2777 4089 Wolfenb.)
2835 4017 2941 4072 tuis

651 4098 742 4169 (m.
792 4100 829 4155 2
877 4117 1182 4172 suprascr.
1228 4102 1485 4170 Monac.)
1526 4102 1663 4157 libri
1705 4103 1918 4158 Isidori
1958 4103 2011 4155 iu
2058 4100 2248 4157 oculos
2294 4110 2417 4157 tuos
2462 4102 2776 4157 thesaurus

648 4185 924 4255 bibioneS‚
970 4186 985 4239 i
1024 4192 1177 4255 post.
1225 4202 1399 4256 cras,
1446 4186 1696 4255 Monac„
1745 4189 1889 4242 illud
1918 4187 2181 4258 fortasse
2211 4190 2424 4241 rectius
2594 4184 2717 4243 408
2764 4183 2943 4240 mittas

651 4288 729 4325 an
783 4270 964 4325 mittas
1018 4270 1206 4341 fuerit
1258 4274 1541 4326 incertum
1714 4272 1857 4326 mit.
1894 4310 1907 4325 .
1941 4310 1956 4325 .
1990 4273 2113 4327 cod.
2175 4272 2371 4325 mittite
2434 4271 2673 4327 Vrsinus
2728 4269 2943 4324 mittere

653 4354 914 4427 Scaliqer
957 4356 1114 4408 mitte
1158 4355 1206 4410 ei
1251 4370 1407 4426 susp.
1456 4355 1851 4412 Neukirchius
