3400 5075
628 255 858 310 XXXVI
1512 256 1896 310 COROLLAR
1909 256 2040 310 IVM

630 421 865 484 sitione
897 420 1349 495 Quicheratius
1390 421 1677 484 senarios
1727 421 1906 483 lembi
1950 421 2262 484 redeuntes
2308 421 2553 483 drmmvn
2587 419 2733 484 Dua
2777 422 2917 486 πόε-

633 532 795 590 tram
841 529 1117 591 certatim
1165 528 1579 591 accelerarunt
1622 529 1709 589 ad
1751 533 1946 590 ratem
1992 527 2341 590 distribuit.

807 636 890 698 99
939 656 1035 697 me
1077 635 1267 698 unius
1313 636 1510 698 etiam
1560 634 1866 717 Montisp.

813 742 936 804 104
982 740 1468 804 Navicularium
1512 742 1839 804 Phaonem
1891 741 2107 823 puella
2145 741 2491 823 osculatur,
2539 764 2730 824 qnam
2771 764 2916 805 con-

628 848 905 929 spiciens
955 846 1341 909 ambitiosus
1390 852 1643 909 amator
1682 847 1842 910 haec
1894 848 2225 910 exclamat.
2295 870 2449 929 ergo
2488 870 2693 931 neque
2725 849 2918 925 illum,

626 953 795 1036 quod
836 975 1078 1033 omnes,
1115 976 1321 1036 neque
1360 954 1550 1031 illaec,
1599 955 1767 1037 quod
1807 954 2096 1036 plerique
2137 952 2288 1016 libri
2328 954 2555 1016 deinde
2591 956 2921 1035 praebent,

628 1060 891 1141 probari
940 1060 1182 1142 potuit:
1231 1060 1299 1122 in
1346 1082 1489 1122 meo
1540 1064 1719 1123 textu
1766 1060 1878 1123 illa
1927 1059 2320 1141 interpretor
2358 1082 2519 1142 quae
2568 1060 2922 1125 committit

624 1166 917 1229 facinora
963 1165 1285 1248 inpudica,
1330 1166 1474 1229 haee
1521 1167 1599 1229 ad
1647 1168 1931 1249 puellam
1981 1171 2384 1249 praesentem
2433 1166 2660 1229 refero.

810 1272 932 1334 105
998 1272 1206 1351 Lonye
1259 1272 1335 1335 de
1398 1273 1523 1336 loci
1581 1274 1894 1336 distantia
1953 1276 2334 1354 usurpatum
2395 1295 2524 1335 nou
2585 1295 2660 1336 eo
2710 1296 2919 1353 sensu,

627 1379 806 1442 cuius
875 1378 1170 1460 exempla
1236 1380 1484 1461 aliquot
1548 1379 1874 1462 Hauptius
1934 1401 2137 1461 nuper
2192 1379 2258 1441 in
2327 1380 2658 1460 prooemio
2709 1380 2917 1441 Berol.

632 1486 800 1548 1872
830 1488 986 1547 aest.
1019 1507 1078 1567 p.
1113 1483 1147 1544 7
1200 1486 1583 1567 composuit,
1633 1487 1883 1549 scilicet
1922 1490 1993 1547 ut
2041 1485 2363 1567 significet
2412 1484 2475 1546 ‘e
2515 1486 2868 1568 longinquo
2884 1485 2920 1567 ⁹,

627 1590 735 1653 sed
794 1592 886 1654 sic
945 1589 1172 1673 ‘longo
1230 1591 1465 1655 abhinc
1525 1591 1773 1674 spatio'
1831 1591 2353 1675 intellegendum.
2438 1592 2627 1673 plane
2695 1592 2918 1654 codem

624 1698 816 1760 modo
873 1696 1197 1759 Martialis
1244 1696 1276 1759 I
1326 1698 1437 1777 86,
1496 1699 1535 1759 (5
1594 1697 1760 1760 ‘tam
1817 1698 2010 1780 longe
2068 1701 2167 1759 est
2221 1697 2384 1760 mihi
2445 1720 2636 1780 quam
2685 1697 2917 1760 Teren-

624 1802 875 1867 tianus'
934 1807 999 1865 et
1054 1803 1321 1866 Plautus
1380 1803 1540 1867 Rud.
1596 1805 1764 1866 1034
1814 1803 1957 1866 ‘ubi
2005 1808 2075 1865 tu
2123 1804 2230 1866 hic
2277 1803 2583 1867 habitas?
2645 1802 2678 1875 ll*
2723 1826 2919 1886 porro

623 1911 760 1973 illic
817 1910 1010 1991 longe
1066 1931 1265 1990 usque.
1314 1911 1380 1971 in
1430 1910 1676 1992 campis
1737 1908 2039 1989 ultimis',
2095 1913 2161 1971 et
2208 1910 2350 1992 quis
2397 1912 2571 1972 non‘?
2636 1910 2917 1973 Interro-

624 2018 806 2099 ganti
864 2014 1237 2097 responderi
1298 2016 1550 2078 videtur
1607 2036 1806 2078 eccum
1851 2017 1960 2079 ista·
2013 2016 2169 2080 ilico,
2262 2038 2389 2079 non
2452 2021 2552 2078 sat
2608 2016 2919 2099 intellego

625 2146 787 2206 quae
861 2119 1294 2184 Buechelerus
1364 2122 1676 2185 librorum
1743 2144 2039 2205 premens
2107 2123 2560 2185 auctoritatem
2629 2123 2917 2205 scripsit:

624 2231 730 2294 sed
772 2228 959 2309 quam
1015 2228 1186 2307 lonye
1230 2233 1341 2306 est,
1388 2249 1525 2291 omn
1571 2230 1679 2293 isti
1725 2229 1912 2293 ilico?
1971 2233 2348 2310 comparato
2397 2228 2652 2310 quidem
2700 2228 2918 2292 Plauti

626 2336 784 2399 Rud.
832 2335 961 2398 266
1012 2331 1194 2398 ‘ilico
1253 2335 1403 2399 hinc
1459 2334 1629 2399 smus
1685 2336 1813 2398 hau
1874 2334 2136 2417 longule
2186 2356 2262 2396 ex
2309 2334 2430 2397 hoe
2479 2334 2675 2417 loco',
2730 2340 2806 2398 ut
2851 2337 2916 2398 in

624 2446 847 2505 nostro
905 2462 1155 2524 quoque
1213 2442 1507 2524 exemplo
1564 2444 1671 2505 isti
1728 2441 2144 2523 interpretari
2201 2440 2497 2503 videatur
2544 2440 2808 2525 ‘ivisti’,
2854 2446 2920 2503 et

623 2555 842 2613 tamen
893 2570 1189 2632 perverse
1245 2549 1661 2632 interpretari
1710 2549 1996 2638 Nonium
2059 2549 2198 2631 ipse
2247 2548 2582 2610 verissime
2631 2549 2914 2611 animad-

625 2657 837 2721 vertit.
930 2675 1054 2738 ego
1110 2656 1219 2718 ist-25
1274 2656 1412 2718 ilico
1460 2657 1833 2719 etiamnunc
1881 2659 1954 2718 ut
2003 2655 2161 2718 olim
2207 2656 2374 2717 idem
2427 2655 2637 2718 valere
2687 2677 2914 2718 censeo

623 2763 793 2846 quod
851 2762 1019 2845 apud
1074 2760 1358 2824 Ennium
1416 2763 1482 2825 in
1536 2763 1878 2848 tragoedia
1937 2785 1991 2824 v.
2039 2763 2168 2825 303
2219 2762 2401 2825 ‘ilico
2451 2760 2614 2843 isti',
2670 2761 2914 2844 duplici

626 2871 875 2933 scilicet
949 2867 1256 2931 adverbio
1324 2870 1561 2931 acriter
1628 2868 2113 2933 demonstrandi
2182 2891 2374 2930 causa
2439 2869 2674 2950 posito.
2760 2868 2914 2929 olim

621 2997 809 3057 quam
869 2976 1040 3056 lowsle
1094 2979 1181 3037 est
1234 2994 1369 3036 cum
1428 2976 1505 3038 ad
1562 2975 1875 3059 temporis
1933 2974 2478 3058 longinquitatem
2536 2974 2915 3053 referebam,

620 3105 827 3165 neque
876 3082 939 3144 id
990 3081 1304 3143 sermonis
1352 3085 1589 3144 natura
1637 3081 1902 3145 omnino
1949 3082 2246 3164 vetabat,
2308 3081 2416 3143 sed
2464 3102 2658 3162 quam
2703 3081 2914 3143 inesse.

624 3190 988 3251 statuebam
1046 3187 1409 3269 Thyesteae
1470 3189 1646 3251 illius
1707 3187 2133 3252 execrationis
2201 3188 2534 3269 parodiam
2594 3189 2914 3269 quandam

624 3297 835 3358 minus
894 3296 958 3357 in
1008 3293 1293 3357 Phaonis
1352 3317 1629 3377 permina
1685 3298 1903 3376 aptam
1965 3315 2103 3355 esse
2164 3316 2332 3356 nunc
2382 3295 2608 3356 sentin.
2703 3293 2912 3356 Semel

624 3402 792 3484 apud
838 3400 1126 3465 Nonium
1174 3400 1489 3463 excidisse.
1537 3402 1695 3478 ilico,
1745 3425 1890 3480 cum
1939 3404 2003 3462 et
2048 3399 2323 3481 Turpilii
2375 3401 2716 3462 vorborum
2765 3400 2910 3462 ulti-

623 3531 799 3572 mum
849 3511 1020 3570 esset
1067 3511 1133 3568 et
1179 3507 1503 3570 lemmatis
1542 3510 1691 3573 novi
1743 3509 2046 3591 primum,
2092 3506 2223 3568 iam
2267 3505 2598 3568 Acidalius
2644 3505 2912 3568 viderat.

680 3685 689 3689 ‚
808 3615 930 3677 106
996 3612 1300 3676 Fortasse
1355 3635 1433 3677 ne
1476 3635 1571 3676 mc
1615 3617 1869 3696 attiyas,
1925 3632 2151 3694 apaye
2203 3612 2384 3691 auser
2429 3613 2702 3675 Illa-num
2759 3613 2911 3675 scri-

622 3721 901 3792 bendum
952 3723 1064 3782 est.
1154 3719 1415 3783 Novum
1463 3721 1786 3805 attigandi
1837 3719 2101 3782 verbum
2158 3719 2496 3804 indagavit
2541 3719 2913 3783 criticorum

622 3828 732 3911 qui
781 3827 905 3890 sibi
952 3826 1205 3889 videtur
1257 3828 1583 3910 princeps,
1645 3828 1754 3910 qui
1801 3848 2004 3908 nuper
2050 3825 2320 3889 rescribi
2370 3824 2615 3889 ‘ocius'
2666 3827 2916 3890 scilicet

622 3933 912 3998 iusserit:
957 3953 1034 3996 ne
1080 3953 1174 3995 me
1219 3932 1415 4015 cittiya
1462 3939 1642 4014 atque
1686 3934 1869 4012 aufc'r
1915 3953 2188 3996 manum.

805 4039 1134 4102 Atrociter
1190 4040 1487 4122 repulsus
1542 4039 1682 4103 heia
1728 4060 1916 4120 quam
1958 4038 2232 4118 seracula
2276 4041 2399 4104 est!
2459 4041 2671 4122 inquit
2728 4045 2801 4103 ut
2845 4040 2908 4102 in

623 4144 864 4210 Casina
914 4169 967 4208 v.
1020 4147 1147 4209 710
1194 4146 1501 4228 Olympio
1552 4145 1853 4208 ‘obsecro
1901 4149 1973 4207 ut
2020 4146 2350 4210 valentula
2398 4144 2556 4210 est!'

807 4253 931 4314 110
976 4251 1361 4315 Incredibile
1401 4255 1501 4315 est
1538 4252 1707 4335 quod
1737 4252 2057 4336 Bergkius
2106 4253 2354 4336 statuit,
2390 4253 2456 4316 in
2505 4251 2909 4314 suavissimis
