3400 5075
1011 254 1076 303 L.
1112 251 1533 305 Pomvomvs
1573 250 2062 304 Bououxnusxs
2434 292 2443 298 .
2585 249 2708 313 237

1085 406 1435 473 MAGCVS
1484 406 1995 484 SEQVESTER

575 522 798 588 Simile
844 527 968 608 est,
1016 524 1201 608 quasi
1248 546 1393 588 eum
1439 525 1508 587 in
1555 525 1732 588 caelo
1783 524 1981 609 fulgit
2025 527 2290 609 propter
2336 525 2557 589 lunam
2603 524 2697 588 hi-

1999 640 2173 704 cifer.

1209 727 1561 793 MACCVS
1609 727 1886 793 VIRGO

382 936 406 950 ·
446 848 530 912 75
574 845 982 911 Praeteriens
1030 842 1196 908 uidit
1243 827 1654 909 Dossennum
1702 844 1767 906 in
1819 843 1973 907 ludo
2022 844 2537 909 reuereciinditer

575 960 728 1026 N6n
785 961 1120 1025 docentem
1175 953 1717 1043 condiscipulum,
1776 961 2001 1023 uerum
2058 960 2451 1044 scalpentem
2508 960 2699 1024 natis.

1404 1073 1696 1139 MEVIA

580 1188 737 1255 Dies
782 1190 887 1254 hie
934 1194 1182 1255 sextust
1226 1195 1372 1255 etim
1417 1190 1580 1254 nihil
1628 1191 1762 1275 egi,
1808 1187 1912 1254 d1'e
1943 1194 2167 1273 quarte
2198 1191 2473 1256 emorizir
2512 1192 2701 1256 fame.

1369 1303 1739 1370 MAIALIS

1458 1420 1490 1483 Ι
1538 1417 1640 1506 (1)

806 1588 819 1601 .
911 1538 1161 1603 animos
1208 1536 1432 1602 Venus
1479 1539 1673 1619 neget
1720 1536 2181 1621 uoluptzitibuS.

1458 1649 1525 1715 H
1570 1649 1669 1736 (2)

581 1766 850 1833 Miseret
897 1789 997 1831 me
1046 1789 1297 1850 eorum,
1354 1764 1470 1850 qui
1514 1766 1652 1830 sine
1697 1766 1922 1831 frustis
1968 1770 2261 1833 uentrem
2305 1768 2705 1834 frustramini:

2002 1906 2206 1948 suum.

541 2079 772 2130 Maccvs
811 2078 1136 2135 Sequa-mn
1207 2078 1416 2128 Nonius
1451 2079 1567 2139 506,
1606 2080 1638 2129 8
1673 2077 1909 2143 ‘fulgit
1943 2094 2041 2143 pro
2081 2079 2698 2146 fulget...Pompo·uiue

413 2147 649 2197 Maeeho
688 2151 994 2210 sequestre:
1033 2144 1211 2195 simile
1251 2151 1358 2196 θεῖ’
1396 2162 1444 2195 e.
1485 2162 1536 2210 q.
1578 2162 1620 2194 s,

538 2216 759 2264 MAccvs
795 2215 978 2263 Vmoo
1049 2214 1260 2264 Nonius
1297 2217 1423 2275 516,
1458 2217 1521 2263 22
1560 2213 2188 2264 ‘reuereeunditer'
2239 2215 2699 2279 (‘uerecunditer’

405 2281 620 2343 Bamb.)
658 2283 1013 2346 ‘Pomponius
1050 2282 1327 2330 Maeoho
1364 2282 1730 2346 uirginem:
1770 2284 2135 2346 praeteriens’
2176 2299 2222 2333 e.
2261 2297 2313 2347 q.
2353 2298 2396 2333 e.
2448 2280 2697 2348 (macco

404 2352 655 2417 plerique
693 2349 993 2400 seeundum
1031 2349 1442 2412 Quieheratium
1583 2349 1867 2412 Virgine
1906 2348 2159 2414 Botbius)

539 2421 764 2467 anue
803 2417 879 2466 cf.
908 2415 1031 2467 ICL
1058 2417 1081 2464 1
1112 2418 1241 2466 1276
1311 2415 1524 2467 Gellius
1551 2418 1600 2467 X
1628 2420 1714 2478 24,
1739 2421 1770 2467 5
1809 2417 2117 2482 ‘diequinte
2156 2419 2298 2467 enim
2339 2423 2395 2468 et
2430 2417 2701 2482 diequinti

407 2503 502 2552 pro
540 2485 807 2535 aduerbio
845 2483 1105 2549 copulate
1141 2483 1344 2533 dietum
1380 2491 1489 2548 est,
1537 2485 1780 2534 secunda
1817 2486 1871 2533 in
1909 2499 1973 2534 eo
2010 2484 2228 2548 syllaba
2278 2491 2534 2552 correpta
2563 2525 2573 2535 .
2602 2529 2614 2542 ,
2644 2527 2655 2539 .
2687 2525 2699 2539 .

404 2555 561 2603 uenit
596 2568 727 2603 eece
773 2553 927 2602 illius
973 2567 1164 2603 uersus
1203 2554 1564 2617 Pomponiani
1610 2557 1666 2602 in
1716 2558 1983 2615 mentem,
2032 2554 2123 2616 qui
2160 2558 2246 2603 est
2291 2570 2357 2604 ex
2392 2554 2702 2617 Atellania,

408 2638 548 2685 quae
584 2622 809 2671 Meuia
846 2620 1131 2670 scribitur:
1170 2620 1312 2669 dies’
1352 2637 1397 2674 e.
1439 2635 1490 2685 q.
1527 2637 1569 2671 e.
1642 2618 1867 2684 (metui
1905 2621 2282 2670 ascribitur
2319 2623 2513 2685 optimi
2547 2622 2699 2675 libri)

405 2690 724 2739 Macrobius
759 2688 875 2738 sat.
913 2689 939 2737 1
975 2690 1033 2747 4,
1071 2689 1135 2736 22
1172 2687 1355 2738 ‘modo
1403 2688 1699 2752 diequinti,
1746 2688 1902 2737 modo
1946 2688 2228 2752 diequinte
2277 2706 2374 2754 pro
2421 2689 2688 2739 aduerbio

409 2794 421 2806 .
449 2792 462 2807 .
489 2799 501 2812 .
529 2773 656 2807 ecee
693 2757 851 2805 uenit
885 2755 1034 2805 illius
1059 2770 1254 2804 uersus
1281 2756 1643 2821 Pomponiani
1679 2758 1737 2804 in
1764 2761 2028 2817 mentem,
2066 2757 2157 2820 qui
2184 2762 2272 2805 est
2308 2774 2373 2806 ex
2402 2757 2697 2817 Atellania,

410 2839 551 2887 quae
599 2824 785 2874 Meuia
832 2823 1177 2872 inscribitur:
1226 2822 1377 2872 dies'
1425 2840 1471 2873 e.
1518 2840 1568 2889 q.
1619 2839 1662 2873 e.
1736 2822 1994 2885 (Mebia
2040 2824 2177 2875 Gud.
2226 2824 2429 2875 Salisb.
2474 2823 2618 2874 Med.
2666 2843 2700 2875 a

406 2892 683 2943 Maebia
710 2891 842 2940 Par.
881 2891 1072 2940 Bamb.
1111 2906 1179 2941 m.
1220 2906 1297 2954 pr.
1333 2891 1515 2955 Angl.,
1561 2890 1667 2941 duo
1705 2889 1859 2944 Bodl.
1897 2891 2159 2941 Gronouii
2204 2892 2438 2942 maeba
2476 2895 2700 2955 Regin.)

542 2957 793 3008 Munus
860 2959 886 3008 1
925 2959 1137 3008 Nonius
1165 2960 1281 3018 183,
1309 2963 1331 3007 1
1374 2963 1428 3006 ‘u
1446 2964 1601 3022 eget
1637 2973 1732 3022 pro
1759 2963 1987 3021 uegetat
2012 2958 2101 3009 uel
2129 2961 2295 3023 erigit
2322 2958 2412 3010 uel
2440 2966 2699 3024 uegetum

408 3032 509 3077 est.
581 3027 916 3090 Pomponius
937 3025 1159 3075 Maializ
1198 3026 1434 3075 animos’
1474 3040 1522 3075 e.
1550 3042 1601 3091 q.
1628 3040 1669 3075 s.
1811 3025 1867 3074 11
1904 3026 2113 3076 Nonius
2146 3030 2265 3088 473,
2308 3030 2368 3077 17
2408 3027 2699 3077 ‘frustro

407 3203 793 3260 contubernale
824 3205 1061 3278 pugnaui
1108 3204 1228 3277 quia
1260 3203 1423 3259 Meum
1458 3204 1668 3259 cenauit
1714 3222 1895 3260 cenam
1925 3223 2134 3277 parum
2180 3221 2482 3261 numerose
2511 3207 2699 3261 distri-

408 3291 527 3345 buit
571 3289 869 3360 Hauptius
912 3290 1111 3345 Herm.
1147 3288 1214 3343 ΙΙ
1243 3287 1385 3346 216.
1449 3288 1707 3343 Creticus
1752 3294 1898 3345 tales
1941 3291 2103 3361 aitque
2149 3306 2269 3345 cum
2316 3288 2703 3346 contubernale

409 3375 679 3448 pugnaui,
726 3371 828 3440 Qui
873 3389 1039 3428 meam
1085 3372 1266 3428 cenam
1317 3367 1554 3449 [edendo
1603 3370 1759 3426 tidem
1819 3367 2012 3448 fregit]
2063 3374 2463 3430 Buecheler-us
2507 3374 2703 3444 effecit

580 3458 658 3513 74
704 3461 793 3513 An
838 3457 978 3513 simil
1025 3458 1143 3513 est?
1293 3449 1300 3455 ’
1356 3458 1506 3531 qua-i
1550 3458 1672 3512 edd.
1723 3474 1853 3529 quas
1896 3459 2034 3513 libri
2245 3458 2323 3515 75
2371 3459 2704 3513 Dossennum

410 3544 654 3599 Botkius
696 3542 1014 3598 doses-nsum
1075 3542 1272 3599 Bamb.
1335 3542 1482 3599 Colb.
1541 3542 1899 3597 duosseusum
1962 3545 2143 3597 ceteri
2195 3544 2330 3598 libri
2379 3542 2701 3616 discipulum

407 3629 775 3684 Duentzerus
803 3642 946 3682 mus,
982 3626 1164 3682 maen.
1206 3626 1288 3683 V]
1315 3626 1434 3685 287
1565 3626 1646 3699 76
1681 3642 1930 3681 neverum
1961 3627 2160 3682 Bamb.
2294 3628 2448 3683 uates
2482 3627 2620 3682 Par.
2654 3627 2706 3681 P

580 3746 655 3803 77
706 3705 804 3813 ὴὲο
848 3746 1052 3802 Petau.
1104 3745 1269 3802 Getta
1310 3745 1393 3800 his
1439 3747 1631 3801 Paris.
1681 3764 1716 3800 α
1765 3744 2052 3801 Macrobii
2231 3753 2445 3801 sextust
2489 3746 2705 3801 Fleck-

408 3834 638 3888 eisenus
667 3835 832 3902 epist.
866 3834 996 3890 crit.
1042 3830 1124 3885 ad
1151 3830 1230 3886 M.
1264 3831 1564 3885 Hertzium
1598 3829 1676 3887 29
1723 3838 1908 3885 sextus
1950 3831 2090 3886 libri
2129 3831 2322 3886 tertius
2370 3830 2706 3886 Scriuerius

577 3915 653 3972 nil
710 3917 1065 3973 commendat
1119 3915 1535 3971 Fleckeisenus
1717 3914 1803 3970 edi
1860 3914 2160 3972 Pomanus
2330 3914 2415 3970 die
2476 3916 2702 3988 septime

407 4002 709 4067 Pantanus
866 4001 1097 4055 emoriar
1145 3999 1452 4071 Scioppius
1498 4000 1694 4054 moriar
1734 4001 1871 4057 libri
2037 3999 2126 4054 De
2165 3999 2361 4073 forma
2420 3998 2702 4071 diequarte

408 4086 488 4157 ef.
522 4085 938 4142 Fleckeisenus
974 4088 1010 4140 l.
1041 4087 1081 4140 l.
1341 4084 1416 4140 79
1465 4084 1770 4140 trochaeos
1824 4087 2306 4142 commendantem
2361 4083 2704 4140 Muellerum

405 4173 638 4239 prosod.
685 4170 880 4229 Plane.
931 4168 1050 4226 612
1097 4177 1332 4226 secutus
1375 4185 1530 4239 sum,
1574 4170 1793 4225 iambos
1832 4172 1959 4225 olim
1991 4169 2369 4226 exhibueram
2483 4167 2702 4225 frustris

409 4254 613 4312 Bamb.
660 4262 715 4311 et
749 4257 1080 4327 posteriore
1125 4272 1152 4308 ι’
1209 4270 1391 4325 comp.
1455 4254 1529 4306 W
1565 4254 1723 4309 Leid.
1804 4255 1996 4309 fruetis
2044 4252 2193 4310 Colb.
2253 4252 2412 4311 rusus
2467 4253 2608 4311 Par.
2656 4255 2709 4312 P
