3400 5075
1388 384 1453 438 L.
1489 384 1849 439 ArRAmvs
2639 380 2762 446 201

1340 541 1907 609 REPVDIATVS

1528 657 1560 722 I
1608 655 1711 745 (3)

865 825 880 840 .
972 777 1036 839 te
1082 774 1250 839 istuc
1295 775 1504 873 facere
1552 775 1840 840 officiose
1887 775 2039 840 scio.

1509 899 1575 964 11
1623 897 1725 986 (1)

651 1014 1010 1101 Repastina
1057 1037 1220 1100 sere,
1267 1019 1341 1081 tit
1388 1037 1581 1081 senex
1626 1013 1837 1099 frugis
1888 1011 2134 1102 [fruas].

1502 1137 1602 1206 III
1650 1135 1753 1226 (7)
2016 1217 2027 1228 .

2070 1231 2313 1312 quanto
2361 1228 2614 1292 facilius

473 1347 607 1443 2520
654 1342 836 1432 'Ego,
865 1345 974 1432 qui
998 1368 1073 1411 ex
1095 1367 1298 1431 aequo
1319 1345 1530 1429 uenio,
1558 1344 1841 1412 adducor
1869 1343 2033 1411 ferre
2063 1343 2348 1410 humana
2374 1343 2766 1410 humanitus

1491 1469 1586 1534 IV
1636 1467 1737 1556 (5)

656 1584 846 1672 [Nisi]
897 1583 1218 1670 inpediret
1261 1583 1485 1670 ingeni
1530 1583 1921 1651 inbecillitas

648 1702 990 1787 Mettisque
1037 1722 1171 1786 me,
1217 1723 1343 1788 quo
1392 1701 1591 1767 setius
1638 1724 1739 1767 me
1787 1700 2105 1789 colligam.

1511 1825 1572 1890 V
1623 1824 1725 1911 (6)

653 1940 801 2026 Sin,
846 1942 911 2006 id
958 1941 1129 2026 quod
1174 1963 1308 2006 non
1357 1945 1574 2027 spero,
1621 1941 1787 2007 ratio
1833 1942 1983 2007 talis
2030 1942 2288 2027 sequius
2334 1942 2631 2008 ceciderit

611 2140 972 2188 Rsrvnurvs
1045 2139 1070 2187 1
1109 2137 1398 2187 Charisius
1439 2139 1491 2189 11
1537 2155 1591 2204 p.
1634 2141 1728 2189 187
1768 2139 1828 2189 Ρ.
1869 2139 2261 2192 ‘officiose.'
2470 2140 2524 2189 11
2561 2140 2767 2190 Festus

470 2221 521 2269 p.
567 2206 661 2255 281
703 2206 774 2255 M.
823 2206 1285 2270 ‘repastinari
1330 2221 1463 2268 ager
1508 2209 1556 2255 is
1603 2207 1830 2266 dicitur,
1878 2212 1939 2254 ut
1982 2207 2207 2256 Verrius
2254 2207 2563 2266 existimat,
2611 2208 2767 2257 cuius

471 2277 669 2323 natura.
707 2278 951 2323 mutatur
989 2273 1274 2336 fodiendo,
1327 2289 1446 2323 cum
1495 2280 1593 2323 aut
1630 2274 1890 2324 siluester
1927 2274 2286 2324 excodicatnr
2322 2279 2418 2323 aut
2454 2274 2597 2339 lapis
2633 2275 2765 2324 mol·

471 2339 602 2390 litur
639 2341 969 2404 frangendo,
1014 2347 1076 2390 ut
1120 2340 1218 2391 fiat
1256 2356 1493 2405 pascuus
1539 2342 1628 2390 uel
1666 2342 1952 2406 pecoribus
1990 2341 2161 2391 herba
2206 2341 2297 2392 uel
2334 2341 2643 2391 hominibus
2678 2358 2765 2390 aa·

471 2409 620 2464 tione
659 2435 719 2443 —-
761 2435 822 2442 —
862 2407 1122 2457 Afranius
1169 2408 1223 2457 in
1262 2409 1599 2472 Repudiato:
1652 2409 1963 2473 repastina’
2002 2425 2050 2458 e.
2092 2425 2141 2472 q.
2182 2425 2225 2458 e.
2432 2410 2515 2459 111
2553 2408 2766 2459 Nonius

469 2478 584 2534 514,
626 2477 687 2525 18
726 2475 1167 2525 ‘humaniten’
1216 2473 1399 2540 (immo
1436 2474 1850 2541 humanitus)
1899 2476 2206 2542 ‘Turpilius
2248 2476 2423 2526 Pedio
2462 2474 2581 2541 [xl]
2628 2477 2765 2526 Cas·

469 2544 586 2593 sius
633 2544 874 2592 Hemina
911 2582 923 2594 .
959 2579 972 2591 .
1016 2582 1028 2594 .
1065 2544 1405 2595 humanitus’
1452 2544 1826 2606 (humanit)
1876 2545 2089 2605 Bamb.)
2137 2550 2425 2607 ‘aguntun
2506 2546 2765 2595 Afranius

469 2610 807 2676 Repudiato:
847 2616 1073 2671 quanto'
1115 2629 1160 2662 e.
1190 2628 1241 2677 q.
1269 2627 1309 2662 e.
1449 2615 1525 2665 1v
1562 2628 1643 2677 sq.
1683 2612 1968 2662 Charisius
1994 2614 2049 2663 11
2086 2629 2136 2678 p.
2166 2616 2260 2664 195
2286 2614 2346 2663 Ρ.
2386 2614 2632 2664 ‘setius
2667 2630 2765 2680 pro

468 2792 836 2846 inserendum
884 2798 985 2845 aut
1030 2808 1158 2847 cum
1208 2792 1567 2848 Buecheler-o
1614 2792 1703 2847 illa
1748 2794 1972 2866 imperat
2020 2791 2326 2866 superbiter
2382 2794 2766 2849 ordinandum

469 2881 554 2930 est
742 2875 862 2931 287
911 2876 1085 2930 facere
1140 2878 1227 2931 ed.
1283 2894 1379 2947 pr.
1442 2876 1554 2932 sace
1601 2879 1726 2933 cod.
1913 2875 2034 2933 288
2082 2881 2387 2934 restituere
2434 2894 2663 2933 uersum
2711 2885 2764 2933 et

468 2963 806 3015 sententiam
852 2977 1023 3032 quam
1063 2962 1348 3016 lenissime
1392 2968 1636 3017 conatus
1681 2977 1832 3029 sum,
1881 2980 2225 3034 quamquam
2266 2965 2402 3034 plus
2448 2981 2563 3018 una
2611 2964 2762 3017 ario-

464 3044 627 3099 landi
672 3047 765 3099 uia
805 3051 991 3114 patet.
1082 3045 1348 3117 repastina
1379 3047 1540 3099 serati
1589 3062 1751 3100 senex
1784 3046 1933 3117 fugis
1965 3049 2089 3102 eod.
2123 3048 2427 3120 repastina,
2472 3063 2592 3100 sere
2623 3047 2762 3101 Atti:

468 3129 547 3182 sic
588 3144 753 3182 senex
800 3128 917 3182 suas
952 3129 1196 3184 Bothius
1236 3129 1530 3201 repastina,
1577 3146 1697 3184 sere
1745 3129 1893 3199 Ani,
1939 3130 2066 3185 dum
2111 3146 2273 3186 senex
2326 3131 2469 3202 sugis
2519 3130 2764 3184 Neulcir-

467 3212 633 3267 chius
686 3213 1017 3285 repastinare
1076 3229 1198 3267 sero
1257 3221 1313 3267 tu
1371 3230 1534 3268 senex
1590 3213 1628 3268 s.
1695 3215 1996 3271 Turnebus
2050 3218 2197 3272 Adu.
2258 3214 2422 3270 XIII
2477 3213 2555 3269 25
2613 3229 2763 3287 repa-

468 3297 700 3351 stinasse
768 3303 917 3351 ratus
981 3305 1165 3353 sentes
1222 3299 1259 3354 s.
1320 3300 1411 3354 uel
1477 3299 1832 3371 repastinatas
1898 3300 2028 3354 crati
2098 3299 2331 3353 sentices
2398 3298 2436 3353 s.
2499 3298 2765 3370 Scaliger

466 3380 823 3452 repastinasse
867 3389 1015 3436 ratus
1061 3389 1119 3437 tu
1163 3398 1328 3437 senex
1375 3381 1410 3436 s.
1458 3383 1749 3439 Decet-ius
1803 3384 2168 3455 repastinasse
2212 3390 2439 3437 aetatem
2499 3390 2557 3437 tu
2601 3398 2765 3437 senex

469 3464 611 3537 sugis
649 3464 710 3520 0.
743 3464 1061 3522 Muellerus
1105 3469 1253 3522 conl.
1294 3466 1529 3522 Tertult.
1574 3470 1644 3522 de
1685 3471 1878 3522 anima
1922 3466 2004 3522 50
2047 3467 2468 3539 repastinassere
2525 3475 2578 3521 te
2634 3485 2678 3520 s,
2729 3465 2767 3520 s.

467 3549 762 3621 Berykius
806 3551 1024 3620 ephem.
1074 3550 1214 3607 Hal.
1268 3549 1427 3607 1842
1474 3552 1544 3607 ΙΙ
1576 3571 1640 3623 p.
1690 3550 1811 3607 238
1844 3566 1929 3623 sq.
2105 3549 2226 3607 289
2275 3550 2512 3605 fallacius
2557 3550 2762 3605 Bamb.

637 3632 761 3690 290
804 3650 977 3706 aequo
1009 3634 1318 3690 Mer-cerus
1347 3652 1489 3708 equo
1521 3635 1647 3709 (ego
1679 3636 1823 3691 Par.
1854 3634 1926 3705 P)
1971 3635 2107 3691 libri
2131 3636 2394 3707 plerique
2426 3652 2534 3707 quo
2569 3635 2761 3690 Palat.

637 3718 796 3772 uenio
858 3736 972 3773 non
1029 3727 1121 3774 sat
1173 3721 1470 3791 intelleqo:
1526 3738 1602 3775 an
1663 3720 1864 3775 nereo?
2057 3718 2201 3774 serre
2259 3720 2382 3775 edd.
2443 3719 2556 3774 sere
2618 3715 2764 3793 (sore

465 3801 609 3856 Par.
640 3798 708 3874 P)
752 3803 890 3858 libri
1059 3803 1177 3859 291
1214 3820 1298 3876 sq.
1345 3804 1447 3858 nisi
1478 3803 1747 3876 inpediret
1780 3805 1961 3876 ingeni
2007 3801 2323 3858 inbecillitas
2354 3801 2634 3875 Metasque
2681 3818 2764 3857 me

466 3902 575 3958 que
623 3890 846 3942 conieci
888 3886 1064 3957 perdit
1106 3888 1302 3960 ingens
1346 3885 1661 3943 inbecillitas
1723 3896 1813 3943 tua
1870 3904 2012 3960 equo
2060 3889 2184 3943 cod.
2236 3895 2326 3942 tua
2371 3903 2455 3942 me
2501 3885 2764 3961 inpediuit

467 3971 662 4043 ingens
707 3969 1026 4026 inbecillitas
1072 3970 1187 4041 (uel
1233 3987 1317 4026 me
1347 3970 1570 4044 inpediit
1615 3972 1650 4026 i.
1696 3973 1733 4026 i.
1781 3971 1892 4042 tua)
1938 3969 2056 4037 Quo
2102 3975 2229 4028 olim
2275 3990 2310 4026 α
2356 3987 2444 4026 me
2490 3977 2765 4043 temptata

464 4072 577 4109 non
623 4056 1140 4111 commendauerim
1310 4057 1480 4110 setius
1527 4058 1652 4112 cod.
1699 4059 1869 4111 etiam
1914 4060 1970 4111 in
2023 4058 2287 4112 lemmate
2329 4056 2506 4111 secius
2562 4059 2765 4128 πωροι

464 4138 547 4209 cs.
605 4139 1024 4196 Fleckeisenus
1077 4155 1222 4196 mus.
1282 4140 1463 4195 Rhen.
1527 4140 1677 4195 VIII
1728 4140 1849 4195 222
1896 4156 1978 4212 sq.
2162 4140 2357 4213 ingens
2412 4129 2763 4196 'imbecillitas

464 4231 554 4277 tua
601 4239 682 4277 me
738 4240 847 4295 quo
906 4222 1159 4296 colligam
1216 4240 1301 4278 me
1355 4226 1530 4280 secius
1577 4225 1821 4279 Bothius
1865 4225 2058 4298 ingens
2104 4225 2139 4280 i.
2189 4231 2226 4278 t.
2285 4223 2364 4278 Me
2420 4240 2530 4296 quo
2586 4225 2762 4280 secius

462 4306 711 4380 colligam
771 4308 1163 4364 Neulcirclzius
1332 4308 1453 4365 293
1509 4309 1731 4381 sequius
1790 4316 2171 4380 anapaestum
2226 4324 2484 4381 aequare
2534 4310 2762 4365 demon·

461 4395 674 4448 strauit
727 4392 1174 4464 Fleckeisenus,
1243 4407 1411 4467 quem
1465 4408 1573 4450 nec
1634 4393 1954 4453 Corssenus
2012 4395 2189 4468 symb.
2250 4396 2379 4450 crit.
2432 4410 2500 4468 p.
2561 4393 2596 4450 7
2653 4409 2762 4455 nec

2959 3540 2981 3575 0
