3400 5075
668 287 711 340 X
722 288 821 341 XX
1547 285 2076 340 COROLLARIVM

669 452 841 515 viam
899 449 1189 513 deduxit:
1246 447 1489 530 expleri
1537 448 1800 511 initium
1859 448 2306 512 interiectione
2351 450 2448 511 eia
2504 450 2744 532 potuit,
2801 473 2964 533 quae

668 564 817 622 ante
865 561 1041 621 tanta
1086 554 1279 618 facile
1318 553 1643 618 exciderit.
1700 554 1859 617 lusit
1896 559 2114 617 autem
2155 576 2393 637 servUS,
2439 556 2506 618 ni
2553 555 2765 639 fallor,
2812 558 2961 621 adu·

666 664 1015 726 lescentem
1065 661 1552 742 comissantem,
1610 660 1721 743 qui
1769 683 1806 723 a
1854 660 2175 742 convivio,
2234 661 2345 723 ubi
2394 682 2538 724 cum
2599 662 2810 725 amica
2856 662 2961 725 ad·

667 771 996 853 cubuemt,
1044 768 1305 832 domum
1366 766 1620 829 rediens
1682 766 1996 831 corollam
2061 766 2160 830 illi
2217 767 2575 831 detractam
2636 770 2961 831 exoscula-

668 879 876 941 batur.
942 876 1174 939 invasit
1210 874 1407 937 verbo
1454 872 1561 934 ille
1601 894 1754 935 usus
1793 854 1909 954 est,
1955 876 2028 935 ut
2067 873 2244 935 velut
2279 873 2600 937 insaniam
2641 874 2961 957 quandam

670 985 887 1047 subito
945 983 1217 1045 inlatam
1272 983 1558 1042 notaret:
1616 1000 1768 1041 nam
1823 978 2129 1041 invadere
2191 980 2456 1043 morbus
2518 981 2723 1061 pestis
2782 981 2966 1044 furor

565 1078 571 1086 ’
616 1158 623 1161 ,
667 1094 877 1153 metus
917 1089 1170 1152 dicitur.
1228 1086 1483 1149 senario
1532 1090 1769 1148 tantam
1808 1085 2131 1167 scriptura
2169 1088 2407 1168 obstat,
2445 1109 2640 1170 quam
2683 1087 2746 1160 111
2786 1092 2961 1151 tanta

666 1200 926 1277 temere,
974 1198 1046 1257 ut
1090 1196 1270 1276 puto,
1317 1191 1597 1255 mutavit
1634 1191 1933 1255 Bothius.
2006 1191 2150 1255 hinc
2195 1194 2466 1276 praebet
2513 1193 2708 1256 codex
2741 1192 2960 1256 Victo—

667 1303 906 1365 rianus.
981 1302 1051 1364 in
1088 1321 1190 1363 eor
1218 1299 1412 1363 dandi
1448 1298 1712 1361 dulcitas
1749 1297 1959 1361 amico
1990 1298 2242 1361 cuidam
2276 1300 2342 1362 in
2371 1304 2650 1363 mentem
2683 1304 2963 1363 venerat.

846 1408 993 1471 219.
1042 1406 1227 1481 Quod
1256 1405 1536 1469 Bothius
1569 1404 1833 1485 scripsit
1866 1403 2116 1482 familia
2146 1407 2202 1467 (ei
2225 1405 2394 1484 fame
2408 1406 2695 1487 1wbitat‚
2740 1428 2959 1488 quam-

665 1538 857 1599 quam
906 1537 1035 1577 non
1092 1513 1261 1576 male
1318 1512 1682 1591 inventum,
1741 1510 2026 1593 recipere
2082 1516 2300 1575 tamen
2349 1513 2411 1575 111
2469 1517 2716 1574 textum
2762 1512 2961 1593 nolui,

666 1623 822 1706 quia
871 1621 1157 1702 fiemiliae
1211 1641 1480 1682 numero
1538 1617 1776 1700 plurali
1834 1618 2083 1680 urbana
2138 1623 2202 1680 et
2257 1619 2499 1681 rustica
2552 1617 2805 1680 familia
2865 1618 2958 1680 in-

664 1728 886 1812 tellegi
945 1730 1179 1811 potest.
1273 1722 1369 1788 Cf.
1426 1724 1643 1787 Plauti
1702 1721 1935 1787 Cist.I
1999 1725 2062 1807 1,
2109 1724 2192 1787 47
2253 1723 2434 1787 ‘nam
2495 1724 2547 1787 si
2610 1724 2768 1787 113έο
2828 1747 2956 1787 11011

663 1835 899 1916 nubat,
964 1832 1239 1915 lugubre
1300 1831 1477 1911 sanus
1529 1830 1782 1909 familia
1835 1828 2089 1910 pe'reat?
2182 1827 2485 1895 Ceterum
2554 1831 2958 1894 octonarium

665 1940 1018 2005 iambicum
1082 1959 1289 2020 nuper
1350 1937 1568 1999 nescio
1636 1935 1781 2018 quis
1846 1937 2268 2019 praescripsit
2331 1938 2557 2001 talem:
2620 1936 2720 2000 hic
2781 1938 2959 2015 amet,

661 2048 830 2127 fame
870 2045 1160 2127 familiae
1194 2047 1453 2124 pereant
1499 2064 1549 2104 e.
1598 2064 1654 2124 q.
1703 2064 1750 2104 S.

843 2153 989 2215 227.
1050 2151 1203 2214 Fuit
1248 2151 1356 2233 qui
1410 2151 1659 2212 ‹imnum›
1704 2147 1861 2210 abiit
1913 2149 2417 2213 commendaret:
2475 2149 2584 2212 sed
2640 2149 2750 2232 (1111
2807 2172 2954 2215 con-

663 2260 835 2323 cedit
873 2258 1114 2337 de,via‚
1162 2259 1275 2319 aut
1320 2256 1486 2318 vitat
1531 2259 1938 2337 praesentem
1988 2260 2101 2319 aut
2145 2261 2318 2318 certe
2365 2256 2581 2318 locum
2629 2256 2742 2319 dat
2789 2257 2957 2337 aliis,

661 2367 804 2448 ipse
852 2387 919 2429 se
978 2363 1237 2445 recipit:
1294 2361 1734 2443 exemplorum
1791 2361 2050 2443 plenam
2108 2383 2247 2425 esse
2303 2363 2712 2426 comoediam·
2765 2385 2956 2426 nemo

660 2472 885 2536 nescit.

842 2576 1084 2640 Versus
1126 2577 1244 2639 241
1303 2575 1491 2638 initio
1538 2575 1685 2638 olim
1726 2579 1876 2657 post
1923 2575 2120 2639 licebit
2164 2575 2357 2639 facil'e
2396 2577 2681 2659 suppleri
2723 2580 2953 2659 potest.

843 2685 990 2747 244.
1044 2682 1196 2746 Non
1244 2682 1544 2745 turbatur
1604 2682 2006 2746 adlitteratio
2069 2683 2432 2764 composito
2479 2684 2760 2748 elusseris
2805 2686 2953 2746 ante

664 2791 1029 2868 lautissime,
1087 2793 1393 2852 oneratur
1439 2792 1656 2850 autem
1715 2810 1924 2851 sermo
1972 2789 2244 2852 moleste
2299 2791 2574 2871 repetita
2635 2789 2954 2871 particula

664 2903 751 2974 ut,
800 2897 901 2960 eui
952 2897 1015 2959 in
1064 2899 1200 2958 tam
1248 2899 1388 2958 arte
1436 2895 1799 2958 coniunctis
1847 2896 2059 2958 verbis
2108 2896 2288 2959 locus
2334 2897 2550 2959 nullus
2599 2899 2714 2959 est.

845 3005 992 3066 248.
1042 3001 1443 3065 Sententiam
1486 3001 1629 3064 vide
1676 3024 1760 3064 311
1799 3002 1878 3064 ad
1915 3024 2213 3065 normam
2253 3003 2408 3066 dicti
2458 3000 2588 3066 ‘ius
2628 3025 2950 3066 summum

664 3131 857 3192 saepe
907 3112 1225 3171 summast
1272 3106 1554 3170 malitia'
1602 3107 1802 3170 talem
1850 3108 1982 3170 fere
2030 3113 2225 3192 poeta
2269 3109 2674 3174 formaverit:

866 3235 1111 3278 summa
1156 3211 1284 3296 (vel
1333 3211 1535 3297 saepe)
1581 3216 1931 3278 innocentia
1975 3215 2063 3277 e'st
2105 3235 2351 3278 summa
2394 3216 2752 3296 eloqmssntia.

662 3322 798 3385 sive
847 3321 1057 3404 magis
1106 3319 1345 3402 placet:
1391 3341 1565 3400 saepe
1609 3322 1956 3385 innocentia
2003 3323 2198 3401 ipsust
2240 3321 2598 3401 eloquentia.

840 3425 970 3490 :254
1009 3449 1100 3509 sq.
1148 3426 1442 3489 Praefert
1486 3426 1919 3490 Buechelerus
1969 3428 2138 3491 intra
2185 3428 2371 3490 unius
2419 3429 2768 3508 septenarii
2817 3451 2949 3491 mo·

660 3533 882 3596 dulum
940 3534 1245 3596 conclusa
1299 3533 1486 3597 haec:
1532 3535 1754 3598 no'men
1797 3536 2085 3617 υἰνριῖηίε,
2131 3535 2260 3597 nisi
2303 3555 2510 3597 verum
2559 3538 2683 3615 est,
2729 3536 2952 3598 deinte-

655 3640 894 3720 9ravit‚·
944 3639 1328 3722 eosdemque
1374 3662 1676 3706 numeros
1723 3639 1862 3724 (sed
1907 3642 2174 3723 veryinis
2221 3639 2599 3704 ‘secundum
2648 3631 2951 3705 arcanam

661 3745 979 3810 rationem
1036 3744 1374 3810 sonorum'
1436 3747 1687 3811 scilicet
1742 3746 2074 3811 Leidensis
2131 3748 2520 3810 auctoritate
2577 3750 2642 3809 et
2693 3747 2953 3832 mirum)

661 3852 1134 3935 elegantiarum
1182 3852 1426 3916 arbiter
1464 3853 1837 3917 Lucilianus
1875 3876 2081 3936 nuper
2125 3853 2444 3936 probavit.
2505 3875 2735 3935 parum
2773 3878 2952 3937 pros·

662 3980 813 4040 pere
862 3958 1196 4022 Acidalius
1244 3960 1373 4024 nisi
1415 3959 1513 4021 vir
1557 3980 1677 4022 non
1726 3965 1813 4023 est
1857 3960 2238 4024 coniecerat.

840 4064 1117 4129 Versum
1173 4066 1303 4129 275
1368 4066 1476 4148 (1111
1537 4063 1805 4131 Caecilii
1873 4090 2014 4130 esse
2083 4071 2284 4150 negat
2347 4066 2418 4130 Ο.
2474 4066 2788 4130 Muellero
2858 4067 2951 4129 ita

661 4172 1017 4256 adsentior,
1074 4174 1147 4235 ut
1202 4172 1398 4234 etiam
1458 4172 1834 4255 tragoediae
1889 4174 2096 4237 multo
2151 4173 2558 4256 probabilius
2606 4194 2797 4254 (1113111
2845 4193 2947 4234 co·

659 4279 951 4342 moediae
999 4269 1277 4341 adscribi
1327 4300 1641 4345 censeam.
