3400 5075
1280 289 1806 344 COROLLARIVM
2508 293 2687 348 XLIX

376 453 621 517 Publii
677 451 956 516 similes'
1013 475 1069 515 v.
1117 452 1248 516 462
1304 450 1602 538 rettulit).
1692 451 1833 517 Nec
1887 452 2217 517 difficilius
2264 454 2334 517 in
2387 476 2691 519 numeros

378 558 807 623 concluditur
836 558 1005 642 quod
1035 559 1208 641 apud
1235 558 1612 624 Petronium
1643 581 1693 623 c.
1724 559 1810 622 42
1851 558 2084 641 aliquis
2114 562 2389 642 usurpat
2415 561 2694 624 dictum:

378 666 628 729 mulier
669 686 826 746 quae
869 664 1093 727 mulier
1138 663 1419 748 [o'mnes]
1465 665 1797 729 milvimlm
1834 686 2043 746 yenus.

582 771 681 835 Ex
748 771 1217 836 commentario
1276 771 1522 854 aliquo,
1585 771 1890 836 Plautino
1948 772 2255 856 fortasse,
2318 773 2557 837 hausta
2601 775 2693 839 vi-

384 879 634 941 dentur
688 878 1019 959 proverbia
1082 877 1253 960 apud
1316 875 1586 941 Festum
1651 875 1810 961 (inc.
1875 879 1998 941 inc.
2061 879 2191 943 fab.
2255 879 2489 945 XXXI.
2556 880 2692 965 LI).

388 984 651 1048 Contra
696 1006 773 1048 eo
822 984 993 1068 quod
1039 985 1213 1065 vulyo
1240 989 1559 1081 ⁸receptum
1607 982 1745 1047 ‘ubi
1796 986 2011 1063 amici,
2065 987 2155 1050 ibi
2198 986 2366 1068 opes'
2422 988 2492 1051 in
2537 988 2693 1051 Tru-

387 1091 660 1155 culento
708 1091 975 1174 legitur,
1018 1113 1152 1155 non
1196 1090 1514 1174 probatur
1555 1090 1740 1153 iuxta
1786 1091 2156 1174 adpositum
2205 1116 2246 1156 a
2292 1093 2696 1169 Quintiliano

392 1196 454 1259 V
524 1199 635 1279 11,
688 1197 772 1260 41
825 1195 1221 1261 ‘conscientia
1264 1197 1432 1261 mille
1477 1196 1676 1261 testes'
1737 1196 1896 1260 item
1957 1199 2027 1262 in
2091 1201 2427 1264 comoedia
2480 1201 2695 1267 locum

390 1304 740 1368 habuisse:
786 1307 1028 1366 temere
1072 1303 1277 1388 igitur
1323 1304 1479 1367 olim
1525 1303 1695 1366 inter
1742 1303 1880 1367 eius
1925 1304 2235 1388 reliquias
2280 1306 2696 1371 inserueram.

388 1410 543 1475 Nec
590 1410 804 1494 magis
851 1430 1132 1493 agnosco
1180 1409 1575 1491 scaenicum,
1630 1431 1820 1492 quem
1863 1410 1993 1474 fuit
2037 1412 2148 1495 qui
2186 1412 2513 1495 odoraret,
2568 1414 2696 1496 spi-

386 1519 601 1581 ritum
657 1517 726 1579 in
786 1521 973 1579 vetere
1030 1517 1251 1598 adayio
1295 1514 1432 1598 illo,
1491 1516 1663 1599 quod
1714 1514 1959 1578 Gellius
2021 1517 2221 1598 praef.
2276 1518 2353 1579 19
2417 1540 2693 1581 comme-

386 1623 707 1706 moravit,
764 1621 927 1684 nihil
971 1643 1109 1685 eum
1150 1622 1376 1703 fidibus
1415 1621 1694 1705 ficiculo,
1748 1621 1913 1684 nihil
1966 1643 2106 1685 cum
2159 1623 2527 1685 amaracino
2576 1626 2694 1701 sui,

386 1729 575 1813 quod
631 1732 800 1792 certe
847 1729 918 1792 in
964 1727 1278 1793 Varronis
1337 1731 1594 1792 saturas
1640 1751 1771 1792 non
1826 1729 2075 1793 minore
2122 1729 2258 1792 iure
2313 1729 2514 1793 inseri
2550 1734 2693 1813 pot—

385 1839 563 1899 erat.
656 1835 841 1899 Addo
891 1834 1021 1898 alia
1065 1858 1196 1900 non
1243 1834 1456 1898 minus
1516 1834 1723 1898 futtili
1771 1835 2140 1899 coniectura
2188 1836 2269 1899 ab
2318 1835 2544 1901 eodem
2591 1858 2694 1901 co-

387 1942 698 2007 moediae
747 1940 997 2005 oblata:
1044 1941 1371 2005 senarium
1417 1962 1542 2004 non
1579 1942 1921 2005 ccfntz’netur
1947 1943 2116 2005 intra
2133 1943 2491 2024 pelliculam
2516 1963 2696 2007 suam

390 2071 427 2111 e
494 2046 973 2132 Porphyrionis
1035 2047 1114 2109 ad
1174 2045 1331 2109 Hor.
1390 2068 1578 2109 serm.
1632 2045 1662 2108 Ι
1721 2048 1787 2129 6,
1844 2049 1927 2110 22
1989 2049 2205 2113 verbis
2271 2053 2695 2133 protractum,

389 2175 645 2219 versum
698 2159 969 2235 veterem,
1015 2175 1205 2235 quem
1254 2153 1322 2216 in
1376 2153 1755 2217 carminibus
1811 2176 1952 2217 esse
1997 2155 2210 2221 Varro
2265 2156 2335 2219 in
2391 2135 2529 2219 vita
2582 2179 2695 2240 po-

394 2261 546 2344 puli
592 2260 871 2325 Romani
916 2257 1210 2322 narravit
1256 2262 1420 2322 teste
1448 2258 1667 2323 Nonio
1704 2281 1767 2343 p.
1796 2259 1901 2342 21,
1931 2260 1999 2323 9:
2043 2262 2165 2325 sibi
2197 2268 2477 2343 pastores
2522 2262 2697 2327 lu'dos

299 2394 314 2409 ·
392 2368 646 2447 faciunt
697 2367 882 2430 cdrils·
929 2365 1267 2431 Consualia
1320 2361 1512 2450 (quae
1569 2386 1603 2428 e
1658 2365 1992 2429 rusticana
2044 2368 2263 2432 nescio
2309 2390 2439 2451 qua
2494 2370 2695 2433 canti-

396 2474 556 2539 lena
608 2474 908 2537 videntur
964 2474 1227 2555 sumpta
1282 2470 1475 2559 esse);
1533 2471 1805 2556 denique
1864 2470 2110 2535 ‘tritum
2151 2475 2375 2557 populi
2426 2495 2698 2540 sermone

386 2579 819 2662 proverbium’
885 2579 1054 2664 quod
1120 2576 1560 2662 Hieronymus
1618 2579 1805 2661 epist.
1851 2577 1881 2640 I
1930 2578 2061 2642 340
2108 2579 2194 2644 M.
2253 2582 2541 2645 servavit
2596 2603 2696 2645 ac-

399 2690 581 2754 cc'ssit
631 2687 774 2751 huic
823 2686 1085 2768 patellae
1143 2687 1399 2766 cliynum
1462 2684 1826 2766 operculum,
1889 2686 2281 2750 translatum
2347 2688 2598 2751 scilicet
2661 2710 2695 2751 e

378 2775 655 2859 ¹Graeco
712 2781 903 2876 εὗρεν
948 2785 989 2874 ἡ
1039 2786 1246 2866 λοπὰς
1289 2785 1363 2854 τὸ
1400 2790 1611 2873 πῶμα.
1704 2787 1942 2854 Cretici
1999 2793 2110 2874 qui
2174 2794 2342 2876 apud
2406 2792 2694 2858 Nonium

402 2925 463 2984 p.
516 2901 674 2983 287,
721 2901 760 2963 8
816 2900 885 2962 111
940 2898 1083 2962 loco
1141 2898 1452 2961 lacunoso
1511 2897 1697 2980 quasi
1753 2895 1991 2960 Lucilii
2045 2898 2351 2983 leguntur
2415 2901 2699 2964 dividant

401 3008 713 3086 differant
753 3005 1049 3086 dissipent
1101 3003 1454 3067 distrahant
1498 3003 1578 3066 ad
1633 3004 1806 3085 quod
1862 3005 2220 3069 carminum
2282 3027 2485 3091 genus
2534 3008 2696 3070 refe-

402 3113 589 3178 rendi
634 3112 767 3176 sint
811 3112 1002 3193 plane
1048 3111 1383 3174 incertum.

585 3217 1019 3303 Popularibus
1067 3217 1259 3280 dictis
1308 3215 1642 3280 commode
1691 3215 2131 3301 adiunguntur
2175 3218 2286 3301 qui
2329 3220 2400 3281 in
2434 3220 2697 3298 parieli-

405 3326 519 3390 bus
563 3324 960 3406 Pompeianis
1004 3322 1422 3386 inscribillati
1467 3321 1772 3405 leguntur
1809 3323 2109 3385 versiculi
2156 3323 2396 3405 partim
2445 3327 2694 3387 senten-

405 3434 536 3496 tias
575 3452 966 3512 communest,
1012 3429 1253 3510 partim
1292 3428 1724 3512 petulantiam
1763 3431 1829 3491 et
1873 3428 2210 3490 lasciviam
2249 3429 2698 3510 exprimentes,

412 3562 490 3602 ex
537 3539 773 3622 quibus
819 3535 988 3619 elegi
1025 3539 1091 3597 et
1128 3533 1505 3617 appendicis
1551 3534 1760 3597 instar
1808 3532 2068 3595 adiunxi
2106 3555 2167 3615 p.
2204 3532 2328 3595 130
2366 3533 2476 3616 qui
2523 3556 2696 3597 scae-

405 3645 625 3708 nicam
691 3642 1098 3706 hilaritatem
1172 3641 1420 3724 spirare
1474 3640 1863 3704 viderentur.
1953 3638 2160 3721 nolui,
2223 3642 2297 3702 ut
2361 3643 2696 3702 consenta-

404 3772 600 3814 neum
658 3752 824 3831 erat,
878 3749 949 3812 111
1000 3747 1171 3810 hunc
1228 3747 1518 3811 ordinem
1575 3746 1917 3809 admittere
1972 3745 2192 3827 qualia
2247 3747 2473 3809 extant
2527 3745 2697 3828 apud

410 3854 1007 3938 Zangemeisterum
1056 3876 1116 3916 n.
1169 3852 1356 3916 1597.
1408 3853 1595 3917 1882.
1647 3852 1834 3917 1884.
1887 3851 2072 3914 1899.

587 3960 725 4026 Nec
780 3960 1106 4044 persuasit
1159 3958 1320 4021 mihi
1376 3958 1745 4022 Frohnerus
1801 3954 2070 4041 (Philol.
2117 3956 2306 4020 XXII
2353 3957 2479 4020 331
2531 3955 2697 4041 sqq.)

409 4067 729 4132 calculum
791 4067 979 4130 illum
1042 4066 1213 4129 inter
1273 4064 1594 4127 viatorem
1649 4066 1716 4126 et
1769 4086 2109 4148 coponem,
2164 4063 2272 4147 qui
2328 4064 2397 4126 in
2462 4065 2697 4145 ectypo

406 4174 701 4238 Isernino
750 4170 1168 4258 (Mommseni
1210 4168 1371 4234 IRN
1406 4192 1467 4233 n.
1490 4167 1693 4256 5078)
1740 4170 2102 4252 insculptus
2150 4172 2267 4251 est,
2314 4168 2697 4250 septenariis

405 4278 760 4345 trochaicis
808 4278 1243 4362 compositum
1290 4279 1355 4338 et
1400 4298 1478 4338 ex
1524 4275 1859 4339 comoedia
1902 4273 2110 4339 nobili
2147 4273 2494 4357 repetitum
2542 4295 2697 4337 esse.

513 4391 629 4433 Con.
658 4390 771 4431 Iwr.
798 4391 917 4431 Ru.
2234 4377 2273 4432 d
