3400 5075
1083 234 1404 284 PVBLILII
1446 235 1608 286 SYRI
1648 235 2105 286 SENTENTIAE
2618 235 2730 298 35]

622 389 828 465 Quam
877 388 1184 454 miserum
1231 394 1331 454 est
1376 391 1442 454 id
1489 391 1660 475 quod
1708 392 1896 475 patici
1942 392 2188 456 habent
2233 391 2554 457 amittere!
2638 414 2741 462 402

623 505 746 581 Qui
794 507 862 570 in
910 508 1064 570 uero
1113 506 1392 589 dubitat,
1438 508 1606 570 maile
1655 508 1794 592 agit
1840 528 1986 570 cum
2033 506 2367 572 deliberat.
2639 530 2740 578 716

625 620 748 697 Qui
794 618 985 685 timet
1032 623 1335 705 amicum,
1382 619 1627 686 amicus
1673 626 1748 686 ut
1794 623 2020 686 timeat
2066 623 2269 687 docet.
2635 646 2738 692 439

447 735 577 800 525
625 734 798 811 Quos
841 737 993 820 quid
1041 737 1499 801 uindicandum
1529 741 1655 822 est,
1702 738 1912 804 omnis
1943 739 2189 822 optima
2216 742 2316 803 esi:
2343 740 2739 809 occasi0.540

622 851 824 926 Quam
856 849 1164 916 miserum
1195 853 1502 917 auxilium
1535 857 1659 935 est,
1706 854 1816 917 libi
1863 857 2056 918 nocet
2103 855 2273 939 quod
2303 856 2604 919 sastinet!
2634 877 2737 924 399

621 967 743 1044 Qui
792 969 948 1051 pote
992 968 1330 1033 consilium
1376 968 1629 1053 fugere,
1675 990 1901 1053 capere
1948 969 2117 1033 idem
2164 973 2396 1053 potest.
2635 993 2737 1039 423

621 1081 743 1157 Qui
792 1083 1014 1147 ulcisci
1063 1084 1343 1168 dubitat,
1390 1082 1722 1168 improbos
1768 1085 1985 1168 plures
2031 1085 2206 1148 facit.
2634 1107 2738 1154 430
2780 1077 2783 1080 Δ

620 1198 743 1274 Qui
791 1199 1016 1263 obesse
1063 1221 1196 1264 non
1244 1201 1412 1283 uult,
1458 1205 1603 1264 clim
1649 1203 1892 1284 potest,
1937 1200 2202 1283 prodest
2246 1201 2383 1266 tibi.
2636 1224 2738 1271 698

421 1314 571 1378 '530
617 1311 944 1398 Quicquid·
983 1315 1153 1380 bono
1201 1315 1540 1400 concedite,
1586 1315 1697 1379 des
1745 1316 1997 1399 partem
2040 1316 2177 1379 tibi.

618 1429 800 1505 Quod
849 1431 1099 1495 nescias
1145 1432 1247 1495 cui
1295 1433 1511 1494 Sernes
1560 1432 1829 1520 stultum
1879 1435 1978 1494 est
2023 1432 2300 1514 parcere.
2634 1455 2737 1502 435

620 1544 795 1620 Quae
844 1547 987 1609 milt
1030 1546 1234 1609 uideri
1280 1546 1450 1609 bella
1496 1546 1714 1629 nimie,
1762 1544 1931 1610 nulli
1973 1550 2189 1630 negat.
2632 1571 2735 1616 395

619 1660 742 1736 Qui
787 1660 1005 1744 debet,
1052 1661 1248 1725 limen
1295 1661 1630 1725 creditoris
1677 1663 1811 1725 non
1859 1665 2051 1725 amat.
2631 1686 2734 1732 413

622 1758 760 1851 Qui'
791 1779 941 1859 pote
989 1776 1340 1841 transferre
1388 1779 1700 1862 amorem,
1744 1780 1897 1860 pote
1945 1777 2284 1861 deponere.
2632 1799 2735 1846 434

443 1891 574 1956 535
621 1891 744 1967 Qui
790 1890 985 1956 unius
1033 1893 1259 1977 culpae
1304 1893 1612 1976 ignoscit,
1658 1892 1885 1956 suadet
1929 1892 2238 1978 pluribus
2632 1915 2731 1962 431

619 2005 936 2091 Quicquid
982 2005 1297 2092 improbis
1345 2007 1642 2092 donatur,
1692 2004 1999 2094 [iniuste]
2021 2009 2289 2093 eripitiir
2332 2008 2571 2092 probiS.

442 2219 806 2272 EXEMPLA.

574 2310 674 2357 523
711 2306 798 2356 Cf.
836 2306 1031 2357 Cicero
1068 2307 1134 2357 de
1172 2305 1262 2356 off.
1301 2308 1384 2358 111
1422 2309 1471 2371 8,
1510 2310 1575 2358 37
1621 2311 1808 2372 ‘quam
1859 2309 1925 2358 ob
1965 2325 2075 2360 rem
2114 2309 2219 2360 hoc
2265 2307 2484 2373 quidem
2527 2306 2736 2357 delibe—

441 2377 677 2424 rantium
718 2390 890 2440 genus
927 2375 1170 2440 pellatur
1207 2391 1235 2425 e
1274 2376 1454 2424 medio
1492 2373 1606 2441 (est
1641 2378 1785 2425 enim
1824 2382 1996 2426 totum
2024 2377 2358 2428 sceleratum
2398 2382 2454 2425 et
2488 2378 2734 2441 impium)

441 2445 535 2505 qui
571 2443 883 2493 deliberant
920 2449 1097 2492 utrum
1138 2443 1192 2492 id
1237 2449 1540 2507 sequantur
1587 2444 1728 2507 qnod
1778 2445 2063 2494 honestum
2104 2461 2224 2495 esse
2263 2445 2518 2504 uideant,
2566 2459 2635 2493 an
2673 2459 2732 2493 se

441 2513 684 2562 scientes
724 2511 931 2561 scelere
970 2512 1351 2563 contaminent
1388 2549 1400 2563 .
1428 2549 1441 2562 .
1469 2550 1481 2562 .
1522 2527 1654 2575 ergo
1693 2528 1762 2561 ea
1798 2512 2160 2563 deliberanda
2197 2514 2417 2564 omnino
2456 2529 2565 2563 non
2591 2518 2732 2566 sunt.

437 2581 494 2628 in
532 2581 731 2643 quibus
771 2584 856 2629 est
894 2582 1068 2645 turpis
1104 2581 1225 2644 ipsa
1263 2579 1632 2637 deliberatio?
1775 2584 1874 2631 534
1912 2580 1998 2632 Cf.
2040 2581 2419 2644 Quintilianus
2464 2583 2537 2631 Χ]
2582 2583 2627 2643 1,
2668 2583 2733 2630 56

439 2651 584 2697 ‘nam
633 2649 724 2712 qui
771 2650 1135 2698 intermittere
1181 2649 1238 2696 in
1288 2648 1505 2713 agendo
1544 2648 1785 2698 dolorem
1836 2655 2049 2714 potest,
2096 2648 2316 2707 uidetur
2359 2665 2522 2714 posse
2562 2649 2731 2698 etiam

441 2715 752 2781 deponere)

438 2896 740 2968 contingit,
788 2895 873 2949 uix
920 2894 1291 2967 Woelfflinus
1432 2894 1554 2951 524
1589 2895 1678 2967 Cf.
1715 2894 1839 2952 540
2008 2897 2210 2953 amicus
2243 2891 2329 2972 ut]
2365 2915 2439 2951 an
2487 2896 2735 2967 amicum,

442 2987 498 3032 ut
544 2980 639 3034 se?
811 2972 994 3054 docet]
1042 2978 1168 3033 facit
1220 2979 1463 3034 Bothius
1634 2978 1756 3035 525
1803 2981 1933 3053 quoi
1980 2981 2108 3054 quid
2154 2985 2371 3053 scripsi
2398 2979 2651 3054 quicquid
2684 2981 2740 3035 F

439 3064 525 3117 cui
559 3062 684 3135 quid
720 3063 1009 3119 Gruterus
1041 3079 1204 3135 quom
1238 3060 1365 3135 quid
1399 3064 1694 3130 Halmius,
1737 3064 1881 3135 fort.
1931 3073 2092 3121 recte
2221 3067 2394 3120 omnis
2428 3065 2732 3135 Gruterus,

438 3163 545 3201 om.
598 3148 649 3201 F
814 3154 897 3201 est
954 3148 1164 3202 occasio
1214 3148 1266 3201 F
1306 3148 1512 3203 occasio
1559 3157 1642 3203 est
1671 3149 1908 3222 Inqolst.
1957 3150 2036 3205 illi
2084 3151 2295 3206 occasio
2327 3156 2411 3203 est
2441 3150 2640 3204 Faber
2683 3150 2730 3204 ei

439 3232 648 3311 occasio
680 3241 763 3286 est
795 3234 922 3287 olim
954 3234 1180 3287 conieci
1334 3230 1456 3288 526
1504 3232 1589 3304 Cf.
1624 3234 1746 3288 555
1905 3234 2026 3291 527
2074 3243 2202 3306 pote
2236 3235 2521 3289 Gruterus
2551 3242 2733 3306 potest

357 3369 378 3377 -
440 3318 495 3373 F
639 3333 830 3390 capere
874 3320 1022 3373 coni.
1073 3316 1358 3373 Gruterus
1401 3333 1589 3390 sapere
1635 3318 1691 3371 F
1731 3335 1917 3391 rapere
1978 3319 2355 3389 Woelfflinus
2501 3316 2730 3373 consilio

439 3401 618 3458 furere
652 3402 894 3458 Botlzius
1022 3399 1144 3458 528
1179 3401 1265 3474 Cf.
1300 3399 1440 3458 238.
1478 3400 1599 3458 285
1733 3402 1853 3459 529
1903 3403 1993 3475 Cf.
2030 3402 2149 3458 397
2284 3419 2392 3457 non
2428 3402 2564 3470 uult,
2609 3419 2729 3456 cum

440 3494 621 3559 potest
666 3487 1066 3543 Buechelerus
1110 3503 1231 3542 cum
1279 3495 1463 3560 potest
1507 3503 1617 3541 non
1667 3486 1784 3542 uult
1816 3488 1872 3542 F
1999 3485 2092 3541 tibi
2124 3485 2409 3553 Halmius,
2456 3504 2561 3543 om.
2599 3486 2653 3540 F

439 3571 683 3645 prodest,
730 3574 1038 3645 quicunque
1084 3570 1278 3627 obesse
1324 3588 1432 3626 non
1479 3571 1629 3643 uult,
1675 3588 1795 3627 cum
1840 3578 2025 3646 potest
2072 3572 2358 3627 Gruterus
2405 3573 2731 3644 quicumque

439 3656 661 3727 obesse,
708 3673 827 3712 cum
874 3664 1093 3730 potest,
1151 3656 1458 3727 non-uult,
1515 3658 1663 3712 iuuat
1710 3657 2014 3713 Nauckius
2186 3656 2310 3713 530
2355 3659 2434 3712 ad
2475 3656 2554 3712 55
2603 3658 2730 3711 olim

437 3744 727 3813 adscripsi
852 3739 1113 3797 concedas
1160 3742 1217 3796 F
1256 3737 1356 3815 (cs.
1405 3740 1549 3813 512)
1602 3742 1854 3798 concedis
1913 3742 2149 3812 Inqolst.
2337 3740 2431 3796 des
2493 3741 2728 3811 Woelff-

435 3829 618 3898 tium,
665 3842 829 3900 quem
874 3826 1206 3882 dubitanter
1247 3842 1478 3898 sequor.
1526 3827 1618 3882 das
1651 3827 1708 3881 F
1874 3824 1995 3883 532
2042 3827 2224 3897 nimia,
2269 3825 2403 3881 nulli
2444 3825 2733 3881 Gruterus

437 3912 657 3966 ninnium
702 3911 779 3967 illi
817 3906 882 3965 'F
1043 3910 1175 3966 nulli
1219 3910 1394 3984 placet
1427 3913 1758 3982 NauckiuS,
1807 3912 1984 3966 bene.-
2029 3910 2110 3981 cf.
2154 3910 2277 3967 340
2449 3910 2570 3966 534
2602 3918 2731 3982 pote

439 4039 451 4052 .
487 4040 500 4052 .
536 4036 549 4049 .
582 4006 709 4070 pote
757 3996 1044 4052 Gruterus
1086 4003 1268 4069 potest
1301 4037 1314 4051 .
1350 4041 1363 4053 .
1401 4040 1414 4055 .
1445 4007 1628 4076 potest
1676 3998 1731 4052 F
1770 3995 1875 4067 (cf.
1920 3989 2064 4064 527)
2226 3995 2318 4069 qui
2362 4003 2546 4069 potest
2591 4004 2628 4048 t.
2663 4013 2733 4064 a,

439 4099 560 4137 mox
618 4089 798 4155 potest
855 4081 1128 4154 deponere
1173 4081 1479 4149 Nauclcius
1654 4080 1779 4141 535
1828 4082 1988 4136 unius
2032 4084 2246 4152 scripsi
2288 4082 2381 4137 uni
2426 4080 2479 4134 F
2645 4081 2734 4151 qui

435 4167 623 4240 culpae
679 4168 914 4241 ignoscit
971 4167 1061 4221 uni
1110 4166 1395 4234 Gruterus
1656 4168 1782 4227 536
1841 4182 1949 4221 orn.
2004 4169 2062 4222 in
2123 4166 2548 4237 eoeemplaribus
2604 4171 2738 4218 ante

453 4253 876 4326 Woelfflinum,
923 4255 1230 4309 restituere
1275 4275 1526 4343 conamg
1570 4277 1719 4327 sum.
1772 4252 2037 4326 quicquid
2084 4237 2361 4324 improbis*
2390 4250 2609 4323 eripitur
2653 4248 2741 4303 da.
