3400 5075
484 344 489 347 Α
596 264 719 319 1,1v
1474 258 2004 314 cosontAmvm

686 425 1041 490 merenda
1096 417 1374 505 ἄριστον
1422 416 1720 486 δειλινόν
1766 420 1824 485 L
1871 452 1953 473 ==
2003 420 2315 485 Afranius
2365 420 2536 503 apud
2581 419 2889 503 Nonium,

772 532 1043 596 Plautus

685 638 1044 723 muginor
1088 631 1388 719 γογγύζω
1437 635 1496 698 L
1544 665 1628 687 =
1675 634 1840 698 Atta
1878 635 2049 717 apud
2094 633 2402 717 Nonium,
2446 633 2736 700 Lucilius

683 746 943 809 nictor
989 738 1574 825 σκαρδαμύττομαι
1620 742 1680 806 L
1728 770 1812 794 ==
1860 739 2204 825 CaeciliuS,
2251 739 2504 805 Novius
2555 742 2724 824 apud
2769 740 2885 804 Fe-

775 853 967 933 stum,
1017 849 1288 913 Plautus

684 977 1152 1042 pergraecor
1198 951 1511 1037 ἑλληνίζω
1568 957 1627 1020 L
1674 986 1758 1007 =
1805 954 2085 1019 Titinius
2149 953 2320 1037 apud
2366 953 2554 1018 Pauli
2601 952 2890 1037 Festum,

773 1063 1045 1127 Plautus

686 1173 1074 1255 petumen
1135 1162 1421 1250 κτήνους
1486 1166 1673 1244 ἕλκος
1737 1169 1794 1231 L
1859 1197 1942 1219 =
2008 1165 2297 1230 Naevius
2365 1167 2535 1250 apud
2605 1166 2890 1250 Festum,

776 1275 1065 1341 Lucilius
1310 1264 1323 1275 ’

688 1385 1042 1448 rarenter
1079 1375 1428 1455 σπανιάκις
1455 1381 1513 1445 L
1542 1411 1626 1434 =
1657 1379 1979 1447 Caecilius
2010 1380 2409 1464 Pomponius
2438 1378 2690 1444 Novius
2720 1380 2892 1463 apud

774 1487 1085 1571 Nonium,
1131 1487 1358 1552 Liuius
1406 1491 1483 1551 tr.
1531 1487 1783 1552 Ennius

690 1597 904 1661 rauis
951 1590 1218 1678 κόρυζα,
1255 1594 1487 1678 φωνῆς
1515 1588 1818 1678 ἀποκοπή
1848 1595 1906 1659 L
1936 1625 2019 1647 =
2051 1594 2375 1658 Caecilius
2405 1594 2575 1677 apud
2607 1592 2892 1675 Festum,

774 1701 1043 1766 Plautus

688 1829 1196 1893 repuerasco
1259 1798 1756 1891 ἄνανηπιοῦμαι
1803 1809 1861 1872 L
1909 1838 1994 1860 =
2042 1806 2291 1872 Novius
2354 1808 2525 1891 apud
2585 1806 2892 1890 Nonium,

777 1914 1049 1977 Plautus

690 2021 913 2086 solox
945 2018 1143 2104 ἱερόν.
1198 2018 1307 2084 καὶ
1337 2016 1548 2103 παχύς
1574 2021 1634 2085 L
1663 2051 1748 2073 =
1777 2020 2059 2085 Titinius
2091 2020 2262 2105 apud
2291 2021 2576 2103 Festum,
2604 2019 2893 2085 Lucilius

690 2128 1039 2192 sucerda
1111 2130 1362 2210 χοιρειά
1434 2122 1679 2210 κόπρος
1751 2127 1809 2191 L
1873 2158 1956 2180 =
2012 2128 2292 2192 Titinius
2367 2128 2537 2210 apud
2611 2126 2894 2209 Festum,

778 2234 1066 2300 Lucilius

693 2340 1053 2424 suffrago
1102 2336 1651 2424 συλλαμβάνομαι
1690 2342 1924 2424 βοηθῶ
1963 2342 2134 2405 L=
2164 2340 2583 2425 PomponiUS,
2622 2339 2896 2405 Sisenna

781 2446 951 2529 apud
999 2444 1287 2510 Nonium

691 2553 951 2618 taxim
1006 2546 1269 2635 ἡσύχως
1314 2553 1504 2616 L=
1550 2552 1948 2637 Pomponius
2009 2556 2179 2638 apud
2233 2553 2552 2639 Nonium,
2606 2554 2893 2619 Lucilius

780 2658 990 2724 Varro

692 2765 1188 2831 tenebriones
1236 2757 1630 2845 ἀπατεῶνες,
1677 2765 2044 2850 ἐπίτριπτοι
2097 2769 2154 2832 L
2192 2799 2277 2822 -·--
2310 2768 2640 2850 Afranius,
2687 2768 2895 2830 Varro

694 2871 1014 2937 tolutim
1061 2868 1368 2954 ἐπίτροχα
1415 2873 1473 2936 L
1512 2903 1596 2924 =
1634 2873 2034 2958 Pomponius
2081 2875 2331 2940 Novius
2382 2875 2550 2959 apud
2589 2873 2893 2956 Nonium,

780 2978 1051 3041 Plautus
1099 2976 1385 3041 Lucilius
1433 2977 1642 3044 Varro

690 3084 1153 3149 tuburcinor
1198 3080 1520 3166 λαφύσσω
1567 3087 1626 3150 L
1672 3117 1758 3139 ==
1815 3087 2144 3172 Turpilius
2206 3089 2487 3153 Titinius
2545 3088 2718 3171 apud
2762 3087 2894 3152 No-

780 3191 982 3273 nium,
1025 3190 1297 3254 Plautus

694 3299 1041 3364 ualentia
1072 3293 1380 3380 δύναμις,
1408 3294 1596 3383 ῥώμη
1628 3325 1678 3365 e.
1709 3324 1767 3385 q.
1798 3324 1846 3365 S.
1877 3303 1933 3366 L
1964 3332 2046 3353 =
2076 3301 2356 3366 Titinius
2388 3303 2557 3384 apud
2591 3299 2897 3383 Nonium,

783 3404 1073 3470 Naevius
1120 3407 1197 3468 tr.

694 3513 862 3576 uiro
880 3534 960 3574 sa
1007 3510 1240 3575 mulier
1298 3511 1360 3576 V
1396 3541 1479 3564 ==
1530 3512 1841 3578 Afranius
1891 3515 2060 3598 apud
2107 3513 2415 3597 Nonium,
2463 3513 2750 3579 Lucilius

606 3618 864 3682 Incerto
927 3619 1189 3681 auctore
1248 3619 1558 3683 collectae
1617 3621 1898 3703 primum
1945 3643 2108 3705 quae
2165 3622 2233 3684 in
2289 3622 2446 3686 solis
2502 3621 2895 3686 comicorum

605 3723 895 3807 reliquiis
942 3722 1247 3807 leguntur
1291 3726 1606 3809 pauculae
1653 3730 1829 3792 sunt:

696 3829 1014 3914 appella
1058 3825 1490 3915 λειπόὸερμος
1535 3833 1592 3896 L
1642 3863 1726 3886 =
1772 3832 2006 3898 Naevii
2054 3834 2282 3899 fabula

695 3937 1174 4001 catacarisia
1219 3937 1285 4002 P
1324 3968 1409 3991 -·—-
1456 3939 1632 4003 mim.
1679 3939 1801 4003 inc.

694 4042 1174 4126 latiloquens
1222 4041 1634 4127 πλατυλόγος
1679 4045 1738 4109 L
1784 4075 1868 4098 =
1915 4046 2176 4113 Laberii
2227 4043 2473 4131 mimus}

693 4149 999 4213 riuinus
1046 4143 1389 4234 ἅντίζηλος
1438 4152 1493 4214 L
1540 4181 1624 4203 =
1670 4152 1974 4218 Mummii
2022 4154 2216 4217 Atell.

695 4257 1137 4320 urbanatim
1184 4250 1457 4333 ἀστείως
1499 4258 1559 4322 L
1606 4258 2137 4344 =QdPomponius
