3400 5075
684 360 861 419 cmv
1582 334 1683 416 Αἰ)
1726 358 2085 417 TRAGICos
2136 440 2139 447 ῃ

858 526 1048 592 Falso
1120 548 1159 591 a
1220 545 1285 590 se
1346 547 1404 589 v.
1465 526 1551 590 32
1611 529 1677 590 et
1739 525 1825 589 25
1887 546 1977 609 sq.
2039 525 2489 610 conglutinata
2547 522 2751 590 fuisse
2811 546 2982 591 nunc

682 635 915 699 saltem
970 633 1296 699 intellexit
1350 633 1521 717 idem
1574 632 1617 696 l.
1672 632 1740 717 l.‚
1794 636 2015 696 tamen
2071 635 2137 695 et
2184 633 2555 697 octonarios
2612 633 2981 699 trochaicos

679 743 916 806 retinet
945 745 1010 806 et
1037 742 1275 806 mirum
1305 739 1481 804 istud
1508 741 1577 804 in
1607 741 1787 803 taeda
1805 736 1969 825 (sive
1992 737 2242 825 taedeis)
2262 741 2506 825 adsunt,
2532 762 2665 805 non
2692 741 2979 805 animad-

678 852 937 914 vertens
983 848 1321 915 taedarum
1359 868 1734 931 expressam
1775 846 2171 909 mentionem
2199 869 2390 912 versu
2418 847 2677 911 demum
2708 848 2792 913 28
2821 848 2981 912 fieri.

859 955 946 1019 30
992 975 1206 1019 arcum
1261 946 1556 1018 auratum
1611 953 1790 1017 lunat
1846 953 2034 1018 nimus
2081 948 2211 1036 (vel
2255 954 2516 1018 innisus
2563 952 2770 1041 lunat)
2809 953 2980 1020 idem

680 1061 811 1125 285
859 1084 898 1125 a
943 1083 1096 1127 vero
1145 1061 1473 1125 aberrans.
2044 1058 2055 1065 ’

861 1168 947 1232 34
993 1169 1232 1233 abludit
1265 1166 1609 1233 ‘Vertranii
1667 1154 2105 1231 coniecturam
2153 1167 2564 1231 commendat
2608 1166 2979 1254 Madvigius

682 1274 951 1340 Advers.
996 1274 1062 1339 Π
1123 1276 1276 1352 171,
1333 1295 1524 1358 quem
1579 1272 1754 1357 fugit
1806 1274 1884 1337 ab
1940 1272 2103 1338 ludis
2149 1324 2162 1337 .
2200 1323 2215 1337 .
2261 1279 2635 1356 expecmntes
2688 1277 2979 1339 nuntium

681 1380 1130 1466 coniungenda
1175 1402 1334 1445 esse.

855 1488 944 1553 40
987 1488 1260 1572 viryinal
1293 1487 1588 1552 modestia
1614 1486 1998 1570 turpissima
2031 1486 2435 1569 amphibolia
2463 1486 2749 1553 Ennium
2780 1488 2975 1552 dona-

678 1594 777 1659 vit
820 1594 1142 1680 Bergkius
1189 1594 1421 1659 Philol.
1466 1590 1751 1656 XXXIII
1797 1592 1946 1657 255.

856 1701 942 1765 55
988 1701 1331 1765 Traditum
1385 1701 1690 1765 iudicauit
1745 1698 2175 1764 Buechelerus
2223 1698 2263 1761 l.
2319 1698 2359 1762 l.
2396 1700 2545 1763 477.
2634 1700 2976 1766 Dracontii

678 1809 1064 1873 auctoritate
1120 1807 1434 1889 firmavit,
1490 1806 1599 1889 qui
1656 1808 1726 1870 in
1772 1828 1977 1890 nuper
2022 1808 2281 1888 reperto
2330 1805 2407 1869 de
2455 1811 2647 1891 raptu
2692 1807 2977 1873 Helenae

676 1916 958 1979 carmine
1011 1913 1266 1978 Paridis
1330 1912 1666 1995 iudicium,
1731 1915 1806 1975 ut
1868 1913 2068 1976 etiam
2121 1913 2191 1975 in
2245 1914 2587 1996 tragoedia
2641 1914 2799 1999 fingi
2858 1937 2978 1999 par
3074 1960 3082 1965 -

676 2024 842 2104 erat,
890 2024 1038 2085 ante
1086 2017 1489 2084 Cassandrae
1536 2018 1849 2083 vaticinia
1894 2018 2138 2083 factum
2186 2041 2326 2082 esse
2376 2023 2616 2083 narrat.

853 2126 1004 2192 Non
1069 2127 1509 2191 concluseram
1565 2124 1983 2189 distinctione
2041 2126 2429 2189 sententiam
2485 2127 2554 2189 in
2607 2150 2665 2191 v.
2724 2129 2808 2191 73
2867 2152 2975 2213 sq„

674 2236 976 2318 copulare
1037 2236 1255 2298 autem
1316 2233 1384 2295 in
1444 2231 1617 2295 binis
1679 2233 2042 2297 secundarii
2101 2233 2423 2296 enuntiati
2485 2255 2523 2295 a
2581 2234 2813 2299 vocula
2869 2237 2978 2300 ubi

675 2342 1015 2425 pendentis
1080 2340 1390 2405 membris
1457 2337 1713 2402 diversa
1776 2342 2074 2421 tempora
2135 2338 2491 2423 perfectum
2548 2342 2615 2402 et
2668 2362 2974 2423 praesens

674 2469 788 2513 cur
814 2447 1029 2512 Ennio
1079 2447 1291 2512 minus
1337 2446 1598 2510 licuerit
1643 2467 1837 2530 quam
1867 2443 2086 2529 Acci0‚
2134 2446 2244 2529 qui
2292 2468 2349 2509 v.
2378 2445 2465 2509 54
2496 2467 2587 2529 sq.
2617 2446 2973 2529 perfectum

675 2558 741 2620 et
794 2554 1497 2639 plusquamperfectum
1553 2552 1964 2636 composuit?
2021 2556 2374 2638 notumque
2431 2554 2753 2617 tironibus
2812 2578 2972 2640 quae

675 2663 939 2727 omnino
996 2661 1187 2723 latini
1245 2661 1562 2725 sermonis
1620 2661 1689 2723 in
1745 2660 1869 2724 hoc
1916 2681 2149 2744 genere
2195 2659 2465 2723 libertas
2511 2659 2726 2723 fuerit.
2816 2681 2969 2745 ergo

671 2773 914 2834 temere
960 2766 1294 2832 Baehrens
1341 2765 1381 2830 l.
1430 2768 1469 2832 l.
1504 2787 1774 2849 puerum
1820 2767 1915 2830 uti
1960 2766 2229 2830 laverent
2272 2767 2636 2850 proposuit.

851 2876 954 2940 Ex
1001 2873 1252 2940 cantico
1301 2871 1798 2938 Andromachae
1846 2873 2019 2938 6183
2058 2868 2218 2936 ‘vidi
2266 2893 2386 2958 ego
2434 2875 2500 2935 te
2548 2876 2802 2938 astante
2850 2896 2971 2958 ope

674 2982 1060 3065 barbarica',
1108 2980 1192 3046 86
1230 2973 1419 3044 ‘haec
1467 2979 1687 3044 omnia
1723 2979 1939 3064 videi',
1987 2979 2071 3044 89
2109 2974 2216 3044 ‘ex
2252 2980 2486 3064 opibus
2528 2980 2798 3045 summis
2828 2981 2971 3064 opis

675 3112 868 3176 egens
940 3088 1022 3152 H.
1084 3085 1281 3169 tuae',
1354 3086 1435 3149 91
1487 3080 1674 3170 ‘vidi‚
1738 3085 1980 3152 videre'
2030 3108 2081 3148 e.
2138 3109 2195 3169 q.
2252 3109 2301 3150 S.
2357 3087 2639 3151 colorem
2693 3089 2971 3151 traxisse

674 3196 929 3261 videtur
955 3194 1223 3259 Porcius
1252 3192 1451 3257 Latro
1498 3193 1568 3256 in
1613 3192 2201 3258 controversiarum
2232 3189 2509 3263 Senecae
2540 3191 2607 3256 H
2649 3196 2681 3258 1
2731 3218 2793 3278 p.
2829 3195 2971 3279 153,

678 3305 757 3368 19
820 3324 954 3388 sqq.
1014 3300 1093 3364 K.
1151 3293 1310 3364 ‘vidi
1378 3320 1482 3383 690
1551 3283 1807 3383 magni·
1845 3299 2162 3363 exercitus
2229 3298 2456 3363 ducem
2518 3300 2655 3364 sine
2715 3301 2972 3386 comite,

672 3410 1060 3495 fugientem,
1113 3407 1242 3473 vidi
1287 3456 1300 3469 .
1332 3456 1345 3469 .
1376 3455 1389 3469 .
1435 3405 1668 3470 limina
1724 3405 1982 3471 deserta
2176 3429 2329 3470 nam
2385 3405 2538 3492 quid
2578 3428 2669 3472 ωε
2711 3409 2973 3473 summis

673 3515 886 3596 opibus
929 3515 1015 3577 αᾱ
1056 3518 1372 3592 eyestatem
1420 3512 1760 3578 devolutos
1805 3510 2106 3596 loquar‘P’

850 3621 936 3685 98
985 3641 1076 3704 sq.
1134 3617 1346 3683 Multa
1389 3619 1636 3684 frustra
1682 3619 1996 3683 ariolatus
2042 3617 2362 3704 Bergkius
2407 3618 2640 3685 Philol.
2687 3619 2971 3686 XXXIII

673 3727 801 3792 289
851 3725 1260 3791 commendat
1304 3725 1465 3790 haec

893 3831 1055 3896 sssiis
1102 3835 1371 3915 propter
1416 3835 1482 3895 te
1530 3832 1789 3896 obiecta
1834 3853 1978 3895 sum
2021 3831 2328 3898 innocens
2379 3834 2744 3900 Nereidibus

673 3938 996 4000 sententia
1059 3937 1340 4021 inepta‚.
1371 3958 1665 4002 sermone
1731 3938 1842 4003 vix
1905 3936 2161 4003 Latino.
2270 3939 2451 4004 Idem
2516 3941 2585 4005 in
2647 3941 2966 4008 Prisciani

671 4042 816 4108 loco
873 4044 1104 4108 inscite
1161 4047 1494 4130 grassatus
1547 4067 1791 4109 novum
1847 4029 2133 4110 eiusdem
2180 4045 2441 4110 fabulae
2487 4047 2767 4112 frustum
2812 4072 2967 4130 quae

674 4151 821 4216 talis
865 4157 954 4216 est
989 4153 1200 4234 ynatis
1244 4156 1450 4216 tamen
1493 4153 1598 4216 vel
1632 4173 1834 4233 quaen
1871 4153 2043 4218 talist
2069 4154 2376 4235 ynaiabus
2413 4156 2548 4219 suis
2582 4155 2967 4239 procreavit,

671 4257 905 4338 quibus
954 4256 1030 4320 de
1075 4258 1266 4341 nugis
1312 4257 1624 4322 iudicium
1671 4259 1830 4323 alibi
1874 4259 2015 4323 tuli.

856 4365 975 4428 101
1028 4368 1369 4446 woporaret
1410 4363 1733 4450 Bergkius
1780 4387 1843 4448 p.
1890 4366 2045 4449 289,
2091 4369 2352 4430 temere.
