3400 5075
614 337 715 390 LII
1499 332 2032 388 COROLLARWM

706 499 1073 563 manduco
1122 491 1470 580 ἀδηφάγος
1515 498 1572 561 L
1622 528 1704 549 =
1752 496 2151 579 Pomponius
2191 495 2360 578 apud
2396 492 2688 558 Nonium

706 606 1109 671 mollicina
1154 603 1686 691 (moluciumP)
1733 598 2034 687 μαλακὸν
2084 597 2348 686 ἱμάτιον
2393 603 2484 666 L:
2532 602 2612 668 cf.
2657 601 2910 667 Novius

795 714 966 796 apud
1010 712 1299 778 Nonium

705 821 1124 885 molocrum
1179 841 1369 903 quem
1418 817 1650 882 Graeci
1706 814 2031 901 μύλικρον
2085 816 2309 880 dicunt
2365 815 2429 879 P
2468 845 2553 868 =
2600 816 2912 881 Afranius

798 927 969 1010 apud
1015 925 1282 989 Festum

707 1033 1075 1117 moragis,
1121 1033 1394 1096 nucibus
1433 1032 1649 1116 longis
1697 1031 1762 1094 P
1784 1061 1867 1082 =
1897 1030 2177 1093 Titinius
2228 1030 2400 1114 apud
2427 1030 2617 1094 Pauli
2647 1030 2909 1095 Festum

708 1139 1405 1222 obstru[du]lenta,
1453 1138 1819 1222 appetenda
1866 1136 1954 1200 P:
2003 1138 2081 1201 cf.
2112 1137 2394 1200 Titinius
2444 1137 2615 1219 apud
2643 1136 2910 1201 Feslzum

708 1247 1112 1330 oquinisco
1154 1240 1435 1308 ἐπινεύω
1482 1245 1540 1308 L
1588 1275 1669 1296 =
1717 1243 2117 1328 Pomponius
2158 1243 2329 1326 apud
2375 1242 2664 1307 Nonium

709 1353 1013 1417 senecio
1062 1347 1498 1435 γεροντάριον
1543 1351 1602 1414 L
1649 1382 1732 1402 =
1782 1351 2092 1413 Afranius
2142 1350 2312 1433 apud
2359 1350 2768 1415 Priscianum

710 1463 1067 1543 spatarro
1117 1456 1219 1522 ἐπὶ
1269 1456 1755 1540 ἐξουθενισμοῦ
1800 1457 1859 1520 L
1887 1486 1971 1508 =
2000 1456 2313 1520 Afranius
2344 1457 2517 1540 apud
2538 1454 2912 1522 Charisium

708 1565 1031 1630 taxillus
1097 1558 1650 1647 ἀστραγαλίσκος,
1714 1559 1957 1637 πεσσός
2001 1563 2078 1638 ,L
2133 1593 2217 1613 =
2275 1561 2674 1646 Pomponius
2742 1564 2910 1647 apud

798 1672 1207 1736 Priscianum

706 1779 1245 1863 tentipellium
1308 1773 1667 1860 φάρμακον
1721 1772 1888 1859 πρὸς
1942 1774 2217 1858 ῥυτίδας
2271 1777 2328 1839 L
2377 1806 2461 1827 =
2507 1776 2788 1839 Titinius
2848 1780 2915 1838 et

797 1885 1109 1950 Afranius
1159 1883 1329 1967 apud
1366 1882 1634 1946 Festum

707 1988 1364 2073 tolutiloquentia
1410 1983 1484 2052 τὸ
1535 1985 1886 2072 ἐπίτροχον
1930 1989 1990 2052 L
2020 2018 2104 2041 =
2141 1987 2395 2053 Novius
2426 1990 2596 2073 apud
2625 1990 2914 2055 Nonium

710 2119 1029 2161 uacerra
1074 2092 1420 2178 παραπλήξ
1467 2096 1526 2159 L
1572 2126 1657 2149 =
1704 2094 1930 2160 Livius
1979 2095 2150 2178 apud
2196 2094 2464 2160 Festum

622 2204 961 2267 Plautinae
1004 2203 1108 2266 uel
1149 2203 1411 2267 omnino
1455 2203 1768 2267 scaenicae
1813 2206 1927 2265 aut
1974 2201 2362 2285 antiquioris
2402 2203 2721 2266 sermonis
2768 2224 2913 2285 pro-

621 2310 802 2393 priae
848 2310 1109 2394 glossae
1154 2312 1491 2393 praeterea
1538 2308 1661 2372 hae
1711 2311 1885 2372 sunt:

714 2416 1050 2481 ancillor
1094 2410 1432 2479 κολακεύω
1480 2415 1539 2478 L
1586 2445 1669 2467 =
1717 2415 2016 2497 Titinius,
2064 2415 2301 2479 Accius
2350 2417 2519 2500 apud
2565 2415 2855 2507 Nonium

714 2522 1050 2609 appluda
1102 2518 1425 2606 κηρόβιον
1480 2522 1538 2586 L
1604 2521 1845 2606 apluda
1887 2520 2237 2605 furfurina,
2299 2522 2414 2587 alii
2460 2522 2679 2607 panici
2725 2522 2790 2586 P
2831 2552 2914 2573 =

798 2629 1088 2695 Naevius
1137 2628 1307 2712 apud
1353 2628 1542 2692 Pauli
1588 2628 1875 2710 Festum,
1920 2627 2192 2692 Plautus
2240 2629 2413 2712 apud
2458 2629 2738 2694 Gellium

716 2738 1017 2801 auritus
1064 2729 1308 2809 ὠτώεις
1351 2735 1411 2798 L
1458 2763 1543 2786 =
1589 2734 1902 2799 Afranius
1952 2735 2122 2818 apud
2167 2733 2602 2819 Macrobium,
2647 2733 2915 2798 Plautus

716 2844 994 2909 bardus
1042 2837 1452 2926 ἀναίσθητος
1478 2838 1735 2924 βραδύς
1762 2836 2002 2925 ἄφρων
2029 2835 2252 2925 ἀφυής
2278 2837 2442 2924 βλάξ
2472 2843 2528 2905 L
2574 2841 2917 2923 bardum,

803 2949 1104 3013 hebetem
1153 2950 1460 3014 stolidum
1506 2948 1934 3029 †bretendum
1973 2947 2309 3033 (blennum
2347 2949 2786 3013 Buecheler-us.-
2832 2967 2916 3009 an

804 3053 1139 3142 brutumP)
1186 3055 1251 3120 P
1273 3086 1358 3109 =
1387 3054 1730 3139 CaeciliuS,
1775 3054 2045 3120 Plautus
2094 3056 2266 3138 apud
2310 3055 2578 3119 Festum

716 3161 1053 3228 bellaria
1096 3159 1480 3246 τραγήματα
1527 3163 1585 3226 L
1632 3191 1718 3214 ===
1766 3184 1927 3226 com.
1976 3162 2147 3245 apud
2196 3161 2478 3226 Gellium

718 3270 959 3334 callet
1004 3263 1190 3332 οἶδεν
1234 3270 1293 3333 L
1338 3299 1423 3322 =
1469 3269 1868 3354 Pomponius
1916 3268 2087 3352 apud
2131 3268 2445 3352 Nonium,
2487 3268 2756 3333 Plautus
2801 3268 2918 3331 Te-

803 3375 1050 3439 tentius

717 3506 853 3567 cap
867 3483 1036 3547 ulus
1045 3533 1064 3566 ,
1103 3505 1214 3545 um
1261 3481 1584 3566 φέρετρον
1621 3483 1678 3546 L
1710 3514 1792 3535 ==
1821 3483 2091 3547 Plautus
2130 3481 2420 3545 Lucilius
2457 3481 2710 3545 Novius
2750 3479 2918 3563 apud

804 3587 1091 3653 Nonium

719 3697 967 3760 caries
998 3688 1208 3778 εὐρώς
1232 3696 1292 3760 L
1321 3727 1405 3749 =
1424 3698 1754 3781 Turpilius
1785 3697 2095 3760 Afranius
2123 3694 2414 3759 Lucilius
2445 3693 2615 3777 apud
2632 3692 2920 3758 Nonium

722 3802 1158 3867 clanculum
1206 3807 1548 3888 λαθραίως
1578 3805 1634 3867 L
1655 3834 1738 3855 =
1760 3803 1922 3867 Asta
1951 3802 2262 3867 Afranius
2291 3801 2562 3864 Plautus
2581 3800 2921 3864 Terentius

721 3909 1208 3973 clandestino
1274 3907 1496 3994 λάθρα
1551 3911 1608 3974 L
1664 3940 1748 3961 =
1804 3909 2074 3973 Plautus
2155 3907 2555 3992 Pomponius
2631 3905 2920 3971 Lucilius

810 4015 983 4098 apud
1027 4013 1318 4080 Nonium

723 4123 980 4186 clareo
1028 4116 1391 4205 εὐδοκιμέω
1439 4123 1497 4186 L
1546 4153 1627 4174 =
1675 4123 2006 4206 Turpilius
2056 4122 2226 4206 apud
2272 4122 2579 4204 Nonium,
2624 4119 2875 4182 Ennius

726 4229 1150 4293 colostrum
1204 4232 1525 4312 τροφαλίς
1568 4230 1625 4292 L
1673 4259 1758 4281 =
1801 4228 2072 4292 Plautus
2122 4228 2291 4312 apud
2345 4227 2661 4308 Nonium,
2718 4222 2921 4286 Labe-

810 4335 948 4399 rius
994 4334 1283 4399 Lucilius
