3400 5075
553 170 671 274 s20
1022 213 1118 261 ax
1154 212 1494 263 meamus
1531 212 2018 263 mosarossvlu
2057 200 2373 263 FAvas

1566 367 1820 432 XXXV

728 474 1031 540 Felicitas
1078 478 1176 539 est
1222 457 1414 559 quam
1462 479 1704 539 uocant
1750 474 2151 559 sapientiam.

1550 580 1836 645 XXXVI

734 688 882 753 Med
933 690 1071 752 esse
1120 688 1420 752 acerbum
1469 686 1624 771 sibi,
1669 688 1766 751 uti
1815 687 1934 751 sim
1983 677 2189 751 duleis
2237 688 2412 751 mihi.

1536 793 1860 858 XXXVII

596 901 684 964 50
1626 885 1818 984 aegre
1864 899 2099 963 faciam
2145 897 2305 963 filiis

1518 1004 1875 1071 XXXVIII

735 1110 801 1175 Si
850 1116 1024 1175 minc
1070 1112 1275 1196 redire
1322 1112 1543 1195 posset
1588 1112 1668 1176 ad
1718 1113 1986 1196 superos
2034 1113 2235 1195 pater,

740 1218 863 1293 Qui
910 1220 974 1281 te
1020 1221 1313 1282 tutamen
1360 1218 1498 1281 fore
1545 1222 1840 1302 sperarat
1885 1217 2169 1281 familiae

733 1322 1100 1407 Domm'que
1148 1324 1472 1409 columen,
1515 1325 1735 1388 nonne
1787 1321 1953 1411 [tibi]
2005 1324 2095 1388 sic
2142 1321 2427 1389 diceret?

555 1485 780 1549 Crispus
806 1485 888 1534 111
924 1500 994 1529 *ια
1031 1498 1154 1533 non
1192 1487 1263 1532 tu
1300 1483 1459 1532 scis’
1499 1498 1545 1534 e.
1573 1500 1622 1547 q.
1648 1498 1690 1533 s.
1763 1483 2051 1535 Excidisse
2078 1483 2331 1535 Sallustii
2356 1484 2527 1535 uerba
2563 1490 2621 1535 et
2657 1500 2855 1533 nomen

556 1560 755 1617 poetae
803 1551 949 1600 uidit
995 1549 1227 1601 Carolus
1274 1551 1526 1616 Langius
1574 1548 1762 1600 adno't.
1809 1552 1868 1600 in
1907 1550 2023 1601 Cic.
2065 1552 2221 1602 Lael.
2258 1555 2318 1603 51
2373 1568 2423 1617 p.
2459 1555 2557 1603 442
2604 1551 2752 1617 (post
2790 1553 2854 1601 A.

553 1620 767 1669 Sebotti
804 1619 918 1669 obs.
946 1619 1089 1668 hum.
1127 1619 1424 1668 Hanouiae
1454 1616 1607 1681 1615)
1680 1616 1901 1668 Comieo
1941 1622 2138 1683 poetae
2177 1619 2369 1669 tribuit
2405 1635 2600 1671 uersus
2638 1619 2855 1669 Keilius

555 1687 808 1751 idemque
837 1687 1141 1737 coustituit.
1256 1685 1459 1735 XXXV
1486 1685 1869 1747 Quintilianus
1895 1688 1972 1737 VI
1995 1690 2044 1747 3,
2068 1689 2133 1737 97
2161 1687 2457 1737 ‘adiuuant
2479 1688 2853 1738 urbanitatem

555 1761 611 1804 et
637 1770 831 1804 uersus
859 1753 1137 1803 commode
1163 1753 1358 1818 positi,
1386 1768 1483 1804 seu
1508 1754 1630 1814 toti,
1658 1759 1722 1802 ut
1750 1758 1899 1804 sunt.
1921 1792 1933 1804 .
1956 1769 2078 1804 .seu
2106 1756 2293 1804 uerbis
2318 1771 2384 1804 ex
2411 1760 2570 1819 parte
2598 1756 2854 1817 mutatis;

552 1827 615 1871 ut
639 1823 696 1871 in
722 1836 872 1881 eum,
913 1822 1024 1885 qui,
1053 1836 1176 1870 cum
1203 1825 1372 1871 antea
1397 1819 1757 1871 stultissimus
1783 1826 1931 1871 esset
1956 1822 2202 1883 habitus,
2239 1827 2366 1888 post
2391 1829 2676 1888 acceptam
2702 1822 2855 1872 here·

554 1890 782 1939 ditatem
824 1890 1031 1952 primus
1068 1889 1405 1938 sententiam
1453 1888 1781 1953 rogabatur:
1826 1888 2178 1939 hereditas
2225 1894 2329 1939 est
2372 1905 2560 1954 quam
2607 1894 2857 1942 uocant

556 1957 999 2022 sapientiam,
1048 1971 1147 2020 pro
1192 1954 1313 2005 illo:
1364 1955 1685 2005 felicitas
1733 1960 1877 2005 est.’
1963 1953 2188 2015 (cuius
2232 1957 2591 2008 hereditas
2625 1959 2853 2018 Amant.

560 2031 618 2074 et
678 2039 816 2073 corr.
877 2023 1058 2074 Turic.
1226 2022 1577 2085 falicitas,
1632 2038 1771 2075 corr.
1830 2023 2148 2073 felicitas
2200 2026 2446 2075 Ambros.
2503 2025 2857 2076 facillitas

556 2095 774 2143 Monac.
814 2090 1135 2141 facilitas
1185 2091 1358 2141 ceteri
1405 2090 1560 2154 libri,
1601 2090 1743 2155 quod
1782 2091 1952 2140 etiam
1989 2091 2240 2141 Halmius
2277 2092 2558 2157 probauit)
2607 2092 2859 2143 Contulit

557 2160 837 2223 Hauptius
883 2159 1068 2209 Herm.
1113 2159 1187 2208 1v
1234 2160 1300 2209 35
1347 2174 1413 2207 ex
1460 2158 1746 2208 Menandri
1792 2158 2230 2223 Hypobolimaeo
2284 2160 2348 2209 fr.
2397 2162 2491 2209 471
2550 2152 2855 2211 παύσασθε

556 2225 697 2277 νοῦν
736 2221 987 2289 ἔχοντες·
1028 2216 1169 2277 οὐδὲ
1208 2218 1318 2292 yde
1354 2223 1531 2277 πλέον
1561 2217 1950 2291 Ἀνθρῶπινος
1986 2225 2124 2285 νοῦς
2159 2219 2312 2278 ἐστὶν
2349 2218 2489 2277 ἄλλο
2525 2227 2626 2294 τῆς
2663 2223 2856 2293 τύχης,

556 2301 619 2344 ut
658 2295 891 2345 fortasse
933 2292 1174 2346 Caecilii
1211 2295 1285 2343 sit
1317 2293 1649 2343 uersiculus.
1792 2294 2023 2343 XXXVI
2062 2295 2255 2344 Cicero
2295 2296 2454 2360 epist.
2493 2296 2560 2345 ad
2607 2296 2737 2345 fam.
2776 2297 2856 2346 111

556 2366 607 2425 8,
645 2364 677 2412 8
716 2367 859 2411 ‘cum
897 2365 953 2411 et
988 2368 1191 2412 natura
1228 2376 1444 2426 semper
1480 2360 1550 2410 ad
1588 2361 1936 2424 largiendum
1975 2377 2041 2411 ex
2080 2362 2264 2412 alieno
2311 2362 2506 2411 fuerim
2554 2362 2859 2413 restrictior

560 2440 615 2480 et
671 2430 1037 2494 temporibus,
1093 2429 1294 2493 quibus
1341 2428 1439 2478 alii
1486 2433 1804 2490 mouentur,
1857 2429 2030 2480 isdem
2078 2444 2177 2494 ego
2223 2444 2468 2490 mouear,
2535 2447 2629 2480 me
2685 2435 2857 2480 esse'

561 2514 607 2551 e.
645 2513 697 2561 q.
736 2512 779 2553 s,
921 2496 1183 2548 XXXVII
1220 2496 1503 2547 Charisius
1530 2513 1582 2563 p.
1611 2498 1709 2547 176
1738 2497 1796 2546 Ρ.
1836 2501 1884 2545 ‘¹0¹
1923 2512 2000 2546 ae
2062 2511 2128 2547 re
2166 2498 2205 2548 f.
2246 2497 2283 2547 f.
2321 2497 2491 2548 idem
2527 2499 2589 2548 in
2629 2497 2855 2549 eadem

558 2579 587 2614 ια
623 2565 908 2616 subaudiri
954 2565 1122 2614 debet
1166 2565 1420 2628 uerbum,
1470 2571 1532 2615 ut
1570 2566 1644 2614 sit
1690 2580 1912 2630 aegre.
1984 2582 2017 2615 a
2044 2567 2149 2615 iter
2184 2565 2415 2616 Plautus
2465 2568 2521 2616 in
2569 2566 2858 2616 Bacchidi-

560 2635 682 2683 bus’
724 2649 768 2683 e.
809 2647 861 2697 q.
900 2649 943 2683 s.
1016 2633 1301 2691 Lacunas,
1341 2633 1540 2697 quibus
1574 2636 1633 2682 et
1668 2635 1861 2682 nomen
1902 2639 1961 2682 et
1996 2649 2188 2683 uersus
2224 2641 2453 2699 poetae,
2495 2635 2651 2683 cuius
2687 2635 2859 2683 uerba

562 2702 745 2768 priore
782 2701 906 2751 loco
945 2699 1143 2749 relicta
1167 2706 1321 2761 sunt,
1360 2700 1686 2750 exciderunt
1711 2699 1928 2750 Keilius
1963 2700 2253 2754 indicauit.
2395 2702 2682 2751 XXXVIII
2722 2700 2857 2750 Cha·

559 2770 724 2820 risius
770 2770 815 2817 V
865 2784 918 2832 p.
963 2770 1062 2818 252
1109 2768 1169 2819 Ρ.
1216 2772 1339 2833 ‘per
1385 2769 1869 2832 prosopopoeiam,
1919 2784 2040 2818 cum
2090 2768 2377 2834 loquentes
2427 2769 2705 2834 finguntur
2765 2768 2858 2832 qui

560 2836 695 2887 nulli
734 2840 888 2897 suut,
926 2842 1236 2899 tamquam:
1276 2836 1336 2885 si
1373 2839 1573 2885 nunc’
1614 2852 1662 2885 e.
1705 2851 1755 2900 q.
1794 2850 1835 2886 s.

565 3019 629 3074 G.
679 3003 1248 3089 Waqnerus‘ephcm.
1278 3030 1537 3087 qymnas.
1576 3012 1737 3069 1855
1765 3032 1825 3084 p.
1867 3012 1981 3070 192
2114 3015 2304 3088 quine
2347 3015 2469 3070 cod.
2510 3017 2636 3089 quin
2681 3024 2734 3071 et
2770 3018 2856 3072 ed.

558 3120 652 3175 pr.
764 3099 903 3155 haud
937 3098 1120 3154 faciles
1151 3097 1376 3153 ‹lesensu
1401 3108 1529 3154 sunt
1561 3099 1691 3171 quin
1725 3102 2055 3154 coniecerat
2087 3100 2148 3155 L.
2171 3099 2416 3155 Mueller
2446 3101 2517 3154 de
2539 3117 2604 3155 rc
2627 3099 2860 3170 m.430,

563 3191 664 3260 qui
706 3189 763 3241 in
821 3200 963 3240 mus.
1014 3184 1200 3239 Rben.
1246 3182 1467 3239 XXIV
1503 3181 1625 3237 242
1684 3181 1871 3239 Keilio
1916 3186 2199 3239 adsensus
2253 3191 2337 3239 est
2508 3183 2588 3240 48
2636 3184 2861 3239 felicitas

563 3273 805 3342 scripsi,
854 3271 952 3324 cui
979 3269 1249 3324 substitui
1278 3269 1502 3323 totidem
1533 3268 1773 3338 syllabis
1802 3266 2072 3322 hereditas
2098 3275 2328 3340 posset.-
2376 3261 2534 3343 [item
2564 3269 2864 3339 Hauplius

563 3358 603 3412 l.
637 3350 706 3432 1.]
742 3373 793 3410 ιι.
830 3370 1031 3425 supra.
1178 3362 1262 3408 est
1291 3353 1552 3408 Ambra-s,
1586 3360 1735 3407 esset
1765 3352 1995 3408 Monac.
2028 3354 2262 3425 Arqent.
2434 3350 2515 3409 49
2547 3352 2666 3408 med
2701 3353 2860 3408 Mar·

567 3440 961 3513 tyni-Laquna
1008 3454 1092 3493 me
1125 3438 1249 3493 cod.
1412 3438 1488 3492 uti
1532 3439 1749 3509 scripsi
1792 3444 1850 3491 ut
1881 3437 2005 3493 cod.
2139 3436 2310 3509 pulcis
2351 3437 2524 3507 Med„
2557 3439 2683 3493 olim
2729 3454 2860 3493 eor·

566 3532 788 3582 rectum
958 3521 1040 3579 52
1087 3521 1204 3577 sore
1234 3530 1476 3595 sperarat
1505 3521 1937 3578 Lindemannus
1966 3520 2086 3576 fore
2119 3537 2336 3594 sperare
2368 3522 2491 3577 cod.
2527 3521 2646 3576 fore
2675 3538 2863 3594 parare

569 3612 657 3667 ed.
707 3627 802 3681 pr.
851 3607 967 3662 fore
1012 3613 1227 3679 putarat
1257 3606 1565 3663 Fabricius
1735 3605 1816 3662 53
1863 3605 2166 3660 incolumen
2215 3607 2301 3661 ed.
2333 3623 2424 3677 pr.
2557 3605 2862 3661 nonnetibi

567 3697 783 3766 scripsi
812 3694 844 3747 fi
876 3693 1000 3747 cod.
1041 3693 1251 3748 litteris
1294 3692 1480 3747 tribus
1509 3694 1601 3747 uel
1632 3697 1910 3764 quattuor
1938 3693 1994 3745 in
2039 3692 2230 3745 lineae
2258 3693 2376 3762 fine
2405 3692 2619 3758 deletiS,
2669 3708 2862 3763 quam-

569 3797 739 3854 quam
786 3780 953 3832 etiam
980 3778 1116 3848 plus
1160 3777 1524 3832 intercidisse
1559 3779 1763 3847 possit.
1853 3790 2033 3830 nonne
2078 3781 2235 3847 potes
2268 3776 2355 3830 ed.
2399 3792 2516 3846 pr„
2561 3778 2620 3830 in
2661 3776 2865 3847 quibus

571 3875 759 3920 tamen
791 3871 948 3934 potes
981 3877 1186 3917 errore
1218 3864 1524 3933 confictum
1554 3860 1871 3916 uidetur-H.
1891 3859 2078 3914 Keilio
2097 3883 2112 3911 .·
2143 3863 2358 3916 namin
2382 3861 2503 3915 cod.
2538 3875 2663 3915 cum
2687 3861 2865 3916 uerbo

573 3949 747 4004 redire
781 3949 1118 4002 terminetur
1145 3947 1321 4014 linea,
1367 3948 1423 3999 ei
1449 3945 1699 4001 additum
1742 3947 1847 4000 sed
1871 3947 2032 4018 siquo
2072 3936 2142 4006 Ι-
2171 3945 2513 4000 disiunctum
2557 3947 2673 4018 1692·
2710 3960 2804 4016 p..
2826 3986 2864 4008 .,

570 4033 724 4107 quod
766 4048 894 4088 cum
940 4031 1020 4085 ad
1059 4033 1417 4101 superiorem
1460 4031 1669 4085 lineam
1718 4029 1940 4100 referri
1973 4031 2264 4104 debuerit,
2307 4030 2466 4101 falso
2504 4036 2711 4101 postea
2750 4045 2866 4099 pro

570 4118 872 4189 inferioris
916 4118 1078 4171 exilu
1122 4115 1375 4170 habitum
1431 4129 1571 4169 esse.
1618 4130 1799 4169 nonne
1846 4122 2006 4186 putas
2052 4115 2361 4170 Fabricius
2411 4129 2590 4169 noune
2634 4112 2766 4168 haec
2808 4116 2866 4168 in

574 4205 698 4260 cod.
746 4216 871 4258 esse
916 4201 1216 4255 aduolauit
1261 4199 1715 4268 Lindemannus,
1765 4201 1915 4256 unde
1961 4214 2141 4254 nonne
2186 4197 2314 4254 haee
2361 4196 2454 4254 tibi
2502 4198 2728 4255 Keilius
