3400 5075
1487 287 1551 339 L.
1589 287 1949 340 AFRANIVS
2597 356 2599 360 ¹
2753 294 2869 358 197

1611 443 1708 507 XI
1755 442 1856 531 (9)

972 605 983 617 .
1076 557 1231 619 noui
1281 555 1559 621 amicum
1608 563 1799 643 atque
1848 565 2180 646 aequalem
2228 587 2460 630 meum.

1589 683 1715 747 XII
1766 682 1867 770 (7)
2582 759 2587 764 ,

1073 845 1086 857 .
1179 817 1370 878 quam
1419 795 1580 882 mihi
1632 799 1717 862 sit
1763 805 1952 884 grata
1998 800 2204 885 ipsius
2252 804 2621 888 obsequella

1569 922 1732 986 XIII
1779 922 1880 1011 (3)

750 1034 1176 1099 Iucunditatis
1224 1037 1368 1120 plus
1416 1037 1587 1101 inest
1632 1038 1699 1100 in
1746 1042 1811 1102 te
1859 1040 2014 1103 mihi

752 1149 957 1227 Quam
1005 1152 1447 1216 commercatis
1496 1155 1853 1237 ednquisite
1902 1156 2214 1220 edulibus,

1539 1267 1697 1332 XIV
1747 1267 1893 1352 (16)

573 1385 702 1447 260
751 1383 926 1458 Quae
973 1385 1093 1446 nos
1142 1383 1418 1446 solemus
1467 1384 1674 1446 faicere
1723 1384 1955 1448 festino
2005 1386 2137 1469 die,

753 1495 1096 1562 Cotidiano
1149 1494 1266 1583 [tu]
1317 1501 1508 1582 o'pere
1555 1499 1872 1581 promisce
1921 1500 2167 1563 omnia:

747 1612 971 1696 Aeque
1016 1613 1300 1697 profesto
1353 1610 1450 1698 [ac
1497 1608 1687 1697 fe'sto]
1740 1614 2149 1677 concelebres
2194 1617 2430 1678 focum.

568 1809 784 1872 possit)
853 1808 1002 1873 Ergo
1040 1807 1107 1857 de
1147 1807 1374 1857 muliere
1413 1824 1589 1858 sermo
1628 1813 1730 1857 est.
1870 1809 1946 1858 xl
1982 1809 2192 1858 Nonius
2230 1812 2356 1871 235,
2396 1813 2461 1860 29
2508 1813 2866 1878 ‘aequales

564 1891 775 1926 rursum
822 1878 1095 1940 aequaeui
1129 1912 1141 1924 .
1168 1914 1180 1926 .
1209 1914 1221 1928 .
1256 1919 1266 1929 .
1299 1875 1563 1926 Afranius
1611 1876 1900 1940 Priuigno:
1950 1877 2099 1925 noui’
2140 1893 2185 1925 e.
2225 1893 2272 1940 q.
2312 1892 2356 1927 s.
2506 1880 2615 1929 xil
2651 1882 2866 1931 Nonius

565 1945 682 2007 216,
720 1947 751 1992 2
790 1943 1252 2006 ‘obsequelam
1293 1943 1558 1992 feminino
1595 1979 1607 1990 .
1635 1978 1648 1992 .
1675 1979 1686 1991 .
1717 1981 1730 1993 .
1770 1943 2033 1992 Afranius
2072 1944 2360 2007 Priuigno:
2414 1952 2600 2010 quam’
2639 1965 2684 1998 e.
2723 1965 2773 2012 q.
2814 1966 2858 1999 s.

697 2011 836 2061 xm
875 2012 1087 2061 Nonius
1112 2013 1194 2071 28,
1222 2013 1288 2060 29
1324 2010 1645 2075 ‘flagriones
1682 2010 1814 2060 dieti
1841 2012 2014 2071 serui,
2054 2011 2198 2074 quod
2227 2012 2412 2075 flagris
2437 2016 2676 2065 subiecti
2713 2023 2860 2079 sunt,

564 2083 625 2125 ut
650 2079 980 2128 uerberones
1006 2095 1038 2128 a
1064 2078 1406 2127 uerberibue.
1480 2078 1745 2134 Afranius
1770 2079 2008 2141 Vopisci>
2049 2076 2241 2142 [XXV]
2285 2081 2634 2143 Priuigno:
2676 2085 2864 2132 iucun-

565 2139 775 2196 ditati‘s'
822 2162 868 2195 e.
920 2162 969 2210 q,
1018 2162 1060 2194 S.
1147 2143 1460 2208 (Excidisse
1508 2145 1705 2195 lemma
1760 2145 1990 2194 edulia
2038 2152 2223 2195 monet
2269 2146 2573 2211 Mercerus)
2735 2152 2864 2200 xlv

564 2213 772 2263 Nonius
816 2217 941 2273 4:54,
991 2215 1052 2261 16
1103 2213 1437 2277 ‘profesti
1496 2218 1562 2260 et
1616 2214 1782 2263 festi
1830 2213 1978 2263 dies
2030 2212 2417 2264 discernuntur
2461 2217 2570 2265 sic:
2629 2219 2864 2282 profesti

563 2287 693 2330 sunt
740 2298 773 2330 a
831 2282 1144 2330 festiuitate
1201 2282 1406 2330 ωλι-υἱ)
1495 2281 1696 2330 Festus
1743 2298 1791 2344 p.
1839 2284 1938 2331 229
1985 2281 2058 2335 Μ.
2106 2281 2441 2345 ‘profesti
2486 2283 2629 2333 dies
2685 2283 2858 2350 dih-ti,

566 2348 710 2412 quod
755 2350 867 2397 sint
912 2348 1102 2412 procul
1150 2364 1182 2395 a
1232 2348 1498 2413 religione
1546 2347 1808 2413 numinis]
1856 2348 2044 2400 diuini.
2131 2348 2415 2398 Caecilius
2460 2377 2527 2384 —
2570 2378 2634 2385 -—-
2675 2348 2863 2416 [Afra-

565 2413 715 2482 nius]
757 2418 820 2465 in
859 2416 1213 2480 Priuigno:
1253 2432 1326 2465 ae
1356 2451 2836 2471 ..............................
2844 2425 2860 2449 ’

690 2595 810 2679 2157
859 2596 1003 2651 illius
1068 2595 1261 2651 Urbin.
1311 2596 1434 2653 308
1492 2597 1666 2650 Harl.
1726 2595 1864 2651 Par.
1914 2596 1989 2662 Q,
2052 2596 2384 2666 Stephanus
2568 2582 2861 2672 obsequela

559 2684 694 2738 libri
748 2679 1099 2753 obsequentia
1159 2680 1401 2735 Bolhius
1587 2678 1709 2735 258
1765 2680 1906 2734 inest
1961 2681 2098 2735 libri
2147 2683 2411 2752 plerique
2468 2690 2551 2737 est
2624 2683 2699 2736 W

562 2766 683 2822 259
731 2765 785 2820 iu
822 2774 956 2835 post
1002 2780 1158 2837 quam
1205 2766 1435 2821 uidetur
1465 2766 1830 2829 inserendum
1863 2780 1988 2820 esse
2159 2766 2462 2836 conquisile
2494 2767 2647 2822 Leid.
2680 2769 2855 2823 Harl.

559 2852 703 2906 Par.
749 2850 819 2920 P,
865 2849 1196 2919 Stephanus
1249 2850 1565 2922 consequite
1612 2853 1795 2903 celeri
1844 2850 2010 2919 libri,
2069 2852 2124 2902 in
2171 2866 2282 2919 quo
2326 2851 2675 2922 conquaesite
2716 2855 2860 2908 latet

559 2936 915 3007 (consequere
955 2934 1147 2990 Urbin.
1182 2932 1322 3007 307)
1500 2933 1624 2990 260
1668 2949 1772 3004 quc
1820 2934 1889 2987 W
1919 2949 2077 3005 quem
2111 2935 2196 2988 ecl.
2223 2951 2320 3003 pr.
2476 2951 2574 2989 uos
2619 2935 2858 2991 solemus

531 3022 735 3081 ¹facere
792 3019 990 3073 festiue
1039 3018 1303 3088 Scaliqer
1360 3017 1483 3073 festi
1529 3017 1704 3088 (sestis
1751 3016 1893 3072 Par.
1940 3014 2011 3087 P)
2056 3017 2230 3072 facere
2276 3034 2374 3072 nos
2420 3017 2659 3073 solemus
2702 3022 2858 3089 libri,

559 3110 615 3160 in
662 3105 865 3176 quibus
912 3102 1108 3157 festino
1143 3102 1348 3158 Iunius
1379 3109 1720 3174 aqnoueral.
1771 3101 1908 3157 sesto
1956 3102 2128 3157 facere
2162 3119 2268 3156 nou
2300 3100 2538 3156 solemus
2569 3119 2670 3157 nos
2703 3105 2854 3159 Her-

559 3205 803 3245 mamms
843 3191 880 3242 l.
926 3189 967 3242 l.
1016 3186 1173 3255 285,
1231 3191 1289 3241 in
1335 3187 1542 3258 quibus
1586 3186 1729 3240 sesto
1770 3190 2028 3257 praeiuil
2072 3187 2397 3241 Merccrus.
2490 3186 2631 3241 sesto
2679 3187 2856 3243 facere

560 3290 660 3329 nos
714 3272 954 3327 solemus
1009 3272 1060 3325 in
1121 3272 1404 3343 Guyetus,
1463 3273 1724 3343 idemque
1782 3287 1913 3343 eqo,
1982 3274 2096 3325 nisi
2147 3272 2301 3341 quod
2356 3269 2516 3324 modo
2575 3278 2711 3327 ante
2768 3272 2855 3327 die

558 3360 738 3413 inseri
793 3357 1054 3412 uolebam
1249 3355 1373 3410 sesti
1428 3358 1740 3411 localinum
1807 3359 2232 3425 interpretatur
2300 3345 2641 3411 Huschla‘us
2704 3358 2852 3411 stud.

559 3443 722 3499 Rom.
755 3441 787 3496 1
831 3438 984 3510 235,
1029 3447 1343 3511 praetcrea
1390 3457 1498 3495 non
1540 3458 1651 3511 pro
1698 3456 1800 3494 nos
1845 3440 2022 3494 scribi
2062 3439 2292 3493 iubens.-
2335 3440 2480 3493 illud
2523 3442 2856 3497 credibilius

558 3532 734 3591 esset,
792 3529 844 3580 si
894 3525 964 3579 (le
1017 3525 1128 3580 hoc
1172 3526 1373 3579 ordine
1427 3541 1562 3597 quae
1606 3541 1715 3580 non
1762 3523 1999 3578 solemus
2047 3522 2219 3577 facere
2265 3521 2365 3575 nisi
2423 3522 2548 3577 sesti
2594 3523 2679 3579 die
2723 3541 2854 3580 con·

558 3616 743 3666 staret
873 3607 991 3665 261
1028 3608 1341 3681 quotidiano
1369 3617 1426 3663 tu
1451 3624 1616 3682 opere
1645 3607 2019 3663 Hermcmuus
2041 3606 2310 3661 cotidiano
2334 3604 2650 3676 (cottidiano
2676 3609 2854 3679 Leid.)

559 3711 725 3767 opere
766 3695 905 3749 libri
943 3695 1207 3764 plerique
1251 3709 1444 3748 omnes
1502 3692 1791 3765 quatriduo
1849 3708 2013 3765 opere
2071 3691 2263 3747 Palal.
2309 3690 2579 3747 cotidiano
2627 3709 2853 3766 operare

559 3780 778 3835 mauult
828 3777 1224 3833 Buechelcrus
1265 3777 1572 3832 cotidianod
1621 3793 1784 3850 opere
1830 3793 1942 3832 non
1988 3778 2173 3831 ausim
2352 3777 2620 3848 promisce
2674 3779 2851 3833 onnuia

557 3865 769 3933 scripsi
796 3862 1074 3935 promiscii
1106 3861 1283 3916 omnia
1317 3858 1553 3931 (omnino
1574 3861 1723 3935 Par.
1749 3861 1817 3931 P)
1848 3861 1984 3917 libri
2011 3860 2317 3933 promiscue
2342 3860 2518 3914 omnia
2541 3868 2675 3915 ante
2699 3861 2852 3916 Mer·

558 3963 755 4002 cerum
786 3947 1082 4020 promisces
1108 3946 1282 4001 omnia
1305 3946 1510 4002 Iunius
1533 3943 1747 4015 (misces
1774 3946 1930 4017 ferri
1943 3943 2199 4015 poterae)
2230 3946 2343 4014 agis
2369 3945 2673 4017 promiscue
2699 3945 2851 4000 Her·

559 4048 806 4086 mannus
978 4029 1098 4086 262
1145 4046 1313 4103 aeque
1358 4030 1604 4103 profesto
1636 4046 1695 4084 ac
1725 4030 1866 4084 sesto
1898 4026 2241 4085 concelebras
2274 4028 2650 4085 Hermannus
2679 4047 2850 4103 aeque

558 4114 801 4188 profesto
832 4113 1176 4170 concelebras
1204 4116 1341 4171 libri
1367 4122 1420 4168 at
1452 4131 1588 4187 quae
1619 4114 1888 4187 profesto,
1919 4122 2132 4168 contra:
2163 4129 2284 4168 cum
2316 4111 2556 4168 celebras
2589 4114 2852 4186 Scaliger

556 4208 609 4254 at
641 4216 776 4272 quae
806 4199 1065 4272 profesta,
1098 4207 1284 4254 contra
1316 4215 1374 4254 ea
1406 4197 1752 4267 concelebras
1780 4198 2076 4255 Bolliius2
2185 4196 2567 4253 concelebrans
2595 4198 2850 4254 Gebhar-

556 4286 684 4355 ἀαε,
717 4301 792 4340 ac
812 4292 1012 4355 posset
1042 4287 1226 4355 ipsum
1258 4282 1602 4339 concelebras
1625 4286 2001 4357 participium
2037 4298 2161 4339 esse
2301 4282 2479 4338 iorum
2510 4284 2850 4341 Huscbkius
2953 4288 2961 4300 ’
