<?xml version="1.0" encoding="UTF-8"?>
<!DOCTYPE html PUBLIC "-//W3C//DTD XHTML 1.0 Transitional//EN"
    "http://www.w3.org/TR/xhtml1/DTD/xhtml1-transitional.dtd">
<html xmlns="http://www.w3.org/1999/xhtml" xml:lang="en" lang="en">
 <head>
  <title>
</title>
<meta http-equiv="Content-Type" content="text/html;charset=utf-8" />
  <meta name='ocr-system' content='tesseract 3.04.00' />
  <meta name='ocr-capabilities' content='ocr_page ocr_carea ocr_par ocr_line ocrx_word'/>
</head>
<body>
  <div class='ocr_page' id='page_1' title='image "./comicorumromano00teregoog_0174.png"; bbox 0 0 3400 5075; ppageno 0'>
   <div class='ocr_carea' id='block_1_1' title="bbox 601 359 2052 422">
    <p class='ocr_par' dir='ltr' id='par_1_1' title="bbox 601 359 2052 422">
     <span class='ocr_line' id='line_1_1' title="bbox 601 359 2052 422; baseline 0 -12"><span class='ocrx_word' id='word_1_1' title='bbox 601 360 684 422; x_wconf 85' lang='lat'><strong>36</strong></span> <span class='ocrx_word' id='word_1_2' title='bbox 1324 359 1713 411; x_wconf 81' lang='lat' dir='ltr'>CAECILIVS</span> <span class='ocrx_word' id='word_1_3' title='bbox 1749 360 2052 411; x_wconf 79' lang='lat' dir='ltr'><strong>STATlvs</strong></span> 
     </span>
    </p>
   </div>
   <div class='ocr_carea' id='block_1_2' title="bbox 781 514 2561 717">
    <p class='ocr_par' dir='ltr' id='par_1_2' title="bbox 781 514 2561 717">
     <span class='ocr_line' id='line_1_2' title="bbox 1638 516 1822 580; baseline 0.005 -1"><span class='ocrx_word' id='word_1_4' title='bbox 1638 516 1703 579; x_wconf 96' lang='lat' dir='ltr'><strong>II</strong></span> <span class='ocrx_word' id='word_1_5' title='bbox 1780 517 1822 580; x_wconf 80' lang='lat'><strong><em>2</em></strong></span> 
     </span>
     <span class='ocr_line' id='line_1_3' title="bbox 781 514 2561 717; baseline 0 -22"><span class='ocrx_word' id='word_1_6' title='bbox 781 630 863 695; x_wconf 89' lang='lat' dir='ltr'><strong>Ei</strong></span> <span class='ocrx_word' id='word_1_7' title='bbox 910 631 1098 715; x_wconf 77' lang='lat' dir='ltr'><strong>perii:</strong></span> <span class='ocrx_word' id='word_1_8' title='bbox 1146 630 1297 713; x_wconf 90' lang='lat' dir='ltr'><strong>quid</strong></span> <span class='ocrx_word' id='word_1_9' title='bbox 1345 631 1438 696; x_wconf 81' lang='lat' dir='ltr'><strong>ita</strong></span> <span class='ocrx_word' id='word_1_10' title='bbox 1483 514 1778 696; x_wconf 74' lang='lat' dir='ltr'><strong>numero(</strong></span> <span class='ocrx_word' id='word_1_11' title='bbox 1801 514 2025 695; x_wconf 53' lang='lat' dir='ltr'><strong>genit‘?</strong></span> <span class='ocrx_word' id='word_1_12' title='bbox 2080 632 2235 717; x_wconf 75' lang='lat' dir='ltr'><strong>fuge</strong></span> <span class='ocrx_word' id='word_1_13' title='bbox 2283 633 2561 696; x_wconf 88' lang='lat' dir='ltr'><strong>domum.</strong></span> 
     </span>
    </p>
   </div>
   <div class='ocr_carea' id='block_1_3' title="bbox 1510 790 1981 877">
    <p class='ocr_par' dir='ltr' id='par_1_3' title="bbox 1510 790 1981 877">
     <span class='ocr_line' id='line_1_4' title="bbox 1510 790 1981 877; baseline 0 -22"><span class='ocrx_word' id='word_1_14' title='bbox 1510 791 1608 855; x_wconf 95' lang='lat' dir='ltr'><strong>III</strong></span> <span class='ocrx_word' id='word_1_15' title='bbox 1657 790 1981 877; x_wconf 87' lang='lat' dir='ltr'><strong>(Aescbr.)</strong></span> 
     </span>
    </p>
   </div>
   <div class='ocr_carea' id='block_1_4' title="bbox 779 904 2496 990">
    <p class='ocr_par' dir='ltr' id='par_1_4' title="bbox 779 904 2496 990">
     <span class='ocr_line' id='line_1_5' title="bbox 779 904 2496 990; baseline 0.001 -21"><span class='ocrx_word' id='word_1_16' title='bbox 779 904 974 969; x_wconf 65' lang='lat' dir='ltr'><strong>Ortim</strong></span> <span class='ocrx_word' id='word_1_17' title='bbox 1021 905 1299 988; x_wconf 89' lang='lat' dir='ltr'><strong>reperire</strong></span> <span class='ocrx_word' id='word_1_18' title='bbox 1346 906 1621 989; x_wconf 84' lang='lat' dir='ltr'><strong>millam,</strong></span> <span class='ocrx_word' id='word_1_19' title='bbox 1667 929 1861 989; x_wconf 88' lang='lat' dir='ltr'><strong>quam</strong></span> <span class='ocrx_word' id='word_1_20' title='bbox 1908 906 2267 989; x_wconf 62' lang='lat' dir='ltr'><strong>expediam,</strong></span> <span class='ocrx_word' id='word_1_21' title='bbox 2313 928 2496 990; x_wconf 88' lang='lat' dir='ltr'><strong>queo.</strong></span> 
     </span>
    </p>
   </div>
   <div class='ocr_carea' id='block_1_5' title="bbox 776 1046 2894 1246">
    <p class='ocr_par' dir='ltr' id='par_1_5' title="bbox 776 1046 2894 1246">
     <span class='ocr_line' id='line_1_6' title="bbox 1632 1046 1845 1110; baseline 0 0"><span class='ocrx_word' id='word_1_22' title='bbox 1632 1046 1728 1110; x_wconf 92' lang='lat' dir='ltr'><strong>IV</strong></span> <span class='ocrx_word' id='word_1_23' title='bbox 1805 1048 1845 1110; x_wconf 92' lang='lat'><strong>3</strong></span> 
     </span>
     <span class='ocr_line' id='line_1_7' title="bbox 776 1046 2894 1246; baseline 0 -21"><span class='ocrx_word' id='word_1_24' title='bbox 776 1158 939 1225; x_wconf 77' lang='lat' dir='ltr'><strong>Cum</strong></span> <span class='ocrx_word' id='word_1_25' title='bbox 984 1159 1303 1227; x_wconf 84' lang='lat' dir='ltr'>Mercurio</span> <span class='ocrx_word' id='word_1_26' title='bbox 1351 1162 1525 1246; x_wconf 57' lang='lat' dir='ltr'><strong>capit</strong></span> <span class='ocrx_word' id='word_1_27' title='bbox 1569 1046 1936 1244; x_wconf 46' lang='lat' dir='ltr'><strong>consiliuin,</strong></span> <span class='ocrx_word' id='word_1_28' title='bbox 1991 1164 2334 1245; x_wconf 80' lang='lat' dir='ltr'><strong>postquam</strong></span> <span class='ocrx_word' id='word_1_29' title='bbox 2390 1162 2675 1226; x_wconf 62' lang='lat' dir='ltr'><strong>sentinet</strong></span> <span class='ocrx_word' id='word_1_30' title='bbox 2720 1161 2894 1225; x_wconf 76' lang='lat' dir='ltr'><strong>satie.</strong></span> 
     </span>
    </p>
   </div>
   <div class='ocr_carea' id='block_1_6' title="bbox 684 1302 2849 1503">
    <p class='ocr_par' dir='ltr' id='par_1_6' title="bbox 684 1302 2849 1503">
     <span class='ocr_line' id='line_1_8' title="bbox 1714 1302 1776 1367; baseline 0 -56"><span class='ocrx_word' id='word_1_31' title='bbox 1714 1302 1776 1367; x_wconf 74' lang='lat' dir='ltr'><strong>V</strong></span> 
     </span>
     <span class='ocr_line' id='line_1_9' title="bbox 684 1418 2849 1503; baseline 0.001 -22"><span class='ocrx_word' id='word_1_32' title='bbox 684 1418 726 1481; x_wconf 85' lang='lat'>5</span> <span class='ocrx_word' id='word_1_33' title='bbox 775 1469 787 1481; x_wconf 93' lang='lat'><strong>.</strong></span> <span class='ocrx_word' id='word_1_34' title='bbox 835 1422 1153 1502; x_wconf 84' lang='lat' dir='ltr'><strong>actutum,</strong></span> <span class='ocrx_word' id='word_1_35' title='bbox 1200 1420 1427 1503; x_wconf 80' lang='lat' dir='ltr'><strong>uoltis,</strong></span> <span class='ocrx_word' id='word_1_36' title='bbox 1474 1423 1691 1502; x_wconf 86' lang='lat' dir='ltr'><strong>empta</strong></span> <span class='ocrx_word' id='word_1_37' title='bbox 1742 1421 1865 1482; x_wconf 83' lang='lat' dir='ltr'><strong>est:</strong></span> <span class='ocrx_word' id='word_1_38' title='bbox 1912 1418 2138 1502; x_wconf 77' lang='lat' dir='ltr'><strong>uoltis,</strong></span> <span class='ocrx_word' id='word_1_39' title='bbox 2183 1439 2316 1482; x_wconf 89' lang='lat' dir='ltr'><strong>non</strong></span> <span class='ocrx_word' id='word_1_40' title='bbox 2364 1422 2581 1502; x_wconf 86' lang='lat' dir='ltr'><strong>empta</strong></span> <span class='ocrx_word' id='word_1_41' title='bbox 2627 1420 2726 1483; x_wconf 75' lang='lat' dir='ltr'><strong>est</strong></span> <span class='ocrx_word' id='word_1_42' title='bbox 2773 1470 2786 1483; x_wconf 92' lang='lat'><strong>.</strong></span> <span class='ocrx_word' id='word_1_43' title='bbox 2836 1469 2849 1482; x_wconf 95' lang='lat'><strong>.</strong></span> 
     </span>
    </p>
   </div>
   <div class='ocr_carea' id='block_1_7' title="bbox 575 1663 2901 3143">
    <p class='ocr_par' dir='ltr' id='par_1_7' title="bbox 575 1663 2901 3143">
     <span class='ocr_line' id='line_1_10' title="bbox 581 1663 2897 1731; baseline 0.003 -22"><span class='ocrx_word' id='word_1_44' title='bbox 581 1664 1153 1717; x_wconf 77' lang='lat' dir='ltr'><strong>,Anthesterione.</strong></span> <span class='ocrx_word' id='word_1_45' title='bbox 1295 1665 1316 1714; x_wconf 92' lang='lat'>1</span> <span class='ocrx_word' id='word_1_46' title='bbox 1353 1663 1565 1716; x_wconf 84' lang='lat' dir='ltr'><strong>Nonius</strong></span> <span class='ocrx_word' id='word_1_47' title='bbox 1589 1666 1707 1722; x_wconf 83' lang='lat'><strong>536,</strong></span> <span class='ocrx_word' id='word_1_48' title='bbox 1739 1666 1800 1714; x_wconf 77' lang='lat'><strong>12</strong></span> <span class='ocrx_word' id='word_1_49' title='bbox 1836 1669 1853 1695; x_wconf 80' lang='lat'><em>‘</em></span> <span class='ocrx_word' id='word_1_50' title='bbox 1916 1665 2209 1715; x_wconf 88' lang='lat' dir='ltr'><strong>rosumia</strong></span> <span class='ocrx_word' id='word_1_51' title='bbox 2246 1665 2458 1729; x_wconf 80' lang='lat' dir='ltr'><strong>nauigii</strong></span> <span class='ocrx_word' id='word_1_52' title='bbox 2496 1680 2687 1731; x_wconf 82' lang='lat' dir='ltr'><strong>genus.</strong></span> <span class='ocrx_word' id='word_1_53' title='bbox 2760 1664 2897 1715; x_wconf 84' lang='lat' dir='ltr'><strong>Cae-</strong></span> 
     </span>
     <span class='ocr_line' id='line_1_11' title="bbox 599 1680 2898 1797; baseline 0 -16"><span class='ocrx_word' id='word_1_54' title='bbox 599 1731 760 1782; x_wconf 89' lang='lat' dir='ltr'><strong>cilius</strong></span> <span class='ocrx_word' id='word_1_55' title='bbox 788 1732 1082 1782; x_wconf 80' lang='lat' dir='ltr'><strong>Meretrice</strong></span> <span class='ocrx_word' id='word_1_56' title='bbox 1110 1770 1122 1782; x_wconf 97' lang='lat'><strong>.</strong></span> <span class='ocrx_word' id='word_1_57' title='bbox 1151 1769 1164 1782; x_wconf 95' lang='lat'><strong>.</strong></span> <span class='ocrx_word' id='word_1_58' title='bbox 1195 1768 1207 1781; x_wconf 95' lang='lat'><strong>.</strong></span> <span class='ocrx_word' id='word_1_59' title='bbox 1233 1732 1375 1782; x_wconf 89' lang='lat' dir='ltr'><strong>idem</strong></span> <span class='ocrx_word' id='word_1_60' title='bbox 1399 1732 1807 1783; x_wconf 80' lang='lat' dir='ltr'><strong>Aethrione:</strong></span> <span class='ocrx_word' id='word_1_61' title='bbox 1845 1680 1912 1781; x_wconf 56' lang='lat' dir='ltr'><strong>:fe</strong></span> <span class='ocrx_word' id='word_1_62' title='bbox 1947 1736 2133 1783; x_wconf 89' lang='lat' dir='ltr'><strong>nocte’</strong></span> <span class='ocrx_word' id='word_1_63' title='bbox 2173 1748 2219 1785; x_wconf 92' lang='lat' dir='ltr'><strong>e.</strong></span> <span class='ocrx_word' id='word_1_64' title='bbox 2251 1747 2301 1797; x_wconf 89' lang='lat' dir='ltr'><strong>q.</strong></span> <span class='ocrx_word' id='word_1_65' title='bbox 2329 1748 2371 1787; x_wconf 80' lang='lat' dir='ltr'><strong>s,</strong></span> <span class='ocrx_word' id='word_1_66' title='bbox 2444 1734 2794 1791; x_wconf 81' lang='lat' dir='ltr'><strong>(Antrione</strong></span> <span class='ocrx_word' id='word_1_67' title='bbox 2827 1734 2898 1781; x_wconf 87' lang='lat' dir='ltr'>W</span> 
     </span>
     <span class='ocr_line' id='line_1_12' title="bbox 597 1796 2895 1866; baseline -0.001 -16"><span class='ocrx_word' id='word_1_68' title='bbox 597 1799 1070 1863; x_wconf 78' lang='lat' dir='ltr'><strong>Amphitrione</strong></span> <span class='ocrx_word' id='word_1_69' title='bbox 1120 1799 1306 1849; x_wconf 84' lang='lat' dir='ltr'><strong>Bamb.</strong></span> <span class='ocrx_word' id='word_1_70' title='bbox 1353 1798 1514 1849; x_wconf 87' lang='lat' dir='ltr'><strong>Leid.</strong></span> <span class='ocrx_word' id='word_1_71' title='bbox 1563 1816 1616 1850; x_wconf 91' lang='lat' dir='ltr'><strong>n.</strong></span> <span class='ocrx_word' id='word_1_72' title='bbox 1665 1802 1789 1860; x_wconf 84' lang='lat'>116,</span> <span class='ocrx_word' id='word_1_73' title='bbox 1834 1796 2047 1866; x_wconf 89' lang='lat' dir='ltr'><strong>Iunius)</strong></span> <span class='ocrx_word' id='word_1_74' title='bbox 2254 1801 2310 1851; x_wconf 92' lang='lat'><strong>11</strong></span> <span class='ocrx_word' id='word_1_75' title='bbox 2352 1801 2554 1850; x_wconf 85' lang='lat' dir='ltr'><strong>Festus</strong></span> <span class='ocrx_word' id='word_1_76' title='bbox 2598 1816 2651 1865; x_wconf 90' lang='lat' dir='ltr'><strong>p.</strong></span> <span class='ocrx_word' id='word_1_77' title='bbox 2690 1803 2787 1851; x_wconf 82' lang='lat'><strong>170</strong></span> <span class='ocrx_word' id='word_1_78' title='bbox 2821 1799 2895 1848; x_wconf 84' lang='lat' dir='ltr'><strong>M.</strong></span> 
     </span>
     <span class='ocr_line' id='line_1_13' title="bbox 599 1867 2895 1930; baseline 0 -14"><span class='ocrx_word' id='word_1_79' title='bbox 599 1869 912 1930; x_wconf 76' lang='lat' dir='ltr'><strong>‘Panurgus</strong></span> <span class='ocrx_word' id='word_1_80' title='bbox 957 1867 1230 1917; x_wconf 84' lang='lat' dir='ltr'><strong>Antonius</strong></span> <span class='ocrx_word' id='word_1_81' title='bbox 1277 1867 1416 1916; x_wconf 87' lang='lat' dir='ltr'><strong>haec</strong></span> <span class='ocrx_word' id='word_1_82' title='bbox 1462 1868 1569 1917; x_wconf 89' lang='lat' dir='ltr'><strong>ait:</strong></span> <span class='ocrx_word' id='word_1_83' title='bbox 1620 1881 1889 1916; x_wconf 85' lang='lat' dir='ltr'><strong>numero</strong></span> <span class='ocrx_word' id='word_1_84' title='bbox 1927 1867 2151 1916; x_wconf 87' lang='lat' dir='ltr'><strong>nimium</strong></span> <span class='ocrx_word' id='word_1_85' title='bbox 2196 1869 2336 1927; x_wconf 87' lang='lat' dir='ltr'><strong>cito,</strong></span> <span class='ocrx_word' id='word_1_86' title='bbox 2386 1868 2639 1918; x_wconf 80' lang='lat' dir='ltr'><strong>celeriter</strong></span> <span class='ocrx_word' id='word_1_87' title='bbox 2672 1867 2895 1917; x_wconf 89' lang='lat' dir='ltr'><strong>nimium</strong></span> 
     </span>
     <span class='ocr_line' id='line_1_14' title="bbox 595 1931 2900 1999; baseline 0 -16"><span class='ocrx_word' id='word_1_88' title='bbox 595 1959 662 1969; x_wconf 91' lang='lat'>—</span> <span class='ocrx_word' id='word_1_89' title='bbox 686 1959 751 1969; x_wconf 89' lang='lat'>—</span> <span class='ocrx_word' id='word_1_90' title='bbox 780 1933 1054 1984; x_wconf 78' lang='lat' dir='ltr'><strong>celeriter.</strong></span> <span class='ocrx_word' id='word_1_91' title='bbox 1126 1931 1408 1984; x_wconf 73' lang='lat' dir='ltr'><strong>Caecilius</strong></span> <span class='ocrx_word' id='word_1_92' title='bbox 1433 1935 1488 1983; x_wconf 93' lang='lat' dir='ltr'><strong>in</strong></span> <span class='ocrx_word' id='word_1_93' title='bbox 1519 1934 1872 1983; x_wconf 74' lang='lat' dir='ltr'><strong>Aethione:</strong></span> <span class='ocrx_word' id='word_1_94' title='bbox 1912 1935 1988 1984; x_wconf 90' lang='lat' dir='ltr'><strong>ei’</strong></span> <span class='ocrx_word' id='word_1_95' title='bbox 2026 1949 2075 1987; x_wconf 90' lang='lat' dir='ltr'><strong>e.</strong></span> <span class='ocrx_word' id='word_1_96' title='bbox 2112 1950 2162 1999; x_wconf 89' lang='lat' dir='ltr'><strong>q.</strong></span> <span class='ocrx_word' id='word_1_97' title='bbox 2199 1944 2244 1984; x_wconf 75' lang='lat' dir='ltr'><strong>s.</strong></span> <span class='ocrx_word' id='word_1_98' title='bbox 2316 1931 2711 1999; x_wconf 78' lang='lat' dir='ltr'><strong>(Aethrione</strong></span> <span class='ocrx_word' id='word_1_99' title='bbox 2750 1935 2900 1983; x_wconf 87' lang='lat' dir='ltr'><strong>Vrsi-</strong></span> 
     </span>
     <span class='ocr_line' id='line_1_15' title="bbox 597 2000 2899 2066; baseline 0 -15"><span class='ocrx_word' id='word_1_100' title='bbox 597 2000 720 2063; x_wconf 92' lang='lat' dir='ltr'><strong>nus)</strong></span> <span class='ocrx_word' id='word_1_101' title='bbox 895 2000 980 2051; x_wconf 91' lang='lat'><strong>111</strong></span> <span class='ocrx_word' id='word_1_102' title='bbox 1016 2002 1209 2051; x_wconf 84' lang='lat' dir='ltr'><strong>Festus</strong></span> <span class='ocrx_word' id='word_1_103' title='bbox 1249 2017 1298 2066; x_wconf 87' lang='lat' dir='ltr'><strong>p.</strong></span> <span class='ocrx_word' id='word_1_104' title='bbox 1340 2003 1435 2051; x_wconf 82' lang='lat'><strong>182</strong></span> <span class='ocrx_word' id='word_1_105' title='bbox 1473 2001 1546 2051; x_wconf 87' lang='grc' dir='ltr'><strong>Μ.</strong></span> <span class='ocrx_word' id='word_1_106' title='bbox 1586 2005 1779 2051; x_wconf 83' lang='lat' dir='ltr'><strong>‘orae</strong></span> <span class='ocrx_word' id='word_1_107' title='bbox 1817 2005 2098 2052; x_wconf 84' lang='lat' dir='ltr'><strong>extremae</strong></span> <span class='ocrx_word' id='word_1_108' title='bbox 2145 2007 2337 2066; x_wconf 82' lang='lat' dir='ltr'><strong>partes</strong></span> <span class='ocrx_word' id='word_1_109' title='bbox 2373 2007 2672 2064; x_wconf 88' lang='lat' dir='ltr'><strong>terrarum,</strong></span> <span class='ocrx_word' id='word_1_110' title='bbox 2716 2000 2773 2050; x_wconf 86' lang='lat' dir='ltr'><strong>id</strong></span> <span class='ocrx_word' id='word_1_111' title='bbox 2812 2007 2899 2051; x_wconf 86' lang='lat' dir='ltr'><strong>est</strong></span> 
     </span>
     <span class='ocr_line' id='line_1_16' title="bbox 595 2067 2899 2135; baseline 0 -18"><span class='ocrx_word' id='word_1_112' title='bbox 595 2067 902 2118; x_wconf 70' lang='lat' dir='ltr'><strong>maritimae</strong></span> <span class='ocrx_word' id='word_1_113' title='bbox 940 2068 1225 2128; x_wconf 88' lang='lat' dir='ltr'><strong>dicuntur,</strong></span> <span class='ocrx_word' id='word_1_114' title='bbox 1264 2068 1406 2118; x_wconf 85' lang='lat' dir='ltr'><strong>unde</strong></span> <span class='ocrx_word' id='word_1_115' title='bbox 1445 2074 1501 2118; x_wconf 87' lang='lat' dir='ltr'><strong>et</strong></span> <span class='ocrx_word' id='word_1_116' title='bbox 1537 2068 1993 2119; x_wconf 86' lang='lat' dir='ltr'><strong>uestimentorum</strong></span> <span class='ocrx_word' id='word_1_117' title='bbox 2030 2074 2306 2120; x_wconf 75' lang='lat' dir='ltr'><strong>extremae</strong></span> <span class='ocrx_word' id='word_1_118' title='bbox 2343 2075 2558 2135; x_wconf 88' lang='lat' dir='ltr'><strong>partes,</strong></span> <span class='ocrx_word' id='word_1_119' title='bbox 2606 2084 2747 2134; x_wconf 86' lang='lat' dir='ltr'><strong>quae</strong></span> <span class='ocrx_word' id='word_1_120' title='bbox 2784 2068 2899 2134; x_wconf 88' lang='lat' dir='ltr'><strong>qui·</strong></span> 
     </span>
     <span class='ocr_line' id='line_1_17' title="bbox 599 2134 2899 2202; baseline 0.001 -17"><span class='ocrx_word' id='word_1_121' title='bbox 599 2135 722 2185; x_wconf 90' lang='lat' dir='ltr'><strong>dem</strong></span> <span class='ocrx_word' id='word_1_122' title='bbox 760 2139 817 2186; x_wconf 90' lang='lat' dir='ltr'><strong>et</strong></span> <span class='ocrx_word' id='word_1_123' title='bbox 851 2136 1058 2200; x_wconf 78' lang='lat' dir='ltr'><strong>primae</strong></span> <span class='ocrx_word' id='word_1_124' title='bbox 1094 2134 1206 2185; x_wconf 87' lang='lat' dir='ltr'><strong>dici</strong></span> <span class='ocrx_word' id='word_1_125' title='bbox 1239 2142 1488 2200; x_wconf 86' lang='lat' dir='ltr'><strong>possunt.</strong></span> <span class='ocrx_word' id='word_1_126' title='bbox 1559 2135 1841 2186; x_wconf 79' lang='lat' dir='ltr'><strong>Caecilius</strong></span> <span class='ocrx_word' id='word_1_127' title='bbox 1870 2137 1927 2186; x_wconf 90' lang='lat' dir='ltr'><strong>in</strong></span> <span class='ocrx_word' id='word_1_128' title='bbox 1956 2136 2325 2187; x_wconf 81' lang='lat' dir='ltr'><strong>Aethrione</strong></span> <span class='ocrx_word' id='word_1_129' title='bbox 2355 2151 2489 2188; x_wconf 86' lang='lat' dir='ltr'><strong>usus</strong></span> <span class='ocrx_word' id='word_1_130' title='bbox 2509 2143 2595 2187; x_wconf 89' lang='lat' dir='ltr'><strong>est</strong></span> <span class='ocrx_word' id='word_1_131' title='bbox 2613 2152 2710 2202; x_wconf 90' lang='lat' dir='ltr'><strong>pro</strong></span> <span class='ocrx_word' id='word_1_132' title='bbox 2735 2137 2899 2187; x_wconf 87' lang='lat' dir='ltr'><strong>initio</strong></span> 
     </span>
     <span class='ocr_line' id='line_1_18' title="bbox 575 2202 2899 2269; baseline 0.002 -19"><span class='ocrx_word' id='word_1_133' title='bbox 575 2204 706 2269; x_wconf 82' lang='lat' dir='ltr'><strong>rei,</strong></span> <span class='ocrx_word' id='word_1_134' title='bbox 743 2217 865 2253; x_wconf 89' lang='lat' dir='ltr'><strong>cum</strong></span> <span class='ocrx_word' id='word_1_135' title='bbox 901 2203 1010 2255; x_wconf 88' lang='lat' dir='ltr'><strong>ait:</strong></span> <span class='ocrx_word' id='word_1_136' title='bbox 1051 2206 1226 2254; x_wconf 86' lang='lat' dir='ltr'><strong>oram’</strong></span> <span class='ocrx_word' id='word_1_137' title='bbox 1264 2219 1311 2256; x_wconf 91' lang='lat' dir='ltr'><strong>e.</strong></span> <span class='ocrx_word' id='word_1_138' title='bbox 1351 2217 1404 2267; x_wconf 84' lang='lat' dir='ltr'><strong>q.</strong></span> <span class='ocrx_word' id='word_1_139' title='bbox 1440 2219 1486 2253; x_wconf 87' lang='lat' dir='ltr'><strong>s.</strong></span> <span class='ocrx_word' id='word_1_140' title='bbox 1675 2202 1752 2253; x_wconf 90' lang='lat' dir='ltr'><strong>1v</strong></span> <span class='ocrx_word' id='word_1_141' title='bbox 1790 2203 1990 2253; x_wconf 80' lang='lat' dir='ltr'><strong>Festus</strong></span> <span class='ocrx_word' id='word_1_142' title='bbox 2027 2219 2077 2268; x_wconf 87' lang='lat' dir='ltr'><strong>p.</strong></span> <span class='ocrx_word' id='word_1_143' title='bbox 2115 2206 2216 2255; x_wconf 82' lang='lat'><strong>339</strong></span> <span class='ocrx_word' id='word_1_144' title='bbox 2253 2205 2323 2254; x_wconf 78' lang='lat' dir='ltr'><strong>M.</strong></span> <span class='ocrx_word' id='word_1_145' title='bbox 2362 2204 2770 2265; x_wconf 83' lang='lat' dir='ltr'><strong>‘sentinare,</strong></span> <span class='ocrx_word' id='word_1_146' title='bbox 2807 2209 2899 2254; x_wconf 87' lang='lat' dir='ltr'><strong>sat</strong></span> 
     </span>
     <span class='ocr_line' id='line_1_19' title="bbox 599 2269 2898 2336; baseline 0.001 -17"><span class='ocrx_word' id='word_1_147' title='bbox 599 2285 796 2336; x_wconf 80' lang='lat' dir='ltr'><strong>agere,</strong></span> <span class='ocrx_word' id='word_1_148' title='bbox 844 2270 1049 2320; x_wconf 89' lang='lat' dir='ltr'><strong>dictum</strong></span> <span class='ocrx_word' id='word_1_149' title='bbox 1096 2286 1132 2320; x_wconf 87' lang='lat' dir='ltr'><strong>a</strong></span> <span class='ocrx_word' id='word_1_150' title='bbox 1174 2271 1422 2333; x_wconf 80' lang='lat' dir='ltr'><strong>sentina,</strong></span> <span class='ocrx_word' id='word_1_151' title='bbox 1470 2285 1631 2334; x_wconf 88' lang='lat' dir='ltr'><strong>quam</strong></span> <span class='ocrx_word' id='word_1_152' title='bbox 1691 2269 1897 2320; x_wconf 88' lang='lat' dir='ltr'><strong>multae</strong></span> <span class='ocrx_word' id='word_1_153' title='bbox 1947 2275 2150 2335; x_wconf 88' lang='lat' dir='ltr'><strong>aquae&#39;</strong></span> <span class='ocrx_word' id='word_1_154' title='bbox 2189 2270 2385 2335; x_wconf 83' lang='lat' dir='ltr'><strong>(‘quod</strong></span> <span class='ocrx_word' id='word_1_155' title='bbox 2432 2272 2661 2322; x_wconf 88' lang='lat' dir='ltr'><strong>multum</strong></span> <span class='ocrx_word' id='word_1_156' title='bbox 2696 2276 2898 2336; x_wconf 84' lang='lat' dir='ltr'><strong>aquae’</strong></span> 
     </span>
     <span class='ocr_line' id='line_1_20' title="bbox 598 2336 2900 2403; baseline 0.001 -17"><span class='ocrx_word' id='word_1_157' title='bbox 598 2336 664 2390; x_wconf 95' lang='grc' dir='ltr'><strong>Ο.</strong></span> <span class='ocrx_word' id='word_1_158' title='bbox 694 2336 1024 2399; x_wconf 83' lang='lat' dir='ltr'><strong>Muellerus,</strong></span> <span class='ocrx_word' id='word_1_159' title='bbox 1066 2352 1173 2401; x_wconf 91' lang='lat' dir='ltr'><strong>quo</strong></span> <span class='ocrx_word' id='word_1_160' title='bbox 1209 2353 1317 2388; x_wconf 89' lang='lat' dir='ltr'><strong>non</strong></span> <span class='ocrx_word' id='word_1_161' title='bbox 1356 2353 1492 2402; x_wconf 79' lang='lat' dir='ltr'><strong>opus</strong></span> <span class='ocrx_word' id='word_1_162' title='bbox 1529 2336 1640 2400; x_wconf 87' lang='lat' dir='ltr'><strong>est)</strong></span> <span class='ocrx_word' id='word_1_163' title='bbox 1679 2339 1864 2387; x_wconf 82' lang='lat' dir='ltr'><strong>‘nauis</strong></span> <span class='ocrx_word' id='word_1_164' title='bbox 1892 2353 2010 2387; x_wconf 89' lang='lat' dir='ltr'><strong>cum</strong></span> <span class='ocrx_word' id='word_1_165' title='bbox 2038 2339 2252 2403; x_wconf 85' lang='lat' dir='ltr'><strong>recipit,</strong></span> <span class='ocrx_word' id='word_1_166' title='bbox 2287 2337 2643 2403; x_wconf 85' lang='lat' dir='ltr'><strong>periclitatur.</strong></span> <span class='ocrx_word' id='word_1_167' title='bbox 2704 2339 2900 2389; x_wconf 87' lang='lat' dir='ltr'><strong>Caeci-</strong></span> 
     </span>
     <span class='ocr_line' id='line_1_21' title="bbox 597 2403 2901 2470; baseline 0.001 -16"><span class='ocrx_word' id='word_1_168' title='bbox 597 2403 703 2454; x_wconf 85' lang='lat' dir='ltr'><strong>lius</strong></span> <span class='ocrx_word' id='word_1_169' title='bbox 740 2405 798 2454; x_wconf 87' lang='lat' dir='ltr'><strong>in</strong></span> <span class='ocrx_word' id='word_1_170' title='bbox 834 2405 1238 2455; x_wconf 81' lang='lat' dir='ltr'><strong>Aethrione:</strong></span> <span class='ocrx_word' id='word_1_171' title='bbox 1286 2409 1429 2455; x_wconf 91' lang='lat' dir='ltr'><strong>cum’</strong></span> <span class='ocrx_word' id='word_1_172' title='bbox 1471 2420 1518 2457; x_wconf 87' lang='lat' dir='ltr'><strong>e.</strong></span> <span class='ocrx_word' id='word_1_173' title='bbox 1557 2421 1606 2469; x_wconf 90' lang='lat' dir='ltr'><strong>q.</strong></span> <span class='ocrx_word' id='word_1_174' title='bbox 1643 2420 1686 2459; x_wconf 90' lang='lat' dir='ltr'><strong>s.</strong></span> <span class='ocrx_word' id='word_1_175' title='bbox 1770 2404 1972 2455; x_wconf 81' lang='lat' dir='ltr'><strong>Paulus</strong></span> <span class='ocrx_word' id='word_1_176' title='bbox 2007 2421 2060 2470; x_wconf 89' lang='lat' dir='ltr'><strong>p.</strong></span> <span class='ocrx_word' id='word_1_177' title='bbox 2098 2406 2199 2456; x_wconf 80' lang='lat'><strong>338</strong></span> <span class='ocrx_word' id='word_1_178' title='bbox 2236 2406 2307 2456; x_wconf 79' lang='lat' dir='ltr'><strong>M.</strong></span> <span class='ocrx_word' id='word_1_179' title='bbox 2346 2406 2763 2469; x_wconf 78' lang='lat' dir='ltr'><strong>‘sentinare,</strong></span> <span class='ocrx_word' id='word_1_180' title='bbox 2811 2412 2901 2457; x_wconf 87' lang='lat' dir='ltr'><strong>sat</strong></span> 
     </span>
     <span class='ocr_line' id='line_1_22' title="bbox 598 2472 2897 2539; baseline 0.002 -19"><span class='ocrx_word' id='word_1_181' title='bbox 598 2487 793 2539; x_wconf 79' lang='lat' dir='ltr'><strong>agere,</strong></span> <span class='ocrx_word' id='word_1_182' title='bbox 841 2472 1043 2523; x_wconf 88' lang='lat' dir='ltr'><strong>dictum</strong></span> <span class='ocrx_word' id='word_1_183' title='bbox 1091 2488 1125 2522; x_wconf 90' lang='lat' dir='ltr'><strong>a</strong></span> <span class='ocrx_word' id='word_1_184' title='bbox 1173 2474 1396 2522; x_wconf 87' lang='lat' dir='ltr'><strong>sentina</strong></span> <span class='ocrx_word' id='word_1_185' title='bbox 1441 2473 1629 2533; x_wconf 86' lang='lat' dir='ltr'><strong>nauis,</strong></span> <span class='ocrx_word' id='word_1_186' title='bbox 1680 2487 1844 2537; x_wconf 85' lang='lat' dir='ltr'><strong>quam</strong></span> <span class='ocrx_word' id='word_1_187' title='bbox 1898 2472 2020 2537; x_wconf 87' lang='lat' dir='ltr'><strong>quis</strong></span> <span class='ocrx_word' id='word_1_188' title='bbox 2066 2478 2128 2523; x_wconf 90' lang='lat' dir='ltr'><strong>ut</strong></span> <span class='ocrx_word' id='word_1_189' title='bbox 2181 2487 2328 2536; x_wconf 86' lang='lat' dir='ltr'><strong>aqua</strong></span> <span class='ocrx_word' id='word_1_190' title='bbox 2371 2472 2573 2523; x_wconf 85' lang='lat' dir='ltr'><strong>liberet</strong></span> <span class='ocrx_word' id='word_1_191' title='bbox 2623 2489 2897 2524; x_wconf 87' lang='lat' dir='ltr'><strong>euacuare</strong></span> 
     </span>
     <span class='ocr_line' id='line_1_23' title="bbox 599 2539 2899 2605; baseline 0 -15"><span class='ocrx_word' id='word_1_192' title='bbox 599 2540 900 2592; x_wconf 85' lang='lat' dir='ltr'><strong>contendit.</strong></span> <span class='ocrx_word' id='word_1_193' title='bbox 969 2541 1162 2605; x_wconf 87' lang='lat' dir='ltr'><strong>itaque</strong></span> <span class='ocrx_word' id='word_1_194' title='bbox 1209 2542 1489 2590; x_wconf 74' lang='lat' dir='ltr'><strong>sentinare</strong></span> <span class='ocrx_word' id='word_1_195' title='bbox 1529 2545 1616 2590; x_wconf 89' lang='lat' dir='ltr'><strong>est</strong></span> <span class='ocrx_word' id='word_1_196' title='bbox 1659 2539 1938 2590; x_wconf 77' lang='lat' dir='ltr'><strong>subtiliter</strong></span> <span class='ocrx_word' id='word_1_197' title='bbox 1976 2540 2278 2605; x_wconf 86' lang='lat' dir='ltr'><strong>periculum</strong></span> <span class='ocrx_word' id='word_1_198' title='bbox 2316 2542 2514 2593; x_wconf 89' lang='lat' dir='ltr'><strong>uitare.</strong></span> <span class='ocrx_word' id='word_1_199' title='bbox 2588 2541 2899 2591; x_wconf 80' lang='lat' dir='ltr'><strong>Caecilius.-</strong></span> 
     </span>
     <span class='ocr_line' id='line_1_24' title="bbox 600 2606 2899 2673; baseline 0 -16"><span class='ocrx_word' id='word_1_200' title='bbox 600 2608 774 2672; x_wconf 84' lang='lat' dir='ltr'><strong>capit’</strong></span> <span class='ocrx_word' id='word_1_201' title='bbox 813 2624 860 2658; x_wconf 91' lang='lat' dir='ltr'><strong>e.</strong></span> <span class='ocrx_word' id='word_1_202' title='bbox 890 2622 941 2673; x_wconf 84' lang='lat' dir='ltr'><strong>q.</strong></span> <span class='ocrx_word' id='word_1_203' title='bbox 968 2622 1010 2656; x_wconf 90' lang='lat' dir='ltr'><strong>s.</strong></span> <span class='ocrx_word' id='word_1_204' title='bbox 1154 2609 1199 2657; x_wconf 88' lang='lat' dir='ltr'>V</span> <span class='ocrx_word' id='word_1_205' title='bbox 1235 2607 1533 2658; x_wconf 85' lang='lat' dir='ltr'><strong>Diomedes</strong></span> <span class='ocrx_word' id='word_1_206' title='bbox 1555 2608 1577 2657; x_wconf 88' lang='lat'>1</span> <span class='ocrx_word' id='word_1_207' title='bbox 1608 2623 1661 2671; x_wconf 91' lang='lat' dir='ltr'><strong>p.</strong></span> <span class='ocrx_word' id='word_1_208' title='bbox 1685 2609 1783 2658; x_wconf 83' lang='lat'><strong>381</strong></span> <span class='ocrx_word' id='word_1_209' title='bbox 1812 2607 1873 2656; x_wconf 91' lang='lat' dir='ltr'><strong>P.</strong></span> <span class='ocrx_word' id='word_1_210' title='bbox 1910 2606 2079 2673; x_wconf 84' lang='lat' dir='ltr'><strong>‘apud</strong></span> <span class='ocrx_word' id='word_1_211' title='bbox 2104 2613 2321 2658; x_wconf 88' lang='lat' dir='ltr'><strong>ueteres</strong></span> <span class='ocrx_word' id='word_1_212' title='bbox 2348 2609 2650 2673; x_wconf 86' lang='lat' dir='ltr'><strong>reperimus</strong></span> <span class='ocrx_word' id='word_1_213' title='bbox 2675 2608 2730 2658; x_wconf 83' lang='lat' dir='ltr'><strong>id</strong></span> <span class='ocrx_word' id='word_1_214' title='bbox 2754 2607 2899 2673; x_wconf 89' lang='lat' dir='ltr'><strong>quod</strong></span> 
     </span>
     <span class='ocr_line' id='line_1_25' title="bbox 598 2673 2898 2733; baseline 0 -9"><span class='ocrx_word' id='word_1_215' title='bbox 598 2675 873 2733; x_wconf 83' lang='lat' dir='ltr'><strong>nolumus,</strong></span> <span class='ocrx_word' id='word_1_216' title='bbox 912 2689 1019 2724; x_wconf 91' lang='lat' dir='ltr'><strong>non</strong></span> <span class='ocrx_word' id='word_1_217' title='bbox 1044 2673 1265 2724; x_wconf 67' lang='lat' dir='ltr'><strong>uultis·</strong></span> <span class='ocrx_word' id='word_1_218' title='bbox 1291 2683 1350 2724; x_wconf 91' lang='lat' dir='ltr'><strong>ut</strong></span> <span class='ocrx_word' id='word_1_219' title='bbox 1376 2680 1465 2724; x_wconf 89' lang='lat' dir='ltr'><strong>est</strong></span> <span class='ocrx_word' id='word_1_220' title='bbox 1501 2678 1565 2724; x_wconf 89' lang='lat' dir='ltr'><strong>in</strong></span> <span class='ocrx_word' id='word_1_221' title='bbox 1590 2673 1965 2725; x_wconf 82' lang='lat' dir='ltr'><strong>Aethrione</strong></span> <span class='ocrx_word' id='word_1_222' title='bbox 2005 2691 2038 2724; x_wconf 86' lang='lat' dir='ltr'><strong>a</strong></span> <span class='ocrx_word' id='word_1_223' title='bbox 2097 2674 2179 2724; x_wconf 87' lang='lat' dir='ltr'><strong>ud</strong></span> <span class='ocrx_word' id='word_1_224' title='bbox 2215 2673 2615 2726; x_wconf 87' lang='lat' dir='ltr'><strong>Caecilium:</strong></span> <span class='ocrx_word' id='word_1_225' title='bbox 2654 2680 2898 2725; x_wconf 83' lang='lat' dir='ltr'><strong>actutum</strong></span> 
     </span>
     <span class='ocr_line' id='line_1_26' title="bbox 599 2741 2900 2807; baseline -0 -15"><span class='ocrx_word' id='word_1_226' title='bbox 599 2741 791 2792; x_wconf 81' lang='lat' dir='ltr'><strong>uultis’</strong></span> <span class='ocrx_word' id='word_1_227' title='bbox 831 2758 876 2795; x_wconf 92' lang='lat' dir='ltr'><strong>e.</strong></span> <span class='ocrx_word' id='word_1_228' title='bbox 915 2757 965 2806; x_wconf 86' lang='lat' dir='ltr'><strong>q.</strong></span> <span class='ocrx_word' id='word_1_229' title='bbox 1003 2758 1048 2794; x_wconf 89' lang='lat' dir='ltr'><strong>s.</strong></span> <span class='ocrx_word' id='word_1_230' title='bbox 1119 2741 1221 2803; x_wconf 90' lang='lat' dir='ltr'><strong>(sic</strong></span> <span class='ocrx_word' id='word_1_231' title='bbox 1259 2741 1433 2792; x_wconf 85' lang='lat' dir='ltr'><strong>edidit</strong></span> <span class='ocrx_word' id='word_1_232' title='bbox 1471 2741 1538 2790; x_wconf 79' lang='lat'><strong>11.</strong></span> <span class='ocrx_word' id='word_1_233' title='bbox 1567 2741 1798 2792; x_wconf 85' lang='lat' dir='ltr'><strong>Keilius.</strong></span> <span class='ocrx_word' id='word_1_234' title='bbox 1871 2742 1939 2792; x_wconf 89' lang='lat' dir='ltr'><strong>in</strong></span> <span class='ocrx_word' id='word_1_235' title='bbox 1987 2748 2058 2792; x_wconf 89' lang='lat' dir='ltr'><strong>et</strong></span> <span class='ocrx_word' id='word_1_236' title='bbox 2113 2743 2346 2793; x_wconf 88' lang='lat' dir='ltr'><strong>erione</strong></span> <span class='ocrx_word' id='word_1_237' title='bbox 2383 2742 2557 2807; x_wconf 85' lang='lat' dir='ltr'><strong>apud</strong></span> <span class='ocrx_word' id='word_1_238' title='bbox 2594 2742 2900 2793; x_wconf 83' lang='lat' dir='ltr'><strong>lucilium</strong></span> 
     </span>
     <span class='ocr_line' id='line_1_27' title="bbox 602 2808 2899 2874; baseline -0 -15"><span class='ocrx_word' id='word_1_239' title='bbox 602 2809 806 2860; x_wconf 87' lang='lat' dir='ltr'><strong>Pariss.</strong></span> <span class='ocrx_word' id='word_1_240' title='bbox 833 2809 939 2858; x_wconf 79' lang='lat' dir='ltr'><strong>AB</strong></span> <span class='ocrx_word' id='word_1_241' title='bbox 971 2809 1185 2858; x_wconf 79' lang='lat' dir='ltr'><strong>Monac.</strong></span> <span class='ocrx_word' id='word_1_242' title='bbox 1257 2808 1323 2857; x_wconf 88' lang='lat' dir='ltr'><strong>in</strong></span> <span class='ocrx_word' id='word_1_243' title='bbox 1361 2808 1707 2860; x_wconf 86' lang='lat' dir='ltr'><strong>etheriore</strong></span> <span class='ocrx_word' id='word_1_244' title='bbox 1734 2808 1909 2874; x_wconf 82' lang='lat' dir='ltr'><strong>apud</strong></span> <span class='ocrx_word' id='word_1_245' title='bbox 1946 2808 2260 2859; x_wconf 84' lang='lat' dir='ltr'><strong>lucilium</strong></span> <span class='ocrx_word' id='word_1_246' title='bbox 2299 2815 2418 2861; x_wconf 60' lang='grc' dir='ltr'><strong>(ωε.</strong></span> <span class='ocrx_word' id='word_1_247' title='bbox 2447 2809 2584 2860; x_wconf 84' lang='lat' dir='ltr'><strong>cod.&#39;</strong></span> <span class='ocrx_word' id='word_1_248' title='bbox 2624 2808 2684 2864; x_wconf 85' lang='lat' dir='ltr'><strong>C.</strong></span> <span class='ocrx_word' id='word_1_249' title='bbox 2710 2808 2899 2874; x_wconf 82' lang='lat' dir='ltr'><strong>Sciop-</strong></span> 
     </span>
     <span class='ocr_line' id='line_1_28' title="bbox 602 2873 2899 2942; baseline 0 -16"><span class='ocrx_word' id='word_1_250' title='bbox 602 2877 681 2942; x_wconf 85' lang='lat' dir='ltr'><strong>pii</strong></span> <span class='ocrx_word' id='word_1_251' title='bbox 729 2875 887 2940; x_wconf 85' lang='lat' dir='ltr'><strong>Susp.</strong></span> <span class='ocrx_word' id='word_1_252' title='bbox 933 2875 1062 2926; x_wconf 87' lang='lat' dir='ltr'><strong>lect.</strong></span> <span class='ocrx_word' id='word_1_253' title='bbox 1109 2875 1187 2925; x_wconf 87' lang='lat' dir='ltr'><strong>lv</strong></span> <span class='ocrx_word' id='word_1_254' title='bbox 1231 2877 1298 2925; x_wconf 78' lang='lat'><strong>22</strong></span> <span class='ocrx_word' id='word_1_255' title='bbox 1338 2876 1507 2940; x_wconf 86' lang='lat' dir='ltr'><strong>apud</strong></span> <span class='ocrx_word' id='word_1_256' title='bbox 1554 2875 1863 2925; x_wconf 87' lang='lat' dir='ltr'><strong>lucilium</strong></span> <span class='ocrx_word' id='word_1_257' title='bbox 1903 2875 2027 2925; x_wconf 86' lang='lat' dir='ltr'><strong>edd.</strong></span> <span class='ocrx_word' id='word_1_258' title='bbox 2063 2882 2200 2932; x_wconf 89' lang='lat' dir='ltr'><strong>uett.</strong></span> <span class='ocrx_word' id='word_1_259' title='bbox 2274 2877 2339 2927; x_wconf 89' lang='lat' dir='ltr'><strong>in</strong></span> <span class='ocrx_word' id='word_1_260' title='bbox 2376 2876 2748 2927; x_wconf 81' lang='lat' dir='ltr'><strong>Aethrione</strong></span> <span class='ocrx_word' id='word_1_261' title='bbox 2787 2873 2899 2942; x_wconf 87' lang='lat' dir='ltr'><strong>(uel</strong></span> 
     </span>
     <span class='ocr_line' id='line_1_29' title="bbox 600 2941 2900 3008; baseline 0 -15"><span class='ocrx_word' id='word_1_262' title='bbox 600 2944 1043 3003; x_wconf 85' lang='lat' dir='ltr'><strong>Aetherione)</strong></span> <span class='ocrx_word' id='word_1_263' title='bbox 1083 2942 1258 3008; x_wconf 88' lang='lat' dir='ltr'><strong>apud</strong></span> <span class='ocrx_word' id='word_1_264' title='bbox 1306 2941 1683 2993; x_wconf 83' lang='lat' dir='ltr'><strong>Caecilium</strong></span> <span class='ocrx_word' id='word_1_265' title='bbox 1730 2943 2025 2994; x_wconf 84' lang='lat' dir='ltr'><strong>Statium</strong></span> <span class='ocrx_word' id='word_1_266' title='bbox 2064 2945 2107 2994; x_wconf 93' lang='lat'><strong>1.</strong></span> <span class='ocrx_word' id='word_1_267' title='bbox 2147 2943 2428 2994; x_wconf 72' lang='lat' dir='ltr'><strong>Becker-us</strong></span> <span class='ocrx_word' id='word_1_268' title='bbox 2466 2943 2662 2996; x_wconf 88' lang='lat' dir='ltr'><strong>Philol.</strong></span> <span class='ocrx_word' id='word_1_269' title='bbox 2699 2945 2777 2994; x_wconf 85' lang='lat' dir='ltr'><strong>lv</strong></span> <span class='ocrx_word' id='word_1_270' title='bbox 2814 2947 2900 3007; x_wconf 79' lang='lat'><strong>78,</strong></span> 
     </span>
     <span class='ocr_line' id='line_1_30' title="bbox 604 3010 2901 3077; baseline 0 -16"><span class='ocrx_word' id='word_1_271' title='bbox 604 3012 700 3075; x_wconf 90' lang='lat' dir='ltr'><strong>qui</strong></span> <span class='ocrx_word' id='word_1_272' title='bbox 736 3017 929 3061; x_wconf 85' lang='lat' dir='ltr'><strong>narrat</strong></span> <span class='ocrx_word' id='word_1_273' title='bbox 965 3010 1141 3061; x_wconf 88' lang='lat' dir='ltr'><strong>uirum</strong></span> <span class='ocrx_word' id='word_1_274' title='bbox 1180 3010 1395 3060; x_wconf 88' lang='lat' dir='ltr'><strong>doctum</strong></span> <span class='ocrx_word' id='word_1_275' title='bbox 1431 3011 1641 3062; x_wconf 88' lang='lat' dir='ltr'><strong>Lucilii</strong></span> <span class='ocrx_word' id='word_1_276' title='bbox 1678 3026 1712 3061; x_wconf 88' lang='lat' dir='ltr'><strong>a</strong></span> <span class='ocrx_word' id='word_1_277' title='bbox 1739 3011 1926 3061; x_wconf 88' lang='lat' dir='ltr'><strong>Dousa</strong></span> <span class='ocrx_word' id='word_1_278' title='bbox 1963 3010 2101 3061; x_wconf 85' lang='lat' dir='ltr'><strong>editi</strong></span> <span class='ocrx_word' id='word_1_279' title='bbox 2125 3011 2372 3077; x_wconf 82' lang='lat' dir='ltr'><strong>exemplo</strong></span> <span class='ocrx_word' id='word_1_280' title='bbox 2410 3012 2470 3061; x_wconf 88' lang='lat' dir='ltr'><strong>in</strong></span> <span class='ocrx_word' id='word_1_281' title='bbox 2506 3012 2726 3062; x_wconf 84' lang='lat' dir='ltr'><strong>lenensi</strong></span> <span class='ocrx_word' id='word_1_282' title='bbox 2764 3011 2901 3062; x_wconf 91' lang='lat' dir='ltr'><strong>bibl.</strong></span> 
     </span>
     <span class='ocr_line' id='line_1_31' title="bbox 610 3077 2231 3143; baseline -0.001 -14"><span class='ocrx_word' id='word_1_283' title='bbox 610 3079 830 3129; x_wconf 85' lang='lat' dir='ltr'><strong>extanti</strong></span> <span class='ocrx_word' id='word_1_284' title='bbox 859 3078 1224 3143; x_wconf 70' lang='lat' dir='ltr'><strong>ascripsisse:</strong></span> <span class='ocrx_word' id='word_1_285' title='bbox 1272 3078 1597 3128; x_wconf 79' lang='lat' dir='ltr'><strong>‘Caecilii</strong></span> <span class='ocrx_word' id='word_1_286' title='bbox 1634 3083 1748 3141; x_wconf 86' lang='lat' dir='ltr'><strong>est,</strong></span> <span class='ocrx_word' id='word_1_287' title='bbox 1785 3077 1898 3131; x_wconf 85' lang='lat' dir='ltr'><strong>uid.</strong></span> <span class='ocrx_word' id='word_1_288' title='bbox 1931 3077 2231 3142; x_wconf 87' lang='lat' dir='ltr'><strong>Diomed.’)</strong></span> 
     </span>
    </p>
   </div>
   <div class='ocr_carea' id='block_1_8' title="bbox 608 3228 1030 3234">
    <p class='ocr_par' dir='ltr' id='par_1_8' title="bbox 608 3228 1030 3234">
     <span class='ocr_line' id='line_1_32' title="bbox 608 3228 1030 3234; baseline 0 0"><span class='ocrx_word' id='word_1_289' title='bbox 608 3228 1030 3234; x_wconf 95' lang='lat' dir='ltr'><strong> </strong></span> 
     </span>
    </p>
   </div>
   <div class='ocr_carea' id='block_1_9' title="bbox 601 3334 2907 4417">
    <p class='ocr_par' dir='ltr' id='par_1_9' title="bbox 602 3334 2900 3494">
     <span class='ocr_line' id='line_1_33' title="bbox 772 3334 2899 3410; baseline 0 -20"><span class='ocrx_word' id='word_1_290' title='bbox 772 3334 808 3390; x_wconf 87' lang='lat'>2</span> <span class='ocrx_word' id='word_1_291' title='bbox 855 3337 989 3409; x_wconf 86' lang='lat' dir='ltr'><strong>perii</strong></span> <span class='ocrx_word' id='word_1_292' title='bbox 1034 3340 1202 3410; x_wconf 73' lang='lat' dir='ltr'><strong>ueclqo</strong></span> <span class='ocrx_word' id='word_1_293' title='bbox 1247 3337 1361 3410; x_wconf 84' lang='lat' dir='ltr'><strong>peri</strong></span> <span class='ocrx_word' id='word_1_294' title='bbox 1408 3339 1551 3407; x_wconf 65' lang='lat' dir='ltr'><strong>cod„</strong></span> <span class='ocrx_word' id='word_1_295' title='bbox 1613 3354 1726 3409; x_wconf 81' lang='lat' dir='ltr'><strong>quo</strong></span> <span class='ocrx_word' id='word_1_296' title='bbox 1783 3345 2019 3393; x_wconf 80' lang='lat' dir='ltr'><strong>seruato</strong></span> <span class='ocrx_word' id='word_1_297' title='bbox 2072 3351 2195 3392; x_wconf 77' lang='lat' dir='ltr'><strong>esse</strong></span> <span class='ocrx_word' id='word_1_298' title='bbox 2250 3340 2350 3408; x_wconf 80' lang='lat' dir='ltr'><strong>qui</strong></span> <span class='ocrx_word' id='word_1_299' title='bbox 2390 3340 2663 3393; x_wconf 79' lang='lat' dir='ltr'><strong>creticum</strong></span> <span class='ocrx_word' id='word_1_300' title='bbox 2723 3343 2899 3391; x_wconf 79' lang='lat' dir='ltr'><strong>tetra-</strong></span> 
     </span>
     <span class='ocr_line' id='line_1_34' title="bbox 602 3420 2900 3494; baseline -0 -18"><span class='ocrx_word' id='word_1_301' title='bbox 602 3429 841 3477; x_wconf 80' lang='lat' dir='ltr'><strong>metrum</strong></span> <span class='ocrx_word' id='word_1_302' title='bbox 897 3422 1144 3476; x_wconf 75' lang='lat' dir='ltr'><strong>dimetiri</strong></span> <span class='ocrx_word' id='word_1_303' title='bbox 1196 3423 1334 3476; x_wconf 80' lang='lat' dir='ltr'><strong>uelit</strong></span> <span class='ocrx_word' id='word_1_304' title='bbox 1395 3424 1592 3477; x_wconf 80' lang='lat' dir='ltr'><strong>miror.</strong></span> <span class='ocrx_word' id='word_1_305' title='bbox 1766 3420 1912 3494; x_wconf 81' lang='lat' dir='ltr'><strong>suge·</strong></span> <span class='ocrx_word' id='word_1_306' title='bbox 1941 3421 2295 3494; x_wconf 62' lang='lat' dir='ltr'><strong>Augustinus</strong></span> <span class='ocrx_word' id='word_1_307' title='bbox 2353 3425 2410 3477; x_wconf 82' lang='lat' dir='ltr'><strong>in</strong></span> <span class='ocrx_word' id='word_1_308' title='bbox 2457 3439 2563 3494; x_wconf 71' lang='lat' dir='ltr'><strong>my.</strong></span> <span class='ocrx_word' id='word_1_309' title='bbox 2610 3420 2732 3476; x_wconf 79' lang='lat' dir='ltr'><strong>fuce</strong></span> <span class='ocrx_word' id='word_1_310' title='bbox 2777 3422 2900 3477; x_wconf 83' lang='lat' dir='ltr'><strong>cod.</strong></span> 
     </span>
    </p>

    <p class='ocr_par' dir='ltr' id='par_1_10' title="bbox 601 3499 2907 4417">
     <span class='ocr_line' id='line_1_35' title="bbox 771 3499 2902 3580; baseline 0 -22"><span class='ocrx_word' id='word_1_311' title='bbox 771 3499 1020 3580; x_wconf 84' lang='lat' dir='ltr'><strong>domum]</strong></span> <span class='ocrx_word' id='word_1_312' title='bbox 1082 3505 1241 3560; x_wconf 87' lang='lat' dir='ltr'><strong>modo</strong></span> <span class='ocrx_word' id='word_1_313' title='bbox 1304 3509 1451 3561; x_wconf 82' lang='lat' dir='ltr'><strong>coni.</strong></span> <span class='ocrx_word' id='word_1_314' title='bbox 1509 3507 1898 3578; x_wconf 73' lang='lat' dir='ltr'><strong>Kiesslt&#39;nqius</strong></span> <span class='ocrx_word' id='word_1_315' title='bbox 2156 3505 2242 3560; x_wconf 83' lang='lat' dir='ltr'><strong>hei</strong></span> <span class='ocrx_word' id='word_1_316' title='bbox 2298 3506 2464 3579; x_wconf 80' lang='lat' dir='ltr'><strong>perii!</strong></span> <span class='ocrx_word' id='word_1_317' title='bbox 2522 3500 2556 3570; x_wconf 87' lang='lat' dir='ltr'><strong>ss&#39;</strong></span> <span class='ocrx_word' id='word_1_318' title='bbox 2611 3503 2739 3577; x_wconf 84' lang='lat' dir='ltr'><strong>quid</strong></span> <span class='ocrx_word' id='word_1_319' title='bbox 2794 3504 2902 3560; x_wconf 78' lang='lat' dir='ltr'><strong>ita?</strong></span> 
     </span>
     <span class='ocr_line' id='line_1_36' title="bbox 603 3583 2907 3663; baseline -0 -18"><span class='ocrx_word' id='word_1_320' title='bbox 603 3584 636 3657; x_wconf 83' lang='grc' dir='ltr'><strong>[Γ</strong></span> <span class='ocrx_word' id='word_1_321' title='bbox 679 3605 904 3645; x_wconf 84' lang='lat' dir='ltr'><strong>numero</strong></span> <span class='ocrx_word' id='word_1_322' title='bbox 951 3590 1121 3645; x_wconf 85' lang='lat' dir='ltr'><strong>uenit.</strong></span> <span class='ocrx_word' id='word_1_323' title='bbox 1168 3583 1199 3654; x_wconf 83' lang='grc' dir='ltr'><strong>[Γ</strong></span> <span class='ocrx_word' id='word_1_324' title='bbox 1246 3588 1376 3662; x_wconf 83' lang='lat' dir='ltr'><strong>suge</strong></span> <span class='ocrx_word' id='word_1_325' title='bbox 1431 3589 1676 3645; x_wconf 88' lang='lat' dir='ltr'><strong>domum!</strong></span> <span class='ocrx_word' id='word_1_326' title='bbox 1740 3589 2081 3663; x_wconf 75' lang='lat' dir='ltr'><strong>Spenyelius</strong></span> <span class='ocrx_word' id='word_1_327' title='bbox 2252 3589 2289 3646; x_wconf 90' lang='lat'><strong>3</strong></span> <span class='ocrx_word' id='word_1_328' title='bbox 2336 3606 2493 3663; x_wconf 85' lang='lat' dir='ltr'><strong>quam</strong></span> <span class='ocrx_word' id='word_1_329' title='bbox 2550 3591 2693 3658; x_wconf 64' lang='lat' dir='ltr'><strong>cod„</strong></span> <span class='ocrx_word' id='word_1_330' title='bbox 2752 3590 2907 3662; x_wconf 78' lang='lat' dir='ltr'><strong>quod</strong></span> 
     </span>
     <span class='ocr_line' id='line_1_37' title="bbox 604 3671 2903 3746; baseline -0.001 -16"><span class='ocrx_word' id='word_1_331' title='bbox 604 3680 798 3730; x_wconf 79' lang='lat' dir='ltr'><strong>tuetur</strong></span> <span class='ocrx_word' id='word_1_332' title='bbox 851 3673 1258 3729; x_wconf 79' lang='lat' dir='ltr'><strong>Lachmanmes</strong></span> <span class='ocrx_word' id='word_1_333' title='bbox 1312 3677 1371 3729; x_wconf 80' lang='lat' dir='ltr'><strong>in</strong></span> <span class='ocrx_word' id='word_1_334' title='bbox 1427 3674 1604 3730; x_wconf 73' lang='lat' dir='ltr'><strong>Lacr.</strong></span> <span class='ocrx_word' id='word_1_335' title='bbox 1652 3672 1774 3730; x_wconf 84' lang='lat'><strong>223</strong></span> <span class='ocrx_word' id='word_1_336' title='bbox 1832 3690 1936 3746; x_wconf 84' lang='lat' dir='ltr'><strong>qua</strong></span> <span class='ocrx_word' id='word_1_337' title='bbox 1995 3689 2080 3728; x_wconf 88' lang='lat' dir='ltr'><strong>me</strong></span> <span class='ocrx_word' id='word_1_338' title='bbox 2129 3671 2333 3729; x_wconf 81' lang='lat' dir='ltr'><strong>Carrio</strong></span> <span class='ocrx_word' id='word_1_339' title='bbox 2390 3674 2521 3730; x_wconf 79' lang='lat' dir='ltr'><strong>Ant.</strong></span> <span class='ocrx_word' id='word_1_340' title='bbox 2566 3676 2697 3730; x_wconf 80' lang='lat' dir='ltr'><strong>lect.</strong></span> <span class='ocrx_word' id='word_1_341' title='bbox 2744 3673 2781 3730; x_wconf 97' lang='lat' dir='ltr'><strong><em>I</em></strong></span> <span class='ocrx_word' id='word_1_342' title='bbox 2825 3672 2903 3728; x_wconf 90' lang='lat'><strong>13</strong></span> 
     </span>
     <span class='ocr_line' id='line_1_38' title="bbox 603 3756 2903 3831; baseline 0.001 -19"><span class='ocrx_word' id='word_1_343' title='bbox 603 3774 707 3831; x_wconf 85' lang='lat' dir='ltr'><strong>qua</strong></span> <span class='ocrx_word' id='word_1_344' title='bbox 750 3759 908 3813; x_wconf 81' lang='lat' dir='ltr'><strong>malit</strong></span> <span class='ocrx_word' id='word_1_345' title='bbox 955 3757 1314 3830; x_wconf 75' lang='lat' dir='ltr'><strong>Spenydius,</strong></span> <span class='ocrx_word' id='word_1_346' title='bbox 1369 3758 1632 3830; x_wconf 77' lang='lat' dir='ltr'><strong>fortasse</strong></span> <span class='ocrx_word' id='word_1_347' title='bbox 1675 3766 1837 3813; x_wconf 81' lang='lat' dir='ltr'><strong>recte</strong></span> <span class='ocrx_word' id='word_1_348' title='bbox 2006 3756 2047 3813; x_wconf 84' lang='lat'>4</span> <span class='ocrx_word' id='word_1_349' title='bbox 2093 3758 2401 3814; x_wconf 77' lang='lat' dir='ltr'><strong>trochaeos</strong></span> <span class='ocrx_word' id='word_1_350' title='bbox 2459 3775 2587 3814; x_wconf 83' lang='lat' dir='ltr'><strong>cum</strong></span> <span class='ocrx_word' id='word_1_351' title='bbox 2651 3758 2903 3815; x_wconf 75' lang='lat' dir='ltr'><strong>Vsenero</strong></span> 
     </span>
     <span class='ocr_line' id='line_1_39' title="bbox 602 3841 2907 3913; baseline 0.001 -16"><span class='ocrx_word' id='word_1_352' title='bbox 602 3857 758 3899; x_wconf 70' lang='lat' dir='ltr'><strong>:runc</strong></span> <span class='ocrx_word' id='word_1_353' title='bbox 809 3844 941 3898; x_wconf 79' lang='lat' dir='ltr'><strong>dedi</strong></span> <span class='ocrx_word' id='word_1_354' title='bbox 988 3859 1108 3913; x_wconf 83' lang='lat' dir='ltr'><strong>pro.</strong></span> <span class='ocrx_word' id='word_1_355' title='bbox 1145 3843 1344 3898; x_wconf 76' lang='lat' dir='ltr'><strong>iambis</strong></span> <span class='ocrx_word' id='word_1_356' title='bbox 1556 3858 1676 3897; x_wconf 91' lang='lat' dir='ltr'><strong>cum</strong></span> <span class='ocrx_word' id='word_1_357' title='bbox 1726 3841 1987 3897; x_wconf 82' lang='lat' dir='ltr'><strong>Mercurio</strong></span> <span class='ocrx_word' id='word_1_358' title='bbox 2032 3860 2138 3899; x_wconf 86' lang='lat' dir='ltr'><strong>om.</strong></span> <span class='ocrx_word' id='word_1_359' title='bbox 2186 3842 2411 3899; x_wconf 78' lang='lat' dir='ltr'><strong>Paulus</strong></span> <span class='ocrx_word' id='word_1_360' title='bbox 2624 3842 2713 3898; x_wconf 80' lang='lat' dir='ltr'><strong>An</strong></span> <span class='ocrx_word' id='word_1_361' title='bbox 2774 3849 2907 3913; x_wconf 81' lang='lat' dir='ltr'><strong>post</strong></span> 
     </span>
     <span class='ocr_line' id='line_1_40' title="bbox 601 3926 2904 3999; baseline 0 -17"><span class='ocrx_word' id='word_1_362' title='bbox 601 3926 884 3982; x_wconf 89' lang='lat' dir='ltr'><strong>consilium</strong></span> <span class='ocrx_word' id='word_1_363' title='bbox 928 3930 1172 3999; x_wconf 76' lang='lat' dir='ltr'><strong>yrauius</strong></span> <span class='ocrx_word' id='word_1_364' title='bbox 1226 3928 1774 3998; x_wconf 76' lang='lat' dir='ltr'><strong>interpunyendum,</strong></span> <span class='ocrx_word' id='word_1_365' title='bbox 1831 3929 2056 3999; x_wconf 75' lang='lat' dir='ltr'><strong>reliqua</strong></span> <span class='ocrx_word' id='word_1_366' title='bbox 2113 3930 2299 3983; x_wconf 76' lang='lat' dir='ltr'><strong>oratio</strong></span> <span class='ocrx_word' id='word_1_367' title='bbox 2359 3933 2423 3983; x_wconf 78' lang='lat' dir='ltr'><strong>ut</strong></span> <span class='ocrx_word' id='word_1_368' title='bbox 2466 3944 2580 3983; x_wconf 80' lang='lat' dir='ltr'><strong>non</strong></span> <span class='ocrx_word' id='word_1_369' title='bbox 2637 3928 2904 3984; x_wconf 79' lang='lat' dir='ltr'><strong>absoluta</strong></span> 
     </span>
     <span class='ocr_line' id='line_1_41' title="bbox 601 4009 2902 4085; baseline 0 -19"><span class='ocrx_word' id='word_1_370' title='bbox 601 4014 715 4067; x_wconf 81' lang='lat' dir='ltr'><strong>sit?</strong></span> <span class='ocrx_word' id='word_1_371' title='bbox 886 4012 923 4067; x_wconf 90' lang='lat'>5</span> <span class='ocrx_word' id='word_1_372' title='bbox 972 4009 1256 4082; x_wconf 80' lang='lat' dir='ltr'><strong>Supplere</strong></span> <span class='ocrx_word' id='word_1_373' title='bbox 1291 4014 1487 4081; x_wconf 79' lang='lat' dir='ltr'><strong>possis</strong></span> <span class='ocrx_word' id='word_1_374' title='bbox 1529 4012 1631 4084; x_wconf 69' lang='lat' dir='ltr'><strong>{ige</strong></span> <span class='ocrx_word' id='word_1_375' title='bbox 1676 4012 1776 4065; x_wconf 77' lang='lat' dir='ltr'><strong>iam</strong></span> <span class='ocrx_word' id='word_1_376' title='bbox 1820 4013 1912 4065; x_wconf 81' lang='lat' dir='ltr'><strong>uel</strong></span> <span class='ocrx_word' id='word_1_377' title='bbox 1957 4011 2104 4085; x_wconf 80' lang='lat' dir='ltr'><strong>agite</strong></span> <span class='ocrx_word' id='word_1_378' title='bbox 2274 4020 2515 4067; x_wconf 80' lang='lat' dir='ltr'><strong>actutum</strong></span> <span class='ocrx_word' id='word_1_379' title='bbox 2562 4014 2790 4066; x_wconf 77' lang='lat' dir='ltr'><strong>recenti</strong></span> <span class='ocrx_word' id='word_1_380' title='bbox 2829 4027 2902 4066; x_wconf 92' lang='lat' dir='ltr'><strong>m.</strong></span> 
     </span>
     <span class='ocr_line' id='line_1_42' title="bbox 603 4094 2904 4166; baseline -0.001 -14"><span class='ocrx_word' id='word_1_381' title='bbox 603 4098 922 4166; x_wconf 77' lang='lat' dir='ltr'><strong>ascriptum</strong></span> <span class='ocrx_word' id='word_1_382' title='bbox 986 4097 1046 4150; x_wconf 80' lang='lat' dir='ltr'><strong>in</strong></span> <span class='ocrx_word' id='word_1_383' title='bbox 1116 4095 1346 4152; x_wconf 80' lang='lat' dir='ltr'><strong>Monac.</strong></span> <span class='ocrx_word' id='word_1_384' title='bbox 1406 4096 1657 4151; x_wconf 57' lang='lat' dir='ltr'><strong>actuum</strong></span> <span class='ocrx_word' id='word_1_385' title='bbox 1714 4095 1905 4151; x_wconf 76' lang='grc' dir='ltr'><strong><em>Ρανίε.</em></strong></span> <span class='ocrx_word' id='word_1_386' title='bbox 1962 4096 2012 4149; x_wconf 82' lang='grc' dir='ltr'><em>Α</em></span> <span class='ocrx_word' id='word_1_387' title='bbox 2078 4097 2313 4151; x_wconf 80' lang='lat' dir='ltr'><strong>actiuum</strong></span> <span class='ocrx_word' id='word_1_388' title='bbox 2371 4096 2567 4152; x_wconf 77' lang='lat' dir='ltr'><strong>Paris,</strong></span> <span class='ocrx_word' id='word_1_389' title='bbox 2615 4095 2669 4148; x_wconf 89' lang='lat' dir='ltr'><em>B</em></span> <span class='ocrx_word' id='word_1_390' title='bbox 2723 4094 2904 4163; x_wconf 60' lang='lat' dir='ltr'><strong>Mon„</strong></span> 
     </span>
     <span class='ocr_line' id='line_1_43' title="bbox 605 4177 2904 4252; baseline -0.003 -16"><span class='ocrx_word' id='word_1_391' title='bbox 605 4198 712 4237; x_wconf 88' lang='lat' dir='ltr'><strong>om.</strong></span> <span class='ocrx_word' id='word_1_392' title='bbox 773 4181 899 4236; x_wconf 77' lang='lat' dir='ltr'><strong>edd.</strong></span> <span class='ocrx_word' id='word_1_393' title='bbox 958 4186 1094 4235; x_wconf 71' lang='grc' dir='ltr'><strong>νεα.</strong></span> <span class='ocrx_word' id='word_1_394' title='bbox 1268 4185 1443 4252; x_wconf 83' lang='lat' dir='ltr'><strong>empta</strong></span> <span class='ocrx_word' id='word_1_395' title='bbox 1489 4178 1663 4234; x_wconf 82' lang='lat' dir='ltr'><strong>Noltis</strong></span> <span class='ocrx_word' id='word_1_396' title='bbox 1710 4177 1836 4234; x_wconf 62' lang='lat' dir='ltr'><strong>‘ma</strong></span> <span class='ocrx_word' id='word_1_397' title='bbox 1873 4179 2038 4236; x_wconf 59' lang='lat' dir='ltr'><strong>cod?</strong></span> <span class='ocrx_word' id='word_1_398' title='bbox 2087 4179 2145 4236; x_wconf 88' lang='lat' dir='ltr'><strong>C.</strong></span> <span class='ocrx_word' id='word_1_399' title='bbox 2195 4179 2458 4252; x_wconf 78' lang='lat' dir='ltr'><strong>Scioppii</strong></span> <span class='ocrx_word' id='word_1_400' title='bbox 2628 4195 2737 4232; x_wconf 91' lang='lat' dir='ltr'><strong>non</strong></span> <span class='ocrx_word' id='word_1_401' title='bbox 2783 4192 2904 4231; x_wconf 88' lang='lat' dir='ltr'><strong>emo</strong></span> 
     </span>
     <span class='ocr_line' id='line_1_44' title="bbox 606 4262 2902 4335; baseline -0.001 -15"><span class='ocrx_word' id='word_1_402' title='bbox 606 4266 699 4320; x_wconf 83' lang='lat' dir='ltr'><strong>uel</strong></span> <span class='ocrx_word' id='word_1_403' title='bbox 742 4281 853 4319; x_wconf 87' lang='lat' dir='ltr'><strong>nou</strong></span> <span class='ocrx_word' id='word_1_404' title='bbox 897 4263 1033 4333; x_wconf 81' lang='lat' dir='ltr'><strong>erit,</strong></span> <span class='ocrx_word' id='word_1_405' title='bbox 1080 4271 1142 4320; x_wconf 78' lang='lat' dir='ltr'><strong>ut</strong></span> <span class='ocrx_word' id='word_1_406' title='bbox 1186 4266 1460 4320; x_wconf 78' lang='lat' dir='ltr'><strong>senam‘us</strong></span> <span class='ocrx_word' id='word_1_407' title='bbox 1498 4266 1638 4335; x_wconf 81' lang='lat' dir='ltr'><strong>fiat,</strong></span> <span class='ocrx_word' id='word_1_408' title='bbox 1699 4263 2100 4320; x_wconf 77' lang='lat' dir='ltr'><strong>Buechelerus</strong></span> <span class='ocrx_word' id='word_1_409' title='bbox 2359 4263 2762 4334; x_wconf 76' lang='lat' dir='ltr'><strong>Septenan&#39;um</strong></span> <span class='ocrx_word' id='word_1_410' title='bbox 2809 4262 2902 4318; x_wconf 78' lang='lat' dir='ltr'><strong>uel</strong></span> 
     </span>
     <span class='ocr_line' id='line_1_45' title="bbox 606 4346 1989 4417; baseline -0.004 -11"><span class='ocrx_word' id='word_1_411' title='bbox 606 4346 788 4406; x_wconf 76' lang='lat' dir='ltr'><strong>eadem</strong></span> <span class='ocrx_word' id='word_1_412' title='bbox 835 4349 938 4402; x_wconf 82' lang='lat' dir='ltr'><strong>erit</strong></span> <span class='ocrx_word' id='word_1_413' title='bbox 983 4350 1190 4404; x_wconf 74' lang='lat' dir='ltr'><strong>:celest</strong></span> <span class='ocrx_word' id='word_1_414' title='bbox 1235 4347 1361 4402; x_wconf 86' lang='lat' dir='ltr'><strong>item</strong></span> <span class='ocrx_word' id='word_1_415' title='bbox 1408 4349 1758 4405; x_wconf 81' lang='lat' dir='ltr'><strong>concludere</strong></span> <span class='ocrx_word' id='word_1_416' title='bbox 1802 4351 1989 4417; x_wconf 79' lang='lat' dir='ltr'><strong>potuit</strong></span> 
     </span>
    </p>
   </div>
  </div>
 </body>
</html>
