3400 5075
633 358 717 422 34
764 300 777 313 υ
1605 357 1950 420 AQVILIVS

809 515 980 580 Nam
1031 512 1278 602 [unum]
1332 537 1430 577 me
1479 536 1679 598 puero
1728 516 1956 577 uenter
2004 518 2143 578 erat
2191 515 2496 579 solarium

721 634 762 694 ζ)
808 630 1015 696 Multo
1065 631 1354 694 omnium
1401 631 1674 694 istorum
1723 631 2059 713 6ptumum
2108 633 2173 694 et
2218 628 2674 695 uerissumum:

809 746 936 811 Vbi
985 748 1038 809 is
1086 749 1219 810 non
1267 745 1575 809 monebat
1621 747 1788 828 esse,
1835 745 1960 808 m'si
2009 767 2202 827 quom
2251 744 2348 808 11ss
2396 748 2578 809 erat?

807 860 996 925 Nune
1047 863 1239 925 etiam
1288 884 1480 944 quom
1530 863 1653 943 est,
1702 882 1835 925 non
1884 860 2088 943 estur,
2132 859 2256 923 nisi
2306 859 2434 924 soh'
2478 861 2670 925 lubet.

814 975 1040 1059 Itaque
1091 977 1250 1039 adeo
1297 978 1425 1039 iam
1475 976 1812 1059 oppletum
1860 973 2233 1058 oppidumst
2282 975 2553 1059 solariis»,

812 1090 1020 1153 Mai6r
1068 1113 1218 1174 pars
1266 1091 1486 1174 populi
1535 1094 1609 1152 ut
1655 1089 1815 1152 {iridi
1864 1091 2123 1172 reptent
2167 1090 2354 1153 fame.

624 1268 731 1327 Qui
757 1267 1009 1331 quoniam
1038 1266 1342 1330 ‘oppletum
1368 1281 1489 1315 esse
1516 1266 1739 1315 solariis
1763 1265 2042 1331 oppidum’
2082 1281 2190 1315 non
2226 1266 2333 1315 nisi
2359 1265 2573 1331 aliquot
2605 1267 2764 1316 annis
2800 1272 2925 1330 post

621 1334 926 1383 DLXXXX
963 1332 1167 1397 (Plinio
1203 1348 1254 1381 n.
1294 1333 1344 1382 h.
1383 1332 1488 1382 VII
1534 1349 1580 1385 c.
1625 1335 1691 1381 60
1738 1331 1988 1398 auctore)
2038 1339 2188 1383 recte
2234 1333 2342 1383 dici
2379 1335 2635 1398 potuerit,
2686 1334 2924 1398 septimo

623 1401 838 1451 demum
881 1401 1100 1451 saeculo
1148 1415 1340 1449 uersus
1377 1399 1499 1450 illos
1538 1401 1716 1450 ueteri
1753 1399 1979 1454 fabulae
2019 1401 2283 1451 Boeotiae
2329 1416 2516 1452 rursus
2567 1402 2624 1450 in
2661 1416 2925 1451 scaenam

622 1468 887 1518 reductae
926 1470 1185 1529 insertos,
1226 1468 1456 1517 Varroni
1493 1474 1699 1526 autem,
1739 1473 1802 1517 ut
1837 1468 1929 1532 qui
1966 1466 2131 1517 aliter
2167 1484 2235 1517 ne
2276 1470 2519 1532 potuerit
2555 1468 2774 1531 quidem
2826 1474 2925 1519 aut

622 1536 687 1586 de
725 1537 924 1586 Plauto
962 1542 1059 1586 aut
1096 1535 1163 1585 de
1201 1535 1374 1584 Atilio
1412 1536 1684 1598 cogitare,
1724 1537 1941 1585 omuino
1978 1550 2084 1585 non
2123 1535 2300 1585 lectos
2326 1551 2448 1585 esse
2480 1537 2736 1585 coniecit.
2810 1536 2917 1586 Sed

621 1609 798 1654 restat
840 1603 1144 1669 scrupulus.
1234 1604 1341 1665 Qui
1388 1604 1531 1652 enim
1575 1604 1853 1667 parasitus
1902 1601 2026 1665 ille,
2083 1603 2130 1652 si
2171 1604 2406 1667 septimo
2443 1604 2671 1653 saeculo
2712 1602 2921 1652 solaria

622 1671 981 1734 querebatur,
1035 1685 1260 1721 narrare
1314 1674 1533 1734 poterat
1589 1686 1647 1719 se
1702 1684 1868 1734 puero
1925 1669 2132 1719 nullum
2186 1670 2438 1720 extitisse
2497 1671 2762 1721 solarium
2816 1672 2925 1720 nisi

620 1744 895 1801 uentrem,
945 1738 1165 1802 quando
1200 1738 1310 1787 iam
1350 1752 1491 1787 anno
1529 1738 1680 1788 urbis
1709 1736 2183 1786 cccchxxxxl
2220 1738 2452 1802 primum
2489 1738 2835 1801 horologium
2863 1738 2918 1786 in

622 1806 844 1871 publico
870 1811 1139 1856 statutum
1180 1805 1352 1855 fuisse
1391 1805 1639 1855 docuerit
1675 1806 1851 1854 Varro
1887 1809 2031 1854 teste
2068 1804 2252 1854 Plinio
2289 1804 2325 1856 1.
2350 1804 2422 1858 L?
2492 1806 2565 1854 Et
2603 1805 2671 1855 de
2710 1804 2921 1855 abolito

621 1880 771 1923 certe
798 1874 1016 1923 accensi
1038 1873 1320 1921 meridiem
1345 1871 1721 1936 proclamandi
1741 1871 1924 1922 officio
1944 1877 2138 1936 aperte
2165 1871 2366 1922 (licitur
2392 1873 2449 1921 in
2477 1888 2541 1922 eo
2567 1888 2732 1922 uersu
2759 1887 2922 1936 quem

620 1941 864 1990 seruauit
887 1942 1005 2005 ipse
1023 1940 1194 1988 Varro
1217 1939 1336 2002 (11).
1361 1940 1555 2001 ltaque
1581 1937 1749 1988 nolim
1774 1937 1971 1995 Gellio.
1998 1940 2091 2003 qui
2116 1939 2291 2003 ipsius
2317 1939 2578 1989 Varronis
2605 1940 2672 1989 de
2700 1955 2915 1990 comoe-

620 2008 728 2057 diis
755 2008 1025 2057 Plautinis
1051 2005 1219 2056 libros
1245 2007 1591 2071 excerpsisse
1617 2006 1855 2067 uidetur,
1894 2005 2054 2055 fidem
2079 2020 2233 2057 suam
2266 2006 2561 2071 derogare,
2601 2007 2697 2057 sed
2737 2007 2923 2070 potius

622 2077 701 2125 ita
720 2080 988 2137 statuere,
1015 2075 1313 2139 parasitum
1332 2080 1576 2123 nostrum
1597 2088 1826 2138 puerum
1852 2074 2025 2124 fuisse
2047 2076 2178 2123 ante
2199 2089 2401 2124 annum
2422 2073 2922 2132 CCCCLXXXXI,

622 2141 821 2192 deinde
849 2142 1015 2193 semel
1042 2146 1251 2191 statuto
1290 2140 1511 2206 publico
1538 2140 1818 2205 horologio
1855 2140 2103 2205 priuatos
2140 2155 2357 2207 quoque
2396 2140 2649 2192 homiues
2679 2141 2734 2191 in
2773 2142 2921 2202 ciue,

620 2209 763 2275 quod
800 2225 907 2259 non
945 2209 1082 2259 adeo
1121 2207 1352 2258 difficile
1389 2208 1459 2258 ad
1493 2207 1819 2258 imitandum
1858 2208 2059 2269 fuerit,
2096 2210 2339 2273 speciem
2378 2210 2633 2273 exempla
2668 2210 2725 2258 in
2763 2224 2919 2258 suum

620 2293 774 2327 usum
800 2278 906 2327 sibi
935 2290 1274 2342 procurasse.
1325 2278 1668 2339 Quamquam
1696 2291 1766 2325 ne
1794 2274 1928 2325 illud
1957 2275 2193 2340 quidem,
2232 2277 2280 2326 si
2305 2275 2435 2341 quid
2459 2275 2643 2339 uideo,
2668 2281 2919 2326 ueterum
3009 2292 3023 2304 ·

618 2346 939 2396 auctoritati
966 2333 1288 2409 ‘repugnet,
1326 2345 1373 2393 si
1410 2344 1632 2408 publico
1671 2348 1890 2407 sumptu
1917 2359 2016 2408 per
2038 2343 2227 2394 urbem
2265 2342 2423 2408 plura
2448 2344 2656 2394 solaria
2693 2359 2759 2394 eo
2786 2349 2923 2392 tem—

621 2429 753 2478 pore
780 2414 1077 2463 distributa
1116 2412 1287 2461 fuisse
1315 2426 1516 2464 sumas.
1581 2411 1719 2461 Nam
1745 2411 1826 2460 ita
1851 2409 2068 2460 Plinius
2097 2409 2131 2461 1.
2159 2410 2226 2460 l.=
2265 2410 2595 2476 ‘paruerunt
2632 2416 2816 2460 tamen
2844 2411 2919 2460 ei’

619 2480 787 2546 (quod
836 2497 864 2528 e
903 2480 1101 2529 Sicilia
1136 2479 1534 2544 deportauerat
1569 2479 1647 2526 Μ’
1696 2477 1949 2527 Valerius
1996 2472 2262 2539 Messala)
2311 2479 2494 2528 ‘annis
2533 2478 2920 2541 undecentum,

619 2550 795 2598 donec
832 2549 897 2609 Q.
935 2548 1180 2597 Marcius
1215 2547 1529 2612 Philippus,
1567 2548 1661 2609 qui
1700 2561 1823 2597 cum
1864 2547 1928 2599 L.
1968 2545 2140 2597 Paulo
2190 2547 2296 2597 fuit
2333 2562 2557 2609 censor,
2597 2546 2921 2610 diligentius

618 2617 926 2667 ordinatum
963 2617 1116 2664 iuxta
1152 2615 1376 2679 posuit’,
1417 2617 1722 2678 paruerunt
1764 2614 1821 2663 ni
1857 2613 2050 2663 mirum
2086 2614 2308 2664 artificii
2345 2615 2562 2679 generi,
2609 2612 2753 2678 quod
2801 2627 2920 2661 cum

619 2685 892 2748 corrigere
936 2698 1045 2732 non
1093 2683 1324 2742 scirent,
1384 2682 1563 2745 repeti
1610 2685 1797 2730 tamen
1842 2679 2075 2731 infinitis
2120 2681 2388 2747 exemplis
2433 2680 2572 2731 nihil
2625 2678 2921 2745 inpediuit.

617 2751 801 2815 Aquili
837 2756 1022 2800 autem
1050 2765 1247 2799 nomen
1283 2763 1542 2813 spernere
1571 2762 1694 2798 cum
1730 2746 2036 2798 Bitschelio
2063 2748 2099 2798 1.
2122 2748 2159 2799 l.
2186 2751 2283 2800 130
2320 2748 2440 2812 (qui
2474 2747 2702 2798 Atilium
2739 2763 2790 2812 p.
2821 2749 2921 2797 124

621 2820 939 2868 dubitanter
974 2813 1287 2880 substituit)
1336 2831 1502 2866 ausus
1547 2830 1654 2866 non
1690 2830 1838 2877 sum,
1882 2815 2030 2880 quod
2067 2832 2096 2866 e
2136 2816 2385 2867 tenebris
2421 2814 2662 2879 quidem,
2699 2829 2917 2879 quoquo

787 2986 825 3040 4
875 3002 1040 3041 unum
1087 2984 1368 3040 Hertzius
1413 2991 1654 3040 rement.
1708 2985 1952 3041 Gellian.
2014 2985 2061 3040 V
2100 2980 2308 3056 (1868)
2346 3002 2412 3056 p.
2463 2983 2562 3053 18,
2609 2999 2715 3040 οηι.
2767 2984 2917 3039 libri.

619 3072 746 3128 olim
803 3072 1154 3127 Rilscleelius
1207 3069 1454 3141 Paret-9.
1502 3068 1583 3126 83
1760 3087 1880 3125 nam
1937 3085 2020 3124 me
2077 3071 2235 3124 etiam
2293 3084 2463 3141 puero
2509 3070 2653 3124 idem
2705 3086 2919 3139 propo-

617 3164 839 3213 suerat.
929 3171 1050 3210 nam
1099 3161 1292 3210 uenter
1347 3171 1431 3209 me
1488 3170 1659 3228 puero
1722 3171 1886 3210 unum
1932 3161 2045 3209 erat
2090 3155 2185 3210 uel
2229 3169 2349 3208 nam
2407 3168 2577 3226 puero
2624 3168 2708 3207 me
2755 3168 2919 3208 unum

618 3257 668 3296 e.
728 3261 781 3314 q.
829 3256 874 3295 s.
964 3240 1207 3295 iactauit
1263 3238 1696 3294 CFWMueIIer
1746 3240 1979 3310 prosod.
2037 3238 2230 3294 Plani.
2295 3237 2413 3294 106
2769 3244 2923 3290 ueter

1771 3321 1994 3367 optumum

636 3377 759 3433 ναι.
807 3383 957 3430 uetct
1005 3374 1144 3447 Περ.
1205 3355 1309 3429 uet—
1343 3374 1498 3429 Rou.
1676 3371 1714 3427 5
1762 3375 1999 3463 omnium
2064 3373 2187 3427 Vae.
2249 3372 2511 3444 optimum
2566 3371 2710 3427 Par.
2762 3370 2915 3425 Rolt.

787 3477 823 3533 G
870 3475 961 3531 ubi
1006 3476 1051 3530 is
1084 3492 1190 3531 non
1222 3477 1438 3546 scripsi
1466 3473 1674 3546 (minus
1699 3476 1899 3545 placet
1948 3472 2034 3527 ubi
2084 3471 2128 3527 is
2174 3488 2271 3526 nec
2305 3488 2376 3526 m.
2423 3478 2525 3528 aui
2555 3468 2919 3541 demenehut.)

619 3561 706 3617 ubi
740 3563 841 3616 iste
880 3562 1019 3617 libri
1049 3558 1222 3615 ubiuis
1267 3567 1352 3614 ste
1385 3560 1680 3628 Her-ttius,
1721 3559 1998 3629 probauit
2028 3557 2445 3612 Fleckeisenus
2473 3558 2528 3609 in
2563 3557 2811 3626 epistula
2845 3556 2924 3610 ad

617 3663 744 3702 eum
776 3665 812 3700 a
849 3645 1011 3700 1854
1056 3647 1194 3701 dala
1232 3661 1297 3714 p.
1332 3643 1414 3700 20
1446 3643 1535 3699 ubi
1567 3641 1656 3698 ubi
1690 3660 1819 3698 cum
1866 3643 1990 3697 edd.
2039 3648 2177 3698 neti.
2211 3640 2564 3696 Ru'tschelius
2593 3640 2736 3694 iuste
2770 3634 2917 3710 (scil.

615 3735 764 3787 iusto
822 3728 1096 3801 tempore)
1146 3728 1546 3784 Buechelerus
1716 3727 1957 3799 Inteyra
2013 3728 2295 3781 sententia
2355 3715 2643 3781 excidisse
2689 3725 2923 3780 uidetur

619 3813 1081 3872 CFWMuellero
1126 3816 1165 3869 Ι.
1230 3815 1268 3868 ἱ.
1328 3811 1450 3869 364
1711 3809 1872 3867 nichil
1936 3811 2056 3867 Vat.
2111 3808 2257 3864 Roet.
2306 3808 2438 3865 nihil
2485 3810 2670 3864 ceteri

619 3900 652 3955 7
701 3916 865 3972 quom
913 3898 1154 3954 Bothius
1210 3895 1357 3970 quod
1411 3897 1548 3952 libri
1596 3897 1864 3967 plerique
1920 3894 2047 3967 quid
2096 3893 2250 3949 Rote.
2425 3901 2591 3968 estur?
2623 3894 2749 3948 edd.
2799 3899 2917 3949 ant.

616 3993 699 4040 est
757 3985 895 4039 libri
1064 3981 1193 4037 libet
1268 3981 1393 4037 Vat.
1451 3980 1591 4034 Par.
1654 3979 1807 4035 Roet.
1982 3977 2021 4034 8
2079 3976 2336 4051 oppidum
2394 3986 2480 4033 est
2534 3977 2780 4033 Bothius
2836 3985 2921 4031 est

617 4067 876 4143 oppidum
931 4067 1069 4123 libri
1324 4064 1359 4120 9
1418 4063 1605 4137 populi
1663 4070 1722 4117 ut
1779 4061 1910 4118 aridi
1965 4069 2181 4136 reptent
2238 4062 2594 4118 Bitschelius
2650 4059 2918 4135 populiari

616 4186 845 4260 direpti:t
879 4188 1031 4244 Rou.
1062 4185 1249 4260 populi
1282 4182 1414 4240 aridi
1446 4192 1660 4256 reptant
1708 4186 1889 4239 ceteri
1928 4183 2090 4252 libri,
2138 4185 2253 4239 nisi
2293 4183 2447 4253 quod
2487 4149 2708 4254 repetant
2756 4178 2914 4233 Vinci.

618 4271 804 4344 populi
849 4273 950 4327 iam
996 4270 1127 4326 aridi
1174 4276 1388 4343 reptant
1419 4268 1699 4323 Hertzius
1729 4268 1887 4336 olim,
1935 4268 2040 4322 sed
2066 4267 2210 4322 idem
2241 4282 2400 4322 nunc
2430 4279 2674 4321 suasore
2704 4260 2916 4316 Fleclc·

616 4360 808 4410 eiseno
853 4358 892 4410 1.
938 4359 975 4409 l.
1023 4355 1098 4410 21
1150 4355 1525 4410 Ritsehelium
1570 4356 1832 4425 sequitur
