3400 5075
656 343 745 408 48
1476 346 1862 397 CAECILIVS
1902 347 2203 398 STATIVS

1704 500 1771 563 11
1818 499 1918 584 (8)

841 614 1046 680 Fssius
1093 637 1274 680 meus
1322 614 1391 678 1'n
1439 638 1539 678 me
1587 613 1828 677 incedit
1877 611 2144 700 [eccum]
2196 620 2298 679 sat
2343 618 2553 682 hilara
2600 618 2874 683 schema.

658 783 1206 849 comoediographum
1264 782 1540 832 inducitur
1591 787 1752 846 pater
1809 781 2028 845 qnidam
2075 784 2167 849 qui
2217 784 2461 834 habebat
2505 785 2641 836 duos
2691 786 2848 848 filios,
2905 795 2966 836 et

659 852 875 914 illum,
912 866 1105 917 quem
1131 850 1286 900 odio
1310 850 1633 910 habebat,
1669 864 1895 899 secum
1921 850 2252 912 habebat,
2281 867 2467 915 quem
2495 854 2786 916 amabat,
2823 858 3004 914 ruris

660 920 862 970 dedit.
935 920 1081 983 Ergo
1120 919 1298 978 uides,
1345 919 1474 980 quia
1521 917 1732 966 amauit
1770 916 2020 965 Roscium
2075 923 2260 982 pater,
2309 919 2580 983 siquidem
2630 920 2773 971 huuc
2813 924 2963 987 agris

660 986 943 1047 dederat,’
995 986 1053 1035 id
1103 985 1280 1049 magis
1325 1001 1390 1035 ex
1427 984 1652 1048 iugenio
1699 985 2143 1035 commentatoris
2193 1000 2354 1048 quam
2403 1002 2468 1035 ex
2516 993 2671 1038 certa
2724 989 2965 1040 scientia

659 1055 883 1104 fluxisse
911 1053 1141 1104 uidetur.
1215 1050 1621 1101 ‘Menandrum’
1649 1066 1784 1100 sane
1811 1049 1948 1100 dicit
1973 1052 2354 1114 Quintilianus
2391 1054 2417 1103 1
2456 1056 2534 1116 10,
2574 1057 2662 1105 18:
2701 1059 2784 1104 ‘et
2819 1072 2852 1106 a
2893 1057 2963 1106 ud

660 1119 1020 1171 Menandrum
1050 1122 1106 1169 in
1129 1118 1571 1184 Hypobolimaeo
1609 1134 1813 1168 senex
1854 1121 2250 1182 reposcenti
2291 1119 2515 1170 filium
2555 1123 2734 1186 patri
2771 1073 2966 1173 uelut

661 1190 991 1239 rationem
1028 1186 1544 1252 impendiorum,
1582 1200 1750 1249 quae
1792 1186 1854 1233 in
1893 1186 2365 1237 educationem
2393 1188 2814 1252 contulerat,
2852 1207 2962 1256 op-

661 1271 920 1320 ponens
959 1254 1215 1319 psaltis
1251 1269 1321 1303 se
1360 1258 1425 1303 et
1459 1253 1832 1318 geometris
1870 1252 2076 1302 multa
2114 1253 2288 1304 dicit
2325 1254 2650 1317 dedisse,‘
2702 1258 2799 1307 sed
2835 1259 2962 1309 iude

661 1339 797 1373 caue
836 1322 1132 1372 concludas
1168 1322 1226 1371 in
1252 1320 1577 1371 Caeciliana
1614 1319 1809 1370 fabula
1847 1335 1965 1369 eum
2007 1321 2182 1370 locum
2221 1337 2326 1371 non
2356 1323 2632 1372 extitisse:
2672 1340 2790 1374 cum
2820 1327 2963 1375 enim

662 1392 717 1439 in
757 1406 822 1439 eo
858 1392 932 1439 sit
968 1389 1379 1452 Quintilianus,
1416 1393 1477 1437 ut
1513 1388 1755 1452 antiquis
1781 1388 1949 1436 etiam
1974 1389 2312 1453 temporibus
2337 1390 2603 1440 musicam
2627 1391 2966 1444 demonstret

661 1459 895 1508 maximo
931 1457 989 1505 iu
1027 1456 1229 1507 honore
1266 1456 1465 1517 fuisse,
1504 1459 1678 1505 testes
1716 1455 1945 1518 primum
1972 1454 2165 1505 laudat
2190 1456 2433 1507 Graecos
2470 1457 2720 1509 homines
2757 1459 2964 1525 Pytha·

661 1540 848 1591 goram
886 1523 1176 1575 Platonem
1204 1524 1515 1588 Lycurgum
1543 1522 1819 1585 Archytan
1850 1523 2233 1574 Aristoxenum
2260 1524 2499 1590 Eupolin
2538 1527 2960 1591 Aristophanem

658 1592 1041 1652 Menandrum,
1077 1597 1192 1641 tum
1229 1592 1440 1641 demum
1477 1589 1545 1641 ad
1584 1591 1950 1639 Romanorum
1988 1590 2339 1655 disciplinam
2378 1594 2596 1643 transit.
2661 1594 2961 1645 Praeterea

660 1675 779 1710 cum
826 1659 1204 1710 Menandreae
1254 1657 1480 1709 fabulae
1519 1648 1958 1723 ’Τποβολιμαίος
2004 1646 2359 1724 ἢ”Αγροικος
2405 1659 2656 1724 reliquiis
2710 1661 2847 1712 nihil
2893 1678 2960 1712 ex

658 1726 1000 1778 Caeciliauis
1045 1731 1197 1777 certo
1245 1726 1495 1790 componi
1544 1730 1756 1790 potest,
1802 1725 1909 1773 nisi
1959 1726 2098 1788 quod
2146 1727 2287 1790 apud
2325 1727 2688 1777 Menandrum
2733 1729 2817 1778 111
2866 1731 2961 1790 (cf.

657 1796 751 1845 vl.
789 1795 858 1856 X)
897 1794 1129 1845 docetur
1163 1794 1434 1843 rationem
1474 1792 1639 1854 nihil,
1677 1807 1865 1842 casum
1905 1792 2089 1841 omnia
2126 1793 2340 1868 ualere,
2387 1794 2592 1845 similia
2630 1800 2812 1846 autem
2852 1796 2961 1846 dis·

655 1862 766 1912 seri
802 1863 1049 1912 conicias
1084 1861 1232 1926 apud
1267 1866 1512 1911 nostrum
1550 1860 1639 1911 VI.
1710 1860 1910 1909 Versui
1948 1859 2048 1910 XI:
2098 1851 2198 1910 τὸν
2247 1877 2468 1925 αμητα,
2517 1857 2816 1928 Χαίριππ’,
2854 1856 2961 1915 οὐκ

657 1922 759 1995 ἐᾷς
804 1925 1036 1980 πέττειν
1081 1918 1212 1979 τινά
1258 1927 1557 1992 suspiceris
1605 1928 1795 1978 nescio
1841 1926 1971 1991 quid
2017 1942 2141 1977 esse
2181 1943 2303 1977 cum
2342 1928 2685 1981 Caecilianis
2722 1931 2872 1992 vm,
2911 1931 2962 1981 si

659 1997 1008 2062 ‘placentae’
1046 1994 1184 2044 fides
1210 1995 1298 2044 sit.
1372 1995 1621 2058 Denique
1649 2009 1790 2058 quae
1819 1995 1874 2043 in
1903 1994 2159 2045 mulieres
2197 1994 2455 2045 dicuntur
2491 1996 2590 2048 IV:
2632 1992 2702 2047 τὰ
2740 1989 2959 2061 δεύτερ’

656 2062 750 2115 αεὶ
787 2056 896 2127 τὴν
983 2065 1198 2114 υναῖκα
1246 2060 1346 2113 δεῖ
1388 2057 1598 2125 λέγειν,
1652 2053 1778 2126 Τὴν
1822 2054 1884 2111 δ’
1932 2053 2251 2127 ἡγεμονίαν
2290 2060 2399 2112 τῶν
2445 2049 2596 2114 ὅλων
2647 2057 2749 2114 τὸν
2786 2056 2958 2131 ἄνδρ’

657 2127 831 2197 ἔχειν.
901 2129 951 2182 Ο
980 2142 1096 2206 ’tce'
1113 2121 1172 2180 δ’
1210 2120 1273 2179 ἐν
1309 2116 1352 2196 ᾦ
1391 2125 1461 2179 τὰ
1498 2122 1687 2179 πάντα
1723 2120 2003 2206 σξριυτεύεε(ν
2047 2122 2223 2205 γρνή,
2278 2121 2402 2182 Οὔκ
2449 2126 2604 2209 ἔστιν
2648 2122 2806 2191 ὅστις
2843 2128 2962 2184 παί-

656 2190 788 2249 ποτ’
825 2190 931 2249 οὐκ
968 2190 1261 2259 dormiero,
1298 2202 1356 2245 et
1396 2197 1556 2246 vm:
1591 2197 1817 2246 πολλων
1854 2212 2001 2246 κατα
2040 2213 2153 2263 γην
2190 2194 2289 2248 καὶ
2323 2214 2471 2248 κατα
2509 2198 2815 2250 θαλατταν
2850 2201 2959 2265 θη·

657 2265 795 2332 ρι’ων
832 2256 1047 2317 Ὄντων
1103 2254 1376 2330 μέγιστόν
1421 2255 1539 2315 ἔστι
1594 2263 1810 2327 θηρίον
1859 2259 2039 2328 γυνή,
2088 2280 2156 2314 ex
2204 2266 2286 2316 eis
2332 2265 2637 2316 Grauertus
2683 2267 2844 2318 Anal.
2893 2271 2954 2319 81

660 2334 900 2384 coniecit
924 2331 1417 2397 Hypobolimaeum
1454 2332 1544 2395 qui
1583 2346 1617 2379 a
1642 2331 1808 2380 Festo
1846 2331 2046 2380 dicitur
2082 2329 2531 2382 Chaerestratum
2566 2348 2689 2383 cum
2724 2335 2962 2400 simplici

659 2400 1095 2466 Hypobolimaeo
1142 2400 1459 2449 conuenire.
1537 2397 1693 2459 Quod
1741 2396 2024 2448 Ciceronis
2074 2414 2228 2462 quem
2272 2399 2541 2465 descripsi
2586 2400 2710 2452 loco
2754 2403 2957 2467 optime

658 2484 789 2519 sane
829 2467 1193 2519 confirmatur.
1262 2468 1402 2517 Item
1429 2464 1484 2513 id
1509 2465 1704 2515 doctus
1739 2465 1826 2514 uir
1852 2465 2215 2529 probabiliter
2250 2468 2556 2533 proposuit,
2595 2484 2734 2534 quae
2770 2470 2960 2535 Hypo-

659 2535 965 2587 bolimaeae
1004 2534 1325 2586 Rastrariae
1363 2533 1583 2584 nomine
1622 2531 1789 2596 uulgo
1829 2532 2105 2595 ferantur,
2154 2533 2220 2583 ad
2265 2534 2496 2585 eandem
2532 2536 2957 2601 Hypobolimaei

659 2605 780 2655 siue
806 2601 1233 2668 Hypobolimaei
1260 2600 1637 2651 Chaerestrati
1675 2600 1923 2650 fabulam
1960 2603 2256 2664 pertinere.
2332 2603 2497 2653 Certe
2525 2604 2761 2667 quodam
2796 2604 2957 2655 modo

659 2671 993 2721 conueniunt
1026 2669 1171 2719 inter
1206 2684 1265 2719 se
1301 2669 1447 2733 Hyp.
1486 2669 1509 2717 1
1549 2673 1605 2716 et
1641 2668 1787 2732 Hyp.
1829 2669 2011 2717 Rastr.
2051 2668 2094 2730 1,
2135 2669 2277 2733 Hyp.
2315 2671 2362 2718 V
2390 2675 2447 2720 et
2483 2670 2626 2735 Hyp.
2664 2670 2845 2721 Rustr.
2881 2671 2956 2733 11,

660 2739 803 2802 Hyp.
840 2737 917 2787 lv
954 2741 1011 2787 et
1044 2737 1187 2802 Hyp.
1224 2736 1405 2786 Rastr.
1442 2735 1516 2785 lv
1556 2735 1620 2798 V,
1657 2750 1763 2785 nec
1801 2735 2129 2785 aduersatur
2164 2735 2422 2787 librorum
2461 2739 2782 2788 auctoritas.
2843 2740 2956 2788 ita-

658 2820 762 2869 que
801 2809 915 2855 tres
942 2803 1182 2854 eiusdem
1210 2803 1524 2854 comoediae
1560 2801 1752 2853 titulos
1790 2802 2083 2851 habemus:
2123 2803 2728 2868 Hypobolimaeum
2772 2804 2955 2870 (quem

657 2872 1047 2922 ‘Subditiuum’
1072 2871 1424 2936 interpretati
1448 2876 1576 2920 sunt
1599 2867 1997 2935 grammatici),
2035 2870 2636 2936 Hypobolimaeum
2663 2872 2958 2924 Chaere-

659 2944 966 2999 stratum,
1006 2938 1607 3004 Hypobolimaeum
1647 2938 2093 2988 Rastrariam.
2167 2939 2456 2989 Rastraria
2492 2945 2675 2989 autem
2714 2942 2952 2991 indicem

660 3016 838 3058 utrum
878 3010 1041 3071 poeta
1079 3008 1196 3071 ipse
1232 3005 1469 3067 dederit,
1506 3005 1651 3070 quod
1689 3004 1994 3056 Grauertus
2031 3004 2230 3067 uoluit,
2279 3022 2350 3055 an
2388 3009 2735 3071 grammatici
2771 3011 2956 3074 potius

660 3074 1124 3139 excogitauerint,
1179 3079 1239 3121 ut
1286 3072 1524 3124 affirmat
1568 3072 1908 3123 Ritschelius
1957 3075 2180 3138 Parerg.
2229 3074 2255 3123 Ι
2302 3089 2351 3139 p.
2397 3074 2512 3137 XV,
2567 3080 2680 3124 tum
2742 3076 2955 3127 demum

661 3142 902 3208 perspici
940 3147 1141 3206 posset,
1178 3141 1235 3189 ni
1272 3140 1453 3201 fallor,
1489 3141 1536 3190 si
1574 3140 1640 3192 de
1677 3146 2004 3205 argumento
2040 3141 2162 3205 plus
2199 3146 2494 3191 constaret.
2555 3140 2643 3192 Ita
2681 3145 2826 3192 enim
2864 3160 2957 3207 ap·

654 3213 900 3275 pareret,
939 3207 1065 3256 uum
1101 3223 1238 3272 quae
1286 3212 1466 3257 rastro
1510 3208 1591 3258 illi
1638 3210 1693 3258 in
1731 3223 1909 3258 rerum
1943 3208 2187 3258 ordinem
2214 3208 2603 3273 explicandum
2630 3210 2714 3260 uis
2747 3211 2957 3260 tributa

656 3278 826 3327 fuerit
861 3291 1054 3324 necne.
1125 3274 1378 3324 Ceterum
1427 3276 1664 3340 repetita
1700 3275 1931 3325 fabulae
1978 3277 2200 3326 actione
2239 3282 2424 3341 potest
2469 3278 2664 3327 titulus
2712 3284 2952 3327 mutatus

658 3345 847 3394 fuisse.
896 3368 959 3378 -
1007 3342 1610 3407 Hypobolimaeum
1657 3343 2064 3394 Aeschinum
2109 3349 2290 3404 recte,
2346 3350 2407 3394 ut
2453 3343 2695 3406 uidetur,
2753 3346 2822 3394 ab
2869 3345 2954 3394 his

655 3411 1045 3462 discriminant
1079 3410 1382 3461 Grauertus
1419 3427 1467 3475 p.
1506 3413 1570 3461 ‘19
1605 3416 1664 3460 et
1700 3411 1794 3475 qui
1832 3415 2028 3460 contra
2064 3425 2183 3460 eum
2213 3409 2526 3462 Gelliauam
2563 3411 2719 3461 fidem
2758 3413 2953 3462 merito

653 3479 963 3528 uindicauit
996 3477 1330 3527 Ritschelius
1363 3477 1398 3528 l.
1434 3477 1468 3528 l.
1505 3477 1600 3540 (cf.
1637 3494 1687 3543 p.
1729 3476 1866 3540 135).

789 3546 814 3595 1
862 3546 1070 3595 Nonius
1117 3547 1240 3608 178,
1292 3547 1350 3595 17
1396 3544 1696 3606 ‘tetulit,
1743 3545 1869 3595 tulit
1906 3588 1917 3601 .
1958 3583 1969 3595 .
2007 3585 2021 3598 .
2059 3545 2339 3596 Caecilius
2388 3545 2950 3612 Hippobolimen:

655 3618 995 3664 aerumnam’
1035 3629 1082 3662 e.
1120 3629 1171 3676 q.
1211 3629 1254 3663 s.
1328 3612 1891 3677 (Hypobolimaeo
1936 3613 2208 3678 Scaliger)
2358 3613 2411 3663 11
2449 3614 2771 3664 Priscianus
2807 3614 2884 3664 VI
2921 3618 2953 3664 2

656 3697 709 3745 p.
748 3684 847 3731 679
884 3682 943 3730 P.
1016 3679 1309 3730 ‘schema
1356 3697 1453 3745 pro
1498 3679 1796 3730 schemate.
1869 3680 2123 3730 Valerius
2158 3717 2203 3731 ..
2230 3719 2243 3731 .
2279 3681 2515 3732 Plautus
2549 3718 2560 3729 .
2591 3718 2602 3730 .
2637 3722 2649 3733 .
2677 3680 2953 3732 Caecilius

656 3750 714 3797 in
750 3748 997 3813 Hippo:
1037 3747 1202 3799 iilius'
1242 3764 1287 3798 e.
1324 3763 1373 3811 q.
1406 3763 1446 3796 s.
1489 3746 1804 3809 (cecilius
1843 3748 1975 3812 Reg.
2013 3747 2223 3798 Amien.
2261 3752 2432 3814 Bong.
2471 3748 2751 3800 cicilius
2786 3751 2952 3815 Sang.

827 3908 904 3964 76
952 3924 1103 3962 incus
1146 3909 1199 3963 in
1244 3923 1328 3961 nnc
1358 3911 1569 3977 scripsi
1604 3908 1658 3961 in
1691 3909 1858 3963 mein
1906 3925 1989 3964 me
2018 3908 2236 3965 Amien.
2285 3911 2338 3964 in
2385 3925 2470 3964 me
2514 3915 2697 3967 ceteri
2734 3912 2874 3968 libri
2898 3912 2951 3967 in

657 3993 775 4048 med
826 3991 1067 4048 Bothius
1195 3991 1438 4066 incendit
1484 3991 1656 4046 Halb.
1806 4009 1988 4048 eccum
2024 3996 2260 4049 inserui.
2353 3994 2544 4066 Mayis
2588 4010 2667 4050 ex
2696 3996 2956 4052 Plautini

657 4081 934 4132 sermonis
965 4077 1374 4131 consuetudine
1405 4083 1519 4131 ese.-
1567 4074 1711 4130 silius
1743 4093 1893 4131 nicus
1924 4076 2108 4132 ‹iccnni
2143 4077 2341 4133 incedit
2375 4078 2425 4133 in
2459 4095 2542 4133 mc
2574 4093 2620 4132 e.
2654 4099 2709 4151 q.
2743 4096 2790 4134 s.
2837 4087 2949 4133 tinn

658 4159 799 4216 filius
833 4164 884 4216 in
917 4178 999 4216 me
1029 4159 1229 4216 incedit
1273 4177 1318 4214 ε.
1366 4160 1420 4216 h.
1451 4177 1493 4214 S.
1552 4160 2040 4233 Umpfcnbackius
2084 4165 2355 4217 meletem.
2392 4163 2586 4218 Plaut.
2633 4163 2731 4229 47,
2780 4163 2948 4217 male.

655 4245 953 4300 Lacunam
999 4248 1125 4301 olim
1171 4248 1255 4299 sic
1284 4245 1679 4300 indicauerunt
1702 4270 1716 4299 :
1762 4244 1909 4301 lilius
1941 4239 1963 4322 ΙΙ
1999 4285 2011 4298 .
2047 4287 2060 4299 .
2096 4288 2108 4300 .
2159 4249 2211 4302 in
2253 4263 2337 4301 nic
2381 4245 2580 4301 incedit
2625 4263 2670 4299 s.
2707 4245 2759 4300 Ιι.
2794 4262 2840 4299 s.

656 4337 739 4383 sat
768 4333 981 4400 scripsi
1021 4330 1150 4383 satis
1193 4330 1330 4385 libri
1498 4329 1662 4384 hilara
1707 4331 1844 4387 libri
1882 4333 2146 4402 plerique
2178 4331 2354 4402 hylam
2405 4332 2529 4385 Vat.
2578 4329 2761 4402 hilaris
2801 4329 2944 4402 Req.
