3400 5075
675 323 759 386 22
1580 326 1692 379 CN.
1731 326 2047 380 NAssvws

1700 482 1792 547 XI
1872 485 1913 547 4

719 597 808 660 90
850 595 1223 681 Numquam
1298 598 1638 681 quisquam
1713 482 1940 663 amigo)
1998 600 2242 663 amanti
2317 597 2525 663 amica.
2599 599 2789 664 nimis
2863 602 2969 663 fiet

1992 713 2226 797 fidelis,

853 824 991 889 Nee
1036 827 1159 889 erit
1204 827 1395 890 nimis
1444 826 1767 915 mor1'gera
1812 832 1877 892 et
1922 831 2078 893 uota
2124 826 2465 911 quisquam
2512 868 2527 891 ;
2577 877 2836 892 .....

1688 977 1817 1042 XII
1896 978 1940 1042 5

852 1087 1143 1153 Primum
1191 1092 1270 1154 ad
1318 1093 1626 1157 uirtutem
1667 1097 1747 1157 ut
1790 975 2096 1176 regegtis,
2140 1094 2387 1158 abeatis
2435 1095 2515 1157 ab
2564 1092 2847 1179 ignauia,

853 1202 1048 1268 Domi
1109 1209 1328 1288 patres
1398 1208 1676 1290 patriam
1742 1211 1816 1272 fit
1878 1208 2105 1271 colatis
2179 1209 2395 1291 potius
2460 1232 2653 1292 quam
2716 1208 2975 1292 peregri

1952 1322 2207 1405 probra.

1740 1435 1902 1500 XIII

860 1549 1202 1613 confestim

1745 1639 1903 1703 XIV

858 1729 1052 1809 atque

1763 1816 1889 1881 XV

857 1927 1254 2012 pallucidum

1579 2042 2080 2111 TECHNIOVS

858 2158 1211 2224 confictant

681 2355 825 2408 coni.
861 2352 1080 2402 Keilius
1227 2353 1304 2402 XI
1342 2351 1631 2402 Charisius
1670 2352 1723 2402 11
1762 2370 1815 2433 p.
1853 2354 1947 2404 186
1983 2348 2088 2403 Ρ.
2101 2346 2316 2405 uimis'
2464 2354 2569 2404 XII
2607 2354 2891 2404 Charisius
2925 2354 2981 2403 II

682 2438 734 2485 p.
776 2422 872 2472 189
909 2420 970 2472 Ρ.
1012 2421 1319 2500 ‘peregri
1369 2427 1581 2482 autem,
1630 2435 1752 2470 cum
1800 2421 1857 2469 in
1904 2420 2027 2471 loco
2074 2428 2179 2475 est.
2259 2422 2492 2471 Plautus
2538 2423 2596 2472 in
2641 2421 2839 2470 Persa.
2886 2422 2980 2484 qui

685 2503 813 2539 erus
849 2503 980 2554 pere
1025 2488 1067 2536 ri
1106 2492 1207 2536 est.
1277 2487 1522 2537 Naeuius
1570 2489 1626 2536 iu
1662 2486 1996 2539 Tarentilla.
2044 2478 2299 2555 primum'
2348 2506 2393 2540 e.
2436 2505 2485 2553 q.
2524 2505 2569 2542 s.
2613 2487 2764 2552 (nae
2816 2502 2979 2536 nae-

685 2557 840 2606 uius
878 2555 993 2604 eod.
1165 2556 1298 2606 XIII
1339 2555 1625 2611 Charisius
1671 2557 1693 2605 1
1742 2573 1792 2621 p.
1845 2559 1937 2606 177
1976 2558 2037 2607 Ρ.
2085 2558 2514 2619 ‘confestim,
2563 2556 2717 2607 uelut.
2761 2571 2976 2619 compe—

683 2624 825 2673 tenti
864 2623 1253 2673 festinatione.
1326 2623 1655 2673 ,confestim
1694 2639 1791 2688 pro
1827 2625 2088 2675 continuo
2135 2630 2192 2674 et
2237 2625 2357 2675 sine
2394 2622 2727 2674 interuallo.
2799 2622 2978 2673 ‚Nae-

681 2691 807 2740 uius
854 2691 911 2739 in
958 2690 1275 2740 'larentilla
1322 2696 1377 2741 et
1424 2692 1478 2739 in
1527 2680 1876 2743 Corollaria.'
2109 2692 2235 2742 XIV
2273 2690 2555 2742 Charisius
2593 2691 2645 2740 11
2691 2706 2743 2754 p.
2779 2691 2878 2739 204
2915 2689 2974 2739 Ρ.

682 2764 923 2838 ‘atque
963 2774 1060 2822 pro
1098 2765 1155 2809 et
1176 2793 1324 2808 .....
1348 2757 1446 2807 Cn.
1482 2757 1731 2807 Naeuius
1766 2759 1823 2807 in
1860 2759 2171 2822 Agitatoria
2210 2755 2386 2824 [VlI],
2436 2758 2533 2808 sed
2571 2763 2627 2807 et
2675 2757 2731 2805 in
2768 2757 2978 2806 Taren-

687 2818 848 2876 tilla?
989 2824 1086 2875 XV
1121 2824 1296 2875 Varro
1332 2824 1400 2875 de
1439 2825 1694 2880 1.1..V11
1734 2828 1830 2876 108
1852 2825 1925 2874 Μ.
1962 2826 2131 2891 ‘apud
2159 2827 2427 2876 Naeuium
2463 2827 2521 2875 in
2555 2825 2867 2875 Hesiona..
2890 2861 2901 2872 .
2924 2860 2969 2874 ..

685 2896 744 2943 in
791 2891 1129 2943 Tarentilla:
1179 2891 1625 2957 pallueidum‚
1679 2909 1713 2942 a
1749 2893 1873 2942 luce
1921 2886 2168 2943 illum-le
2208 2892 2585 2956 (tarentilli
2632 2891 2779 2941 Flor-

685 2959 1100 3025 pallucidum
1127 2959 1556 3020 massmannus,
1597 2959 1742 3023 quod
1782 2961 1889 3010 ioci
1928 2977 2096 3011 causa
2121 2976 2188 3011 ex
2225 2961 2437 3025 pallore
2465 2965 2521 3009 et
2554 2959 2738 3009 lucido
2766 2974 2979 3022 compo-

684 3028 846 3077 situm
885 3033 1042 3091 puto,
1076 3025 1140 3079 A.
1179 3027 1442 3076 Lentzius
1483 3026 1854 3078 Philol.X111
1895 3029 1994 3078 601
2044 3028 2280 3093 hybrida
2328 3027 2702 3091 originatione
2750 3042 2818 3076 ex
2864 3041 2982 3075 παν

686 3103 743 3146 et
787 3094 971 3144 lucido
1019 3093 1315 3144 conflatum
1359 3094 1659 3159 eademque
1710 3097 1928 3145 notione
1977 3110 2087 3158 qua
2132 3100 2220 3145 est
2262 3094 2611 3160 praelucidus
2663 3099 2981 3157 usurpatum

687 3178 812 3214 esse
841 3161 1138 3212 statuebat
1211 3162 1411 3225 pacui
1447 3162 1589 3210 dum
1617 3162 1759 3211 Flor.
1832 3163 2158 3227 paeuuius
2195 3162 2340 3212 dum
2365 3161 2544 3213 Paris
2574 3179 2608 3211 a
2704 3160 2982 3225 pacuuii

685 3230 829 3281 dum
868 3231 1039 3280 ceteri
1087 3229 1215 3278 libri
1260 3229 1723 3293 praelucidum
1771 3226 1833 3279 O.
1870 3229 2200 3290 Muellerus,
2248 3229 2391 3294 quod
2430 3230 2485 3279 iu
2532 3230 2634 3280 hac
2678 3228 2980 3293 glossarum

685 3298 831 3348 serie
889 3298 1066 3346 minus
1120 3296 1289 3345 etiam
1352 3295 1642 3360 probabile
1697 3302 1785 3347 est
1849 3313 2010 3361 quam
2083 3297 2513 3362 pellucidum.
2611 3295 2984 3346 Buechelerus

688 3364 1064 3415 dilucidum
1101 3362 1409 3429 proposuit)

821 3431 1606 3484 Tsscnu10v8.'l'eeinicus
1652 3432 1886 3482 nominis
1925 3432 2153 3481 formam
2200 3431 2603 3482 commendauit
2646 3427 2983 3479 Ritsehelius

690 3515 875 3565 opusc.
901 3500 1093 3555 11483‚
1121 3499 1365 3549 dolosum
1390 3499 1481 3550 uel
1507 3499 1827 3549 insidiosum
1854 3499 2231 3563 interpretans
2256 3515 2310 3564 p.
2334 3502 2453 3549 499.
2530 3500 2699 3549 Varro
2736 3496 2802 3547 de
2840 3495 2877 3546 1.
2914 3497 2979 3545 L.

690 3568 795 3619 VII
834 3569 929 3618 107
967 3567 1041 3617 Μ.
1069 3559 1240 3630 apud
1274 3568 1544 3617 Naeuium
1581 3568 1637 3616 in
1674 3567 1926 3617 Hesiona
1936 3603 2120 3618 ......
2132 3567 2187 3615 in
2215 3566 2521 3617 ¹let-,hnico.
2564 3565 2982 3625 consistant,

683 3652 719 3686 a
765 3634 1070 3685 conficto
1124 3624 1513 3685 conuenire’
1572 3634 1916 3696 (conficto
1961 3650 1996 3684 a
2042 3634 2440 3698 confingere
2493 3632 2665 3699 coni)
2706 3632 2982 3686 ‘dietum.’

858 3813 942 3870 90
983 3813 1088 3868 siet
1117 3812 1442 3883 Fabricius,
1489 3810 1807 3868 Putschius
1978 3810 2053 3867 91
2105 3827 2203 3866 nec
2247 3811 2404 3867 nimis
2450 3813 2554 3867 erit
2600 3813 2748 3883 cod„
2796 3818 2983 3867 trans-

685 3901 856 3970 posui
1023 3897 1318 3968 morigeret
1349 3905 1477 3951 nota
1509 3896 1739 3969 quisquzi
1771 3897 1922 3968 cod„
1955 3899 2211 3952 correxi.
2284 3897 2550 3969 morigera
2580 3905 2707 3951 nota
2754 3895 2985 3969 quisque

688 3984 811 4039 edd.
858 3981 1126 4054 morigera
1184 3988 1239 4036 et
1283 3988 1411 4036 nota
1456 3980 1739 4054 quisquam
1784 3980 2212 4036 Lindemannus
2385 3979 2484 4036 nee
2513 3981 2668 4036 nimis
2714 3980 2983 4050 morigere

691 4073 892 4122 morata
940 4083 991 4138 q.
1042 4065 1437 4122 Buechelerus
1608 4063 1687 4120 92
1732 4064 1966 4120 redeatis
1998 4064 2311 4120 Fabricius
2353 4065 2585 4120 redactis
2630 4066 2717 4120 ed.
2755 4081 2853 4134 pr.
2902 4078 3015 4118 re-.

690 4151 865 4208 ductis
908 4151 1031 4207 cod.
1194 4149 1273 4206 93
1319 4148 1464 4204 domi
1496 4152 1710 4220 scripsi
1751 4148 1943 4203 domos
1975 4150 2120 4219 cod.⁹
2165 4157 2360 4205 tuetur
2390 4149 2791 4205 Buecheler-us
2833 4147 2979 4201 decl.

686 4237 791 4292 lat.
837 4234 946 4292 29.-
1001 4236 1108 4292 sed
1146 4236 1223 4306 cf.
1285 4233 1385 4289 CF
1397 4234 1717 4290 WMueller
1779 4234 2012 4303 prosod.
2081 4233 2275 4289 Plaut.
2328 4232 2446 4289 175
2503 4247 2584 4304 sq.
2769 4225 2978 4308 patres]

691 4335 949 4394 praesens
993 4322 1080 4376 ed.
1122 4336 1218 4393 pr.
1393 4317 1589 4391 probra
1635 4320 1852 4389 scripsi
1891 4315 2094 4390 probro
2148 4318 2271 4374 cod.
2888 4323 2889 4326 ’
