3400 5075
599 331 682 395 70
1365 331 1770 383 cmcimvs
1808 330 2111 383 s'rA'rlvs

1641 487 1708 551 Π
1789 489 1830 551 2

598 606 729 667 210
777 601 950 666 Serl't
996 603 1258 667 arbores
1270 653 1287 685 ,
1334 625 1496 686 quae
1544 486 1990 667 alters-(sgeclo
2039 601 2306 685 prosint.

1690 717 1788 781 III

776 831 901 895 Pr6
949 834 1167 918 deum,
1214 834 1621 918 popularium
1670 833 1988 916 omnium,
2052 833 2339 895 onmium
2387 832 2891 896 adulescentium

775 947 997 1013 Clae'imo
1048 949 1307 1032 postulo
1355 950 1621 1013 obsecro
1669 970 1784 1012 oro
1833 949 2017 1032 ploro
2065 952 2257 1030 atque
2303 947 2557 1030 inploro
2603 946 2820 1010 fidem!

1557 1056 1592 1093 *
1900 1055 1935 1092 *

1731 1098 1764 1136 :k

780 1231 792 1242 .
886 1179 954 1241 in
1004 1179 1265 1242 ciuitate
1312 1179 1479 1242 fiunt
1526 1179 1817 1243 facinora
1864 1178 2192 1262 capitalia:

782 1290 1001 1379 [Nam]
1075 1294 1156 1356 ab
1223 1293 1427 1358 amico
1493 1295 1752 1357 amante
1818 1297 2159 1377 argentum
2232 1291 2521 1376 accipere
2594 1291 2892 1355 meretrix

1964 1396 2179 1472 noenu
2227 1407 2378 1471 volt.

1623 1496 1719 1561 IV
1806 1499 1834 1560 1

598 1611 729 1675 215
774 1610 879 1675 Ad
933 1611 1157 1675 restim
1210 1632 1312 1674 res
1367 1611 1549 1676 redit.
1608 1614 1640 1684 [Γ
1687 1493 1885 1676 finini)
1943 1612 2171 1695 colluS,
2225 1614 2360 1675 n6n
2407 1633 2533 1674 res:
2589 1632 2739 1673 nam
2785 1609 2893 1673 ille

1974 1729 2315 1810 argentum
2361 1726 2574 1791 habet.

597 1920 956 1984 giaeque‘?'
1023 1914 1129 1984 (sic
1184 1918 1417 1972 vindob.
1483 1919 2046 1985 praestigiaeque
2109 1922 2281 1970 ceteri
2351 1918 2499 1978 libri)
2555 1925 2715 1969 ‘num
2776 1920 2895 1970 sine

598 1990 815 2037 ratione
856 2002 978 2036 esse
1017 1991 1312 2050 potuerunt
1328 1990 1377 2036 ’θ’
1584 1989 1636 2037 11
1674 1986 1868 2038 Cicero
1906 1987 2133 2038 Catonis
2170 1989 2294 2039 mai.
2334 1990 2380 2048 7,
2419 1990 2484 2037 24
2531 1993 2714 2037 ‘nemo
2751 1987 2894 2037 enim

600 2061 686 2104 ost
740 2060 850 2104 tam
906 2068 1099 2116 senex,
1156 2055 1250 2117 qui
1296 2070 1355 2103 so
1408 2070 1607 2103 annum
1655 2070 1765 2104 non
1823 2059 1979 2119 putet
2020 2070 2181 2119 posse
2228 2055 2443 2105 uiuere:
2501 2056 2597 2105 sed
2650 2054 2793 2103 idem
2840 2056 2894 2102 in

604 2123 684 2171 eis
721 2122 1037 2184 elaborant,
1078 2137 1221 2186 quae
1260 2122 1442 2172 sciunt
1465 2121 1602 2172 nihil
1640 2121 1858 2172 omnino
1883 2122 1951 2172 ad
1987 2137 2045 2171 se
2083 2122 2376 2187 pertinere.
2454 2123 2655 2173 Serit’
2695 2137 2742 2172 e.
2772 2136 2822 2185 q.
2852 2137 2895 2175 s.

599 2195 685 2239 ‘ut
734 2189 815 2239 ait
865 2188 1071 2239 Statius
1121 2194 1308 2239 noster
1360 2189 1416 2238 in
1467 2181 1824 2254 Synephebis’
1886 2190 2132 2253 (actius
2190 2190 2307 2239 Erf.
2460 2191 2606 2240 sine
2663 2188 2896 2254 phebis

602 2256 801 2319 PariS.)
855 2260 993 2305 ‘nec
1042 2272 1174 2306 uero
1222 2256 1440 2305 dubitat
1487 2256 1762 2321 agricola,
1811 2258 2063 2322 quamuis
2107 2257 2179 2307 sit
2224 2273 2417 2318 senex,
2468 2257 2757 2321 quaerenti
2806 2257 2897 2306 cui

601 2329 751 2374 serat
798 2322 1156 2387 respondere:
1207 2322 1292 2373 dis
1337 2323 1724 2374 inmortalibus
1771 2360 1783 2373 .
1824 2362 1837 2376 .
1884 2362 1895 2373 .
1943 2329 2000 2374 et
2045 2324 2240 2375 melius
2286 2324 2566 2374 Caecilius
2611 2323 2689 2373 de
2737 2338 2895 2374 sene

599 2390 809 2441 alteri
857 2390 1131 2441 saeculo
1179 2392 1649 2456 prospiciente
1699 2396 1888 2455 quam’
1938 2407 1987 2441 e.
2038 2406 2089 2455 q.
2140 2407 2183 2443 s.
2266 2390 2420 2441 Idem
2465 2393 2627 2442 Tusc.
2680 2390 2820 2455 disp.
2872 2393 2895 2442 1

603 2461 680 2519 14,
718 2462 781 2508 31
822 2458 1044 2509 ‘serit’
1084 2474 1132 2508 e.
1173 2473 1225 2522 q.
1267 2473 1309 2509 s.
1393 2463 1476 2508 ‘ut
1515 2460 1596 2508 ait
1632 2457 1751 2507 ille’
1791 2456 1955 2521 (‘ille’
2005 2459 2130 2508 add.
2168 2457 2424 2518 Wolflus,
2476 2460 2629 2525 prob.
2665 2459 2897 2509 Wesen-

606 2526 829 2591 bergius
858 2525 1083 2581 Emend.
1109 2526 1273 2576 Tusc.
1299 2525 1352 2575 11
1400 2528 1429 2576 7
1467 2525 1726 2577 ‘Statius’
1766 2524 1893 2592 alii)
1968 2526 2048 2576 ‘in
2074 2526 2446 2592 Synephebis,
2485 2526 2614 2593 quid
2639 2531 2898 2591 spectans

599 2595 706 2644 nisi
745 2594 912 2643 etiam
952 2600 1176 2657 postera
1214 2593 1435 2645 saecula
1472 2594 1543 2644 ad
1581 2609 1640 2645 se
1679 2596 1956 2659 pertinere
1971 2595 2021 2643 ?’
2094 2595 2259 2655 (sine
2301 2595 2544 2660 phebis
2581 2593 2720 2646 Gud.
2757 2596 2895 2659 Reg.

602 2661 1053 2725 sinephoebis
1090 2660 1282 2725 Brux.)
1454 2662 1537 2712 111
1576 2659 1775 2732 Cicero
1824 2661 1890 2711 de
1936 2669 2053 2713 nat.
2093 2663 2237 2712 deor.
2275 2662 2301 2711 Ι
2337 2664 2386 2720 6,
2429 2666 2491 2713 13
2535 2661 2898 2713 ‘conuocandi

601 2745 789 2780 omnes
826 2727 1108 2790 uidentur,
1156 2729 1250 2792 qui
1289 2745 1428 2793 quae
1476 2730 1550 2779 sit
1588 2733 1800 2779 earum’
1840 2727 2283 2792 (sententiarum)
2323 2735 2482 2780 ‘uera
2527 2730 2775 2780 iudicent
2798 2767 2810 2779 .
2841 2769 2854 2782 .
2883 2768 2894 2779 .

599 2799 787 2861 itaque
823 2796 952 2844 mihi
990 2796 1126 2846 libet
1163 2796 1497 2853 exclamare,
1535 2802 1607 2845 ut
1644 2797 1709 2846 in
1746 2795 2165 2861 Synefebis:’
2209 2798 2311 2860 (sic
2336 2798 2492 2850 Leid.
2528 2813 2562 2847 a
2596 2797 2898 2848 utuine·

604 2864 783 2914 febis
832 2863 987 2916 Leid.
1028 2864 1060 2913 b
1111 2869 1181 2913 ut
1225 2865 1450 2914 insine
1502 2863 1686 2913 sebis
1727 2864 1884 2913 Leid.
1925 2881 1954 2914 c
1997 2869 2069 2914 ut
2114 2865 2460 2915 terentius
2505 2866 2569 2914 in
2616 2865 2899 2930 ephebis

600 2932 712 2981 Eri.
750 2936 819 2979 ut
856 2931 1122 2980 Statius
1159 2932 1226 2980 in
1264 2930 1317 2981 S.
1366 2931 1465 2980 alii
1500 2935 1571 2980 ut
1605 2931 1893 2981 Plautus
1930 2932 1995 2981 in
2035 2932 2087 2982 S.
2125 2931 2220 2981 alii
2265 2938 2335 2981 ut
2378 2931 2501 2982 ille
2547 2932 2614 2981 in
2660 2931 2713 2986 S.
2749 2931 2900 2981 Vrsi-

602 2999 724 3060 nus)
763 3004 902 3063 ‘pro
952 2998 1136 3048 deum
1173 3035 1184 3047 .
1211 3038 1224 3052 .
1257 3035 1268 3047 .
1309 2998 1546 3061 fidem,
1592 3014 1702 3049 non
1739 2998 2039 3050 lenissuma
2077 2998 2144 3049 de
2182 3015 2267 3059 re,
2314 3003 2374 3048 ιιι
2419 2998 2665 3063 queritur
2701 2998 2795 3049 ille
2834 3000 2899 3049 in

600 3067 892 3116 ciuitate
943 3065 1100 3116 fieri
1146 3065 1469 3116 facinora
1501 3105 1515 3119 .
1561 3102 1574 3116 .
1612 3104 1624 3116 .
1682 3066 1852 3126 uolt3
1902 3066 2000 3116 sed
2037 3071 2099 3117 ut
2154 3067 2339 3118 adsint
2392 3072 2737 3132 cognoscant
2783 3068 2898 3115 ani-

603 3133 973 3184 maduertant’
1013 3148 1059 3184 e.
1088 3149 1135 3197 q.
1162 3148 1205 3186 s.
1274 3133 1447 3183 Deest
1481 3131 1637 3184 locus
1672 3134 1730 3183 in
1755 3133 1988 3184 Vindob.
2026 3139 2082 3184 et
2105 3133 2284 3184 Palat.
2325 3135 2452 3184 1519
2589 3132 2665 3183 lv
2691 3135 2901 3185 Nonius

603 3312 876 3369 conlectis
907 3310 1230 3384 praestigias
1260 3312 1425 3366 libri.-
1470 3312 1576 3366 sed
1603 3329 1658 3367 u.
1692 3327 1877 3382 supra
1985 3311 2333 3384 praestrinxit
2362 3312 2556 3368 Leidd.
2589 3313 2719 3373 abc
2754 3313 2896 3381 ErL,

604 3401 734 3452 item
764 3395 894 3451 Pal.
930 3401 991 3449 ut
1024 3397 1133 3451 uid.
1172 3412 1299 3450 cum
1344 3396 1475 3451 aliis
1498 3398 1798 3468 plerisque
1842 3397 2161 3468 praestinxit
2191 3397 2354 3453 codd.
2400 3399 2559 3468 aliq„
2591 3396 2900 3452 Lambinus

773 3479 897 3537 210
942 3487 1133 3533 serunt
1166 3479 1310 3535 GisS.
1346 3478 1513 3550 (Cat.)
1683 3479 1899 3535 saeculo
1949 3483 2039 3535 uel
2081 3479 2265 3535 seculo
2309 3481 2446 3535 libri
2484 3481 2746 3550 Catonis,
2792 3481 2903 3534 nisi

603 3565 757 3637 quod
786 3565 902 3618 scio
937 3562 1239 3636 Rhenauy.
1372 3572 1603 3636 prosunt
1637 3564 1782 3620 Giss.
1820 3562 1988 3634 (Cat.)
2021 3565 2265 3636 prosient
2295 3564 2436 3620 Par.
2469 3568 2525 3620 in
2558 3583 2662 3637 my.
2696 3582 2763 3620 m.
2796 3566 2895 3619 ale.

604 3651 707 3704 sed
734 3655 853 3703 ant.
889 3643 1057 3720 (Cat.)
1190 3648 1323 3703 serit
1344 3642 1600 3703 'Arbores
1635 3663 1774 3720 quae
1805 3647 1962 3702 elteri
1991 3646 2207 3702 saeculo
2239 3646 2482 3720 prosieut
2516 3649 2579 3704 G.
2609 3647 2897 3704 Herman-

604 3749 713 3792 ηας
843 3730 962 3790 211
998 3733 1255 3802 omnium,
1289 3733 1524 3787 omnium
1549 3732 1851 3802 Manutius
1882 3733 2118 3786 omnium
2144 3730 2355 3805 (semel)
2378 3733 2572 3788 Leidd.
2608 3752 2642 3786 α
2662 3733 2742 3788 bc
2773 3749 2901 3788 cum

602 3818 765 3872 libris
790 3818 1087 3888 plerisque
1118 3816 1349 3870 animum
1383 3816 1509 3870 Erl.
1657 3814 1779 3872 213
1808 3818 1999 3886 prima
2031 3817 2255 3888 syllaba
2288 3815 2387 3870 hac
2419 3819 2509 3871 uel
2540 3833 2683 3872 nunc
2711 3816 2902 3887 fuisse

602 3907 789 3972 potest
917 3901 970 3955 in
1016 3900 1237 3954 ciuitate
1284 3898 1396 3954 [ieri
1432 3897 1630 3956 Cicero
1674 3898 1791 3954 fieri
1824 3901 1875 3954 in
1907 3900 2125 3954 ciuitate
2161 3899 2410 3955 Orellius
2455 3897 2566 3954 fieri
2599 3902 2651 3955 in
2684 3901 2902 3955 ciuitate

601 3988 785 4056 posito
845 3992 1020 4041 extra
1079 4001 1309 4040 uersum
1366 3981 1482 4038 fieri
1543 3983 1977 4040 Schoemannus
2158 3984 2384 4039 Eisdem
2446 3990 2701 4040 numeris
2761 3987 2902 4040 adu-

603 4074 909 4125 lescentem
961 4072 1303 4139 perrexisse
1358 4068 1548 4124 uideri
1590 4073 1802 4124 monuit
1871 4069 2236 4141 Spenyelius‚
2297 4071 2492 4140 itaque
2546 4071 2604 4124 in
2650 4072 2902 4124 senariis

599 4154 839 4226 frustra
883 4154 1176 4210 laborauit
1219 4153 1468 4208 Beierus
1508 4153 1697 4209 diurn.
1730 4154 1965 4209 Jenens.
2006 4150 2165 4208 1822
2205 4169 2267 4223 p.
2321 4150 2439 4207 154
2613 4148 2737 4207 214
2780 4169 2900 4206 nam

607 4239 830 4307 addide‘,
878 4256 982 4294 om.
1024 4239 1187 4293 libri.-
1232 4236 1297 4293 Ab
1342 4235 1548 4292 amicod
1594 4244 1804 4298 amante
1847 4255 1960 4293 non
2007 4238 2545 4292 commendauere'm.
2722 4249 2900 4290 noenu

611 4321 725 4377 uolt
770 4339 924 4378 niens
967 4324 1183 4394 scripsi
1226 4316 1383 4397 [item
1416 4321 1706 4396 Berylcius
1748 4322 1966 4378 αηηαῖῖ.
2008 4321 2227 4392 ΡΙιιἸοΗ.
2265 4319 2427 4379 1870
2462 4337 2526 4392 p.
2559 4313 2709 4395 825]
2759 4334 2902 4374 nune
