3400 5075
621 296 745 361 298
1403 301 1727 351 Dscmvs
1767 300 2128 354 LAsEmvs

628 421 753 519 130
799 455 1012 520 cecidi
1059 459 1206 542 eg0‚
1233 459 1438 521 'cadet
1483 458 1593 541 qui
1642 458 1956 541 sequitur:
2003 459 2143 521 laus
2192 463 2290 522 est
2334 459 2611 543 publica.

1641 590 1703 654 V
1789 591 1869 654 10

798 706 1160 790 Autumno,
1207 705 1316 770 ubi
1364 728 1597 771 caurus
1644 587 1901 791 posiulig
1947 704 2217 770 decidua
2262 707 2420 771 folia
2466 707 2710 792 pandit.

1722 837 1819 902 VI

1655 959 1679 978 ·
2109 932 2261 992 tuus
2308 951 2488 993 amor

799 1043 962 1107 Tam
991 1044 1119 1108 cito
1150 1041 1383 1108 crescit
1428 1067 1621 1128 quam
1660 1066 1916 1128 porrus,
1964 1044 2097 1107 tam
2145 1066 2337 1129 quarn
2375 1046 2592 1129 palma
2620 1044 2912 1111 firmiter.

1700 1158 1830 1223 VII

623 1282 779 1353 134]ss
802 1272 904 1338 Ad
962 1295 1245 1339 amorem
1307 1273 1702 1339 iniciendum
1768 1275 2199 1339 delenimenta
2255 1298 2393 1340 esse
2460 1277 2911 1363 deleramenta‚

1891 1390 2204 1455 beneficia
2249 1394 2465 1455 autem
2512 1393 2837 1457 ueneficia.

617 1590 866 1651 tempore
901 1585 1317 1636 contenderent.
1387 1586 1506 1636 Nec
1543 1586 1654 1636 ullo
1691 1591 1979 1636 recusante
2019 1587 2305 1650 superauit
2338 1602 2548 1645 omnes,
2600 1588 2653 1636 in
2694 1589 2816 1651 quis
2854 1592 2911 1636 et

620 1654 932 1702 Laberium.
1016 1653 1168 1703 Vnde
1217 1653 1424 1703 Caesar
1473 1653 1733 1703 adridens
1791 1654 1893 1703 hoc
1947 1653 2106 1703 modo
2164 1656 2570 1719 pronuntiauit:
2629 1653 2908 1706 fauent‘e

617 1722 753 1770 tibi
789 1737 880 1771 me
928 1719 1150 1771 uictus
1196 1736 1292 1778 es,
1347 1722 1622 1784 Laberi,
1668 1722 1700 1771 ά
1741 1723 1932 1786 Syro:
1972 1724 2267 1786 statimque
2306 1723 2544 1772 Publilio
2583 1722 2816 1786 palmam
2857 1727 2913 1771 et

617 1788 856 1838 Laberio
895 1788 1117 1837 anulum
1154 1803 1373 1838 aureum
1403 1804 1523 1838 cum
1562 1790 1880 1854 quing-entis
1904 1789 2177 1839 sestertiis
2212 1789 2384 1838 dedit.
2457 1790 2612 1838 Tunc
2638 1790 2911 1840 Publilius

617 1856 686 1904 ad
724 1856 1019 1905 Laberium
1057 1855 1407 1905 recedentem
1447 1857 1555 1905 ait:
1595 1855 1858 1922 quicum
1907 1855 2338 1907 contendisti
2385 1857 2701 1921 scriptor,
2742 1855 2910 1907 hunc

616 1928 976 1987 spectator
1013 1921 1315 1972 subleua.
1460 1924 1567 1974 Sed
1607 1929 1662 1973 et
1699 1925 1970 1973 Laberius
2008 1926 2266 1988 sequenti
2302 1925 2493 1974 statim
2531 1925 2910 1974 commissione

616 1992 777 2040 mimo
813 2006 956 2040 nouo
1004 1990 1286 2040 interiecit
1330 1991 1428 2040 hos
1474 2006 1692 2041 uersus:
1743 2008 1871 2042 non
1908 1996 2210 2056 possunt'
2250 2008 2294 2042 e.
2335 2008 2383 2056 q.
2423 2006 2466 2041 s.
2538 1991 2910 2052 (Publilius

614 2073 809 2108 nomen
849 2058 1076 2108 exhibet
1109 2058 1285 2107 Paris.
1323 2059 1418 2108 ubi
1454 2059 1741 2114 Publius
1779 2059 2086 2123 uulgatur.)
2223 2061 2271 2108 V
2306 2059 2517 2108 Nonius
2558 2061 2669 2118 100,
2706 2061 2738 2108 9
2776 2059 2909 2108 ‘de-

617 2125 838 2186 cidua‚
875 2141 1013 2189 quae
1053 2125 1341 2189 decidant,
1379 2131 1441 2175 ut
1476 2127 1737 2185 occidua,
1780 2142 1919 2190 quae
1956 2125 2229 2176 occidant.
2303 2127 2601 2177 Laberius:
2640 2128 2698 2176 in
2736 2126 2909 2176 altum

615 2198 748 2242 non’
784 2208 832 2243 e.
873 2208 922 2257 q.
964 2208 1006 2246 s.
1149 2194 1225 2242 v1
1263 2194 1467 2243 Fronto
1508 2195 1670 2258 epist.
1697 2195 1752 2245 11
1788 2197 1818 2244 9
1856 2211 1906 2259 p.
1937 2197 2000 2245 54
2040 2194 2124 2244 ed.
2162 2195 2312 2243 Rom.
2351 2195 2434 2254 (47
2463 2195 2619 2243 Nieb.
2655 2197 2720 2244 30
2747 2194 2910 2256 Nab.)

616 2266 695 2310 ‘et
732 2260 878 2326 quod
918 2261 997 2309 ait
1033 2260 1304 2310 Laberius
1341 2261 1406 2310 de
1448 2278 1661 2324 amore,
1697 2277 1796 2311 suo
1831 2261 1992 2311 modo
2028 2259 2127 2312 καὶ
2152 2253 2266 2312 ἐπὶ
2304 2257 2430 2326 ἰδίᾳ
2468 2252 2680 2329 μούσῃ,
2731 2278 2912 2312 amor

615 2333 793 2378 tuus’
832 2345 878 2379 e.
919 2343 967 2391 q.
1007 2343 1049 2377 s.
1122 2330 1249 2377 ‘boc
1286 2330 1456 2393 igitur
1493 2345 1594 2394 ego
1632 2329 1703 2379 ad
1741 2329 2066 2380 desiderium
2094 2334 2279 2391 uert0,
2317 2328 2461 2393 quod
2498 2327 2591 2377 ille
2630 2329 2695 2378 de
2724 2345 2906 2379 amore

613 2396 736 2445 ait.’
877 2395 978 2444 vn
1019 2396 1222 2445 Fronto
1269 2398 1428 2461 epist.
1475 2399 1533 2446 in
1567 2396 1641 2450 M.
1681 2397 1983 2446 Caesarem
2029 2396 2126 2450 lib.
2163 2396 2191 2444 Ι
2228 2399 2258 2444 6
2309 2414 2358 2460 p.
2401 2399 2464 2444 14
2502 2395 2588 2447 ed.
2628 2396 2779 2446 Rom.
2822 2399 2908 2459 (45

616 2462 777 2512 Nieb.
819 2465 879 2513 19
905 2461 1067 2526 Nab.)
1106 2467 1316 2512 ‘uerum
1346 2469 1432 2513 est
1467 2465 1743 2528 profecto,
1783 2464 1928 2528 quod
1957 2465 2036 2513 ait
2059 2459 2249 2513 noster
2273 2463 2569 2523 Laberius,
2607 2463 2688 2514 ad
2726 2480 2908 2514 amo·

615 2546 745 2581 rem
803 2530 1222 2580 iniciendum
1278 2530 1740 2582 delenimenta
1795 2548 1941 2582 esse
1999 2531 2494 2592 deleramenta‚
2552 2531 2908 2584 beneficia

617 2614 693 2647 au
712 2603 840 2647 tem
878 2599 1267 2664 ueneficio.)
1341 2598 1429 2649 cf.
1463 2598 1733 2665 Apuleius
1771 2600 1917 2665 apol.
1960 2602 2054 2650 102
2091 2617 2142 2665 p.
2185 2603 2279 2648 112
2320 2601 2384 2650 Κ.
2433 2604 2487 2649 ‘o
2534 2615 2704 2665 graue
2741 2616 2910 2650 uene-

616 2778 817 2835 Bamb.
869 2778 1012 2834 Gna.
1059 2778 1252 2834 Palat.
1299 2779 1503 2850 Ἠερίη.
1553 2777 1823 2848 Montisp.
1872 2779 2029 2833 citius
2083 2794 2240 2850 quam
2286 2777 2542 2833 escendas
2600 2777 2908 2835 Schneide-

619 2867 802 2920 winus
973 2861 1189 2917 decidas
1220 2864 1382 2936 Anql.
1418 2863 1618 2918 Bamb.
1653 2861 1806 2917 Med.
1854 2863 1982 2918 abc
2013 2863 2215 2935 Regin.
2251 2863 2394 2919 Gud.
2430 2881 2497 2918 m.
2528 2880 2642 2933 pr„
2681 2862 2904 2918 Thuan.

623 2949 900 3003 Gronouii
951 2945 1165 3001 decides
1214 2947 1355 3003 Gud.
1403 2965 1473 3002 m.
1524 2949 1620 3002 alt.
1667 2947 1810 3003 Par.
1862 2967 1897 3002 a
1944 2948 2134 3003 Palat.
2183 2948 2357 3013 Borb.
2417 2944 2572 3001 cades
2619 2946 2907 3003 Schrade-

613 3048 749 3095 rus.
796 3030 1175 3099 sumamus,
1224 3030 1690 3088 Schneidewinus
1860 3032 2025 3087 nimio
2070 3032 2227 3087 citius
2273 3029 2488 3087 decides
2531 3033 2680 3087 conl.
2716 3032 2911 3087 Plauti

621 3117 779 3171 Trin.
813 3113 933 3170 387
983 3113 1383 3170 Buechelerus
1487 3165 1490 3168 .
1559 3116 1681 3172 130
1726 3115 1840 3171 laus
1872 3118 2012 3188 quid
2037 3118 2145 3171 sibi
2182 3118 2318 3172 uelit
2333 3157 2348 3184 ‚
2395 3121 2556 3170 recle
2587 3117 2909 3185 explz‘cauit

618 3200 920 3255 Turnebus
973 3200 1121 3255 Adu.
1178 3198 1401 3254 XVIII
1445 3198 1479 3253 2
1539 3198 1625 3254 lex
1684 3200 2136 3271 Canneyielerus
2191 3207 2245 3255 et
2287 3194 2614 3255 Piersonus'
2649 3203 2705 3254 in
2762 3202 2904 3259 Add.

617 3285 818 3339 Burm.
863 3284 932 3339 ΙΙ
975 3282 1094 3339 738
1268 3282 1460 3356 pullica
1509 3282 1714 3340 Bamb.
1892 3284 2006 3340 131
2059 3290 2317 3338 autumno
2362 3287 2577 3354 scripsi
2627 3284 2680 3337 in
2737 3284 2904 3339 altum

613 3385 720 3424 non
751 3369 886 3423 libri
908 3370 1171 3441 plerique
1202 3367 1472 3423 sinalitum
1505 3357 1612 3423 n‘on
1646 3369 1786 3423 Par.
1825 3368 1876 3422 P
1912 3370 1995 3424 sin
2027 3368 2188 3423 alium
2221 3384 2327 3422 non
2362 3368 2514 3422 Leid.
2562 3368 2614 3423 in
2648 3376 2905 3424 autumno

616 3454 858 3508 Bothius
1014 3469 1207 3507 caurus
1253 3451 1469 3526 populis
1515 3451 1753 3508 decidua
1784 3452 1910 3507 solia
1955 3451 2139 3526 pandit
2182 3455 2413 3523 scripsi.
2502 3461 2660 3523 caput
2701 3452 2905 3507 alsonis

613 3536 834 3592 decidua
891 3536 1015 3592 solia
1073 3536 1259 3609 pandit
1301 3539 1463 3593 libri:
1519 3540 1589 3593 de
1642 3553 1804 3591 cauro
1864 3537 1944 3608 cf.
1991 3537 2142 3592 Plin.
2191 3554 2246 3591 n.
2293 3538 2346 3592 h.
2394 3535 2465 3591 II
2512 3535 2624 3607 47,
2675 3536 2795 3591 124
2852 3544 2908 3592 et

612 3623 921 3677 Lucretius
984 3621 1063 3676 VI
1107 3620 1223 3677 135
1397 3622 1451 3676 in
1497 3621 1758 3676 autumno
1808 3619 1894 3675 ubi
1940 3619 2199 3676 frondens
2231 3630 2390 3693 caput
2435 3617 2531 3689 (al.
2566 3637 2715 3675 coma
2746 3616 2941 3676 arbo-²

611 3703 707 3776 ris)
754 3705 806 3759 d.
856 3706 893 3760 s.
941 3723 995 3778 p.
1043 3709 1189 3761 coni.
1239 3705 1654 3762 BuecheleruS.
1764 3706 2071 3761 Violentius
2113 3708 2503 3776 septenarium
2550 3706 2906 3761 trochaicum

551 3790 675 3862 xtit
719 3789 835 3860 (uel
878 3787 973 3865 sic)
1021 3791 1072 3845 in
1131 3798 1422 3859 autumno,
1482 3788 1572 3844 ubi
1628 3789 1823 3844 caurus
1885 3790 2014 3845 solia
2058 3789 2248 3863 paudit
2290 3787 2513 3845 decidua
2557 3789 2610 3843 in
2655 3788 2778 3845 solo
2820 3790 2904 3862 ef-

609 3878 905 3948 finxeram
1083 3874 1199 3930 132
1245 3891 1396 3929 amor
1425 3882 1551 3929 tuus
1592 3876 1756 3945 libri,
1803 3877 2140 3945 transposui
2308 3873 2543 3930 Senarii
2584 3889 2734 3928 amor
2776 3864 2921 3929 tuus'

589 3961 720 4027 stium
767 3960 875 4015 cito
922 3958 1126 4013 Crescit
1172 3972 1219 4013 e.
1269 3978 1322 4031 q.
1370 3975 1414 4014 s.
1467 3961 1857 4029 praeplacere!
1906 3959 2263 4014 Buecheler-o
2440 3957 2555 4013 133
2603 3965 2708 4012 tam
2756 3955 2905 4013 firme

613 4060 770 4117 quam
817 4043 986 4117 palma
1032 4044 1251 4099 Fronto
1444 4042 1588 4099 ·135
1634 4043 1987 4098 deliramenta
2043 4044 2431 4113 reponendum
2488 4043 2739 4097 suadere
2790 4061 2903 4099 non

613 4129 863 4184 audebat
917 4127 1316 4184 Buttmannus‘
1365 4125 1781 4182 deliberamenta
1844 4130 1967 4184 cod.
2023 4125 2377 4182 delibamenta
2434 4124 2738 4182 Iacobsius

611 4215 702 4268 Aa
743 4226 1012 4267 numeros
1043 4214 1382 4268 sententiam
1413 4215 1496 4267 sic
1536 4211 1670 4284 fere
1699 4214 1959 4284 recliqas:
2007 4211 2071 4266 ad
2107 4227 2341 4267 amorem
2373 4208 2727 4266 delenimenta
2760 4214 2905 4266 mera

614 4295 975 4352 delenimenta
1021 4305 1180 4368 sunt,
1224 4294 1340 4351 Non
1385 4294 1675 4370 beneficia,
1720 4296 1812 4353 sed
1860 4293 2119 4353 ueneficia
2168 4334 2555 4351 .......
