3400 5075
1321 318 1386 372 1..
1422 312 1788 372 AFRANIVS
2580 308 2705 379 20⁴2

1425 475 1687 542 TALIO

403 605 562 676 328l9
586 593 724 664 Vos
781 591 1019 682 quibus
1075 593 1252 660 cordi
1307 598 1406 658 est
1458 594 1631 658 intrai
1687 592 1974 656 tunicam
2028 608 2258 656 manus
2313 589 2529 674 laeua,
2587 585 2701 676 [at]

1317 743 1334 754 κ
1687 708 1913 772 dextra
1958 707 2026 771 in
2073 705 2231 771 ersse
2281 727 2521 789 penum

1264 823 1841 889 TEMERARIVS

407 946 539 1008 330
1583 941 1727 1023 quis
1773 940 1877 1003 hie
1927 943 2026 1003 est
2072 938 2288 1023 simia,

587 1057 709 1134 Qui
757 1079 858 1121 me
905 1056 1097 1120 h6die
1144 1055 1508 1119 luffifiedtus
1554 1055 1700 1118 est?

1422 1168 1687 1233 THAIS

1542 1285 1574 1349 I

585 1400 833 1487 'anue
880 1404 1078 1466 ferme
1127 1405 1194 1466 se
1241 1401 1468 1465 dedere
1513 1402 1743 1465 melius
1790 1403 2268 1467 consult6ribus

587 1519 795 1594 Quzim
842 1519 1189 1582 restrictim
1237 1517 1521 1599 edgitata
1569 1521 1762 1600 atque
1810 1518 2108 1582 o'mnibus
2156 1519 2515 1582 rati6nibus

541 1679 728 1728 TAmo
832 1678 1151 1728 Priscianus
1189 1679 1235 1727 V
1273 1680 1305 1728 8
1351 1693 1401 1741 p.
1438 1677 1536 1725 659
1572 1676 1630 1726 P.
1681 1676 1797 1725 ‘bio
1844 1681 1900 1726 et
1944 1677 2080 1726 haee
2119 1683 2175 1726 et
2219 1678 2324 1727 hoc
2373 1693 2607 1744 penne,
2647 1684 2727 1734 ει,

412 1746 518 1797 hoe
554 1762 750 1811 penum
780 1783 792 1795 .
822 1783 836 1804 ,
866 1782 879 1796 .
907 1745 1211 1799 ,Afranius
1249 1746 1304 1794 in
1342 1743 1659 1795 Talione:
1696 1742 1818 1794 uos’
1856 1759 1903 1794 e.
1943 1759 1992 1808 q.
2029 1761 2074 1799 s.
2120 1746 2495 1808 (affranius
2533 1745 2701 1810 Sang.

406 1846 563 1897 Grut.
701 1822 997 1906 taliil’ne,
1036 1861 1175 1896 corr.
1211 1861 1278 1895 m.
1317 1862 1414 1910 pn,
1450 1845 1586 1910 Reg.
1625 1845 1914 1906 talione,
1963 1847 1981 1894 i
2017 1862 2156 1896 corr.
2192 1846 2249 1895 in
2289 1863 2348 1909 e,
2395 1848 2561 1898 Barb.
2601 1851 2704 1895 ta·

408 1916 607 1965 leone
643 1914 810 1964 Halb.
851 1916 1007 1964 Grut.
1047 1916 1220 1977 Bong.
1261 1912 1520 1971 Carolir.)
1575 1913 1726 1962 Idem
1762 1912 1839 1963 VI
1882 1916 1941 1962 14
1977 1929 2025 1977 p.
2066 1915 2164 1964 713
2200 1915 2260 1964 P.
2303 1916 2431 1964 ‘hoe
2467 1929 2705 1979 penum

406 1985 570 2032 etiam
606 1983 870 2034 Afranius
908 1980 1164 2046 protulit:
1205 1981 1268 2030 in
1309 1996 1544 2044 penum
1582 1979 1796 2029 erue-⁹
1836 1981 2214 2034 (affranius
2250 1982 2415 2031 Halb.
2442 1981 2702 2043 Carolir.)

406 2051 616 2099 Eadem
654 2049 822 2098 habet
858 2065 1019 2098 anon.
1059 2048 1221 2097 Bern.
1263 2051 1319 2097 in
1357 2048 1577 2111 Hageni
1614 2048 1763 2100 anal.
1802 2048 1963 2098 Helu.
2003 2064 2052 2111 p.
2094 2052 2210 2113 103,
2250 2052 2329 2100 17.

541 2117 908 2166 Τειιειυυιινε
981 2116 1266 2165 Charisius
1296 2116 1313 2163 Ι
1353 2131 1404 2178 p.
1429 2117 1495 2163 84
1522 2115 1582 2163 Ρ.
1623 2116 1908 2164 ‘simiam
1947 2122 2205 2166 auctores
2241 2118 2499 2167 dixerunt
2536 2116 2705 2166 etiam

410 2186 466 2234 in
506 2183 845 2245 masculino,
885 2192 945 2232 ut
979 2183 1242 2231 Afranius
1281 2185 1335 2230 in
1370 2183 1717 2231 Temerario:
1758 2186 1899 2246 qnis’
1938 2199 1985 2232 e.
2025 2198 2077 2246 q.
2113 2201 2160 2234 s.

542 2253 725 2301 'funs
760 2247 1130 2315 (Menandrii)
1203 2249 1288 2300 cf.
1315 2249 1656 2300 Bitscbelius
1682 2250 1909 2314 Pal-erg.
1935 2251 1960 2299 I
1993 2253 2085 2300 142
2223 2253 2250 2302 1
2286 2251 2497 2300 Nonius
2523 2253 2643 2312 516,
2670 2253 2704 2301 8

400 2314 829 2370 ‘restrictim’
868 2320 971 2382 (ita
1007 2319 1197 2367 Bamb.
1237 2317 1398 2369 Leid.
1444 2319 1555 2376 116,
1593 2318 1660 2366 W
1697 2318 1753 2365 in
1791 2334 1896 2382 mg.
1933 2319 2295 2368 ‘restrictum'
2336 2319 2510 2368 ceteri
2549 2317 2700 2378 libri)

409 2393 528 2453 ‘pro
565 2387 839 2437 restricte.
912 2385 1174 2435 Afranius
1199 2385 1439 2435 Thaide:
1478 2389 1717 2449 eaquae’
1754 2400 1800 2434 e.
1839 2401 1887 2450 q.
1927 2400 1969 2437 8.

399 2549 625 2620 philoll.
680 2547 840 2604 1870
887 2566 950 2619 p.
998 2547 1120 2605 828
1167 2551 1224 2603 in
1283 2549 1474 2603 adnot.
1532 2562 1814 2618 spernere
1869 2549 2062 2619 uide0,
2120 2568 2155 2604 a
2213 2549 2488 2605 librorum
2546 2554 2706 2604 certe

407 2636 677 2689 memoria
731 2636 998 2702 proxime
1042 2635 1227 2692 abest.
1319 2630 1588 2705 Herpinos
1641 2634 1778 2688 libri
1832 2632 2062 2707 Orpinos
2110 2633 2416 2688 Met-cerus
2472 2633 2702 2706 Arpinos

408 2718 614 2772 Aldina
664 2715 914 2789 Hirpinos
960 2718 1334 2774 Passeratius
1418 2716 1710 2787 Norsinos‚
1768 2734 1911 2790 quos
1963 2716 2222 2773 Nursinos
2266 2719 2519 2790 intelleyi
2561 2720 2700 2784 uult,

409 2802 700 2873 Berylcius
755 2804 977 2857 annali.
1032 2803 1250 2872 philon.
1308 2801 1469 2857 1870
1515 2820 1578 2872 p.
1627 2800 1751 2858 828
1926 2803 2258 2873 Supplendo
2312 2806 2471 2858 initio
2527 2802 2705 2856 multu

409 2885 480 2955 (e.
527 2902 576 2939 e.
621 2885 735 2958 pol,
766 2902 904 2959 egn,
951 2886 1093 2956 uam)
1138 2894 1279 2958 apta
1325 2892 1459 2942 sunt
1628 2894 1760 2959 pote
1804 2905 1876 2941 m.
1904 2904 2000 2957 pr.
2051 2887 2209 2943 Voss,
2246 2905 2282 2941 a
2320 2886 2709 2955 Oudendorpii

407 2974 465 3025 in
525 2971 695 3042 Apul.
757 2968 991 3025 Melam.
1051 2989 1111 3041 p.
1158 2970 1312 3040 551,
1369 2971 1605 3041 Iunius,
1653 2972 1930 3043 probaui!
1986 2970 2360 3027 Hermarmus
2412 2973 2451 3025 l.
2497 2972 2535 3025 l.
2582 2969 2704 3024 285

408 3062 567 3127 potes
610 3055 747 3109 libri
788 3057 983 3127 optimi
1024 3064 1207 3127 potest
1262 3055 1454 3110 Urbin.
1504 3054 1627 3112 308
1672 3057 1818 3129 potis
1867 3055 2255 3112 Neukircleius
2295 3056 2533 3111 iambico
2578 3069 2705 3124 sep-

410 3195 637 3248 tenario
765 3192 1034 3265 explotam
1081 3193 1233 3250 Leid.
1366 3191 1521 3246 uince
1554 3192 1742 3249 Laid„-
1787 3211 1865 3248 cm
1913 3192 2130 3250 uincet?
2302 3192 2425 3250 328
2468 3134 2703 3247 {anicani

410 3309 676 3382 (sup..m.
725 3307 848 3382 alt.)
897 3311 1072 3383 Sany.
1123 3311 1352 3364 tonicam
1402 3310 1563 3365 (ἔνια.
1607 3309 1791 3366 Barb.
1966 3321 2018 3366 at
2066 3330 2172 3368 om.
2217 3311 2353 3367 libri
2520 3278 2706 3387 dextJa

412 3395 549 3468 Rey.
680 3388 757 3471 in]
806 3396 944 3450 inu-a
978 3396 1143 3451 Grut.
1273 3396 1326 3448 in
1358 3394 1489 3449 erile
1520 3410 1718 3466 penum
1755 3398 2000 3466 scripsi,
2048 3404 2109 3452 ut
2140 3399 2452 3466 anapaesti
2476 3397 2702 3468 fierent.

413 3496 463 3533 m
519 3482 676 3551 (intra
736 3478 922 3549 (ἔνια.)
978 3495 1174 3553 penum
1234 3479 1482 3551 (paenum
1543 3477 1709 3551 Rey.)
1768 3478 1898 3533 erile
1954 3478 2060 3548 (sic
2116 3480 2290 3535 Hazb.
2350 3480 2489 3552 Rey.
2549 3497 2619 3536 m.
2672 3483 2703 3535 1

413 3564 658 3620 Carolir.
702 3583 762 3635 p.
798 3563 939 3629 713,
987 3581 1092 3619 om.
1138 3564 1314 3635 Sanq.
1355 3580 1417 3634 p.
1454 3563 1574 3618 713
1621 3556 1783 3617 ”erile
1833 3563 2011 3636 Bony.
2053 3581 2112 3634 p.
2150 3564 2270 3620 713
2317 3563 2485 3648 herile
2527 3564 2702 3637 Sany.

403 3665 464 3718 p.
514 3647 635 3705 659
695 3648 864 3704 herile
909 3644 1107 3721 ceteri)
1149 3649 1395 3703 codices.
1570 3645 1673 3700 vos
1719 3645 1914 3718 quibus
1959 3648 2109 3702 cordi
2155 3657 2239 3703 est
2284 3647 2424 3702 intra
2468 3650 2705 3704 tunicum

410 3732 588 3797 laena,
636 3731 855 3788 dextera
898 3733 951 3786 in
996 3748 1193 3806 penum
1240 3732 1407 3786 herile
1452 3734 1745 3787 octonario
1792 3733 2089 3788 trochaico
2132 3732 2409 3788 Munlcius
2453 3739 2506 3787 et
2552 3734 2704 3789 Neu-

410 3816 703 3880 kircleius;
732 3821 862 3873 item
898 3833 995 3871 uos
1022 3859 1036 3872 .
1065 3858 1078 3870 .
1103 3858 1116 3870 .
1145 3816 1375 3871 tunicam
1410 3816 1581 3886 laeua,
1613 3815 1801 3869 dextra
1833 3817 1969 3870 intra
2004 3832 2198 3889 penum
2231 3816 2370 3871 Erile
2405 3817 2701 3873 Herlzius.

412 3898 508 3955 uds
543 3943 555 3956 .
594 3944 608 3956 .
645 3943 659 3956 .
694 3903 923 3956 tunicam
957 3918 1143 3956 manus
1176 3901 1356 3969 laeua,
1402 3908 1454 3954 at
1485 3900 1671 3955 dextra
1704 3902 1756 3955 in
1790 3918 1841 3973 p.
1877 3899 2015 3955 Erile
2061 3903 2189 3957 olim
2220 3902 2522 3971 dederam,
2556 3916 2706 3973 quae

409 3989 669 4043 inmerito
701 3988 1022 4042 cauillatur
1052 3985 1372 4041 Muellerus
1395 4001 1557 4055 pros,
1591 3986 1786 4039 Plaut.
1820 3984 1961 4040 272.
2021 3987 2309 4041 Dimetros
2352 3995 2709 4055 anapaestos

418 4070 707 4125 Usenerus
751 4086 976 4143 quoque
1007 4073 1242 4143 aynouit
1271 4070 1528 4141 idemque
1558 4069 1688 4124 erile
1722 4086 1917 4141 penum
1944 4071 2235 4141 probauit.
2367 4069 2489 4125 332
2536 4086 2706 4142 eaque

410 4155 552 4209 Par.
587 4156 654 4226 P,
689 4154 894 4211 Iunius
923 4171 982 4208 ea
1016 4171 1152 4227 quae
1193 4155 1330 4209 libri
1476 4154 1643 4208 ferme
1674 4154 1818 4209 Par.
1850 4154 1903 4208 P
1928 4156 2068 4210 Leid
2114 4174 2184 4213 m.
2214 4172 2308 4225 pr.
2346 4152 2496 4209 firme
2528 4157 2710 4209 celeri

580 4256 638 4294 se
682 4238 881 4294 dedere
928 4240 1330 4294 Buechelerus
1373 4237 1562 4293 sedere
1606 4240 1745 4294 libri
1910 4238 2119 4299 firmius
2177 4238 2367 4293 sedere
2413 4247 2468 4292 et
2511 4238 2704 4292 melius

412 4325 538 4381 olim
570 4326 788 4380 conieci
958 4324 1080 4381 333
1127 4331 1288 4397 atque
1324 4323 1523 4378 Bamb.
1560 4331 1760 4397 atquae
1794 4322 1948 4381 Leid.
1982 4333 2149 4398 utque
2178 4326 2359 4379 ceteri
2393 4330 2451 4378 ut
2485 4321 2625 4378 Par.
2660 4323 2714 4382 P
