3400 5075
691 331 925 385 LXXVI
1574 330 1614 385 C
1622 330 2105 386 OROLLARIVM

693 517 744 557 e.
791 517 849 577 q.
899 517 975 574 8.‚
1029 495 1157 558 nisi
1214 516 1482 558 caesura
1538 497 1687 558 ante
1740 494 2063 577 explodam
2091 495 2516 559 'octonarium
2564 494 2979 560 *trochaicum

692 601 1022 665 suasisset.

867 707 996 773 328
1046 729 1137 791 sq.
1202 706 1301 771 De
1357 708 1730 790 anapaestis
1796 709 2205 774 consentiens
2259 708 2697 774 Buechelerus
2760 712 2983 774 tamen

692 813 761 876 in
806 814 1274 879 constituendis
1320 814 1607 878 numeris
1654 818 1721 878 et
1747 815 1965 880 verbis
2000 814 2272 879 discedit
2318 836 2358 878 a
2403 838 2549 880 mea
2594 816 2980 881 coniectura.

690 942 843 985 nam
893 923 1008 984 aut
1052 921 1121 986 in
1166 920 1327 985 duos
1373 922 1775 1003 septenarios
1822 922 1934 1004 sic,
1979 922 2049 986 ni
2094 920 2306 1004 fallor,
2352 922 2653 988 distribui

900 1077 913 1090 .
944 1078 956 1090 .
988 1077 1002 1090 .
1030 1077 1045 1093 .
1090 1048 1195 1092 vos
1244 1027 1467 1109 quib-us
1510 1030 1737 1093 cordist
1777 1030 1950 1093 intra
1996 1029 2269 1093 tunicam
2314 1048 2540 1095 mneos
2586 1030 2777 1107 laeba,

899 1135 1115 1199 dabra
1159 1137 1230 1198 in
1264 1155 1500 1216 penum
1542 1136 1690 1199 erile

699 1243 813 1303 aut
858 1263 985 1306 uno
1033 1264 1224 1305 versu
1271 1241 1365 1306 sic
1410 1242 1693 1307 coerceri
1739 1243 1924 1308 iubet

871 1368 975 1413 vos
1032 1348 1253 1430 quibus
1311 1350 1536 1414 oerdist
1592 1349 1765 1415 intra
1824 1352 2099 1415 tunicam
2152 1370 2378 1415 manus
2438 1350 2635 1427 laeva,
2692 1350 2861 1414 altra
2915 1351 2985 1414 in

1777 1536 1778 1539 Ἴ
1958 1479 2194 1540 penam
2237 1458 2398 1521 erile.

697 1560 881 1627 Ferri
927 1562 1187 1647 quidem
1235 1585 1350 1646 per
1397 1586 1464 1627 se
1511 1568 1578 1628 et
1621 1565 1767 1629 erile
1797 1586 2033 1648 penum
2079 1567 2144 1628 et
2187 1565 2443 1629 inverso
2492 1564 2713 1627 ordine
2749 1584 2984 1645 penam

696 1668 842 1731 mile
903 1671 1138 1754 potest.
1229 1692 1620 1756 quamquam
1686 1672 1859 1736 enim
1923 1671 2131 1736 erilem
2192 1671 2398 1753 filiam
2460 1669 2551 1734 sic
2605 1671 2982 1753 praeposito

699 1775 1018 1841 adiectivo
1075 1777 1401 1841 constanti
1456 1800 1577 1841 usu
1639 1780 1809 1862 apud
1855 1779 2228 1843 Terentium
2271 1777 2550 1861 legimus
2559 1827 2577 1860 ,
2629 1777 2759 1841 nisi
2814 1777 2982 1861 quod

700 1882 925 1963 semel,
977 1882 1090 1945 ubi
1137 1882 1272 1946 iam
1319 1887 1756 1947 antecesserat
1799 1905 1937 1948 crae
1981 1885 2253 1966 mentio,
2299 1885 2368 1947 in
2416 1881 2666 1965 adelph.
2714 1882 2839 1946 301
2892 1883 2984 1947 sic

701 1987 998 2052 ordinare
1046 1988 1304 2053 maluit:
1352 1988 1553 2074 ‘quod
1602 1990 1890 2075 mihique
1937 2012 2209 2075 eraeque
2255 1991 2554 2073 filiaeque
2603 1988 2861 2073 erilist’3
2911 2012 2985 2053 ac

698 2092 970 2156 Plautus
1036 2116 1287 2180 quoque
1359 2097 1424 2160 in
1493 2096 1873 2161 Aululariae
1944 2120 2000 2159 v.
2056 2098 2185 2160 273
2253 2095 2431 2159 ‘erili
2496 2093 2702 2159 filiae'
2769 2094 2987 2177 habet,

699 2201 921 2263 tamen
967 2221 1045 2263 ex
1100 2201 1324 2265 eadem
1377 2202 1603 2266 fabula
1648 2226 1706 2266 v.
1755 2203 1885 2269 580
1931 2205 2259 2285 imperium
2303 2203 2449 2267 erile
2499 2202 2743 2266 notavi.
2832 2224 2985 2266 nam

700 2306 897 2389 paulo
945 2311 1097 2390 post
1139 2308 1534 2391 principium
1563 2331 1788 2373 versus
1818 2309 1943 2373 591
1995 2310 2141 2374 erile
2185 2310 2515 2390 imperium
2560 2308 2732 2371 inter
2780 2311 2984 2391 septe-

699 2412 919 2478 narios
982 2414 1353 2480 trochaicos
1427 2419 1802 2498 corruptum
1869 2418 1935 2479 et
1999 2419 2103 2478 sat
2164 2414 2595 2498 probabiliter
2660 2437 2699 2477 a
2773 2412 2985 2477 CFW

702 2516 1035 2601 Muellero‚
1080 2521 1189 2605 qui
1237 2523 1329 2586 eri
1372 2523 1464 2586 ita
1507 2523 1838 2604 imperium
1882 2521 2251 2606 proposuit,
2300 2524 2660 2586 correctum
2709 2523 2822 2584 est.
2894 2520 2985 2584 la-

701 2625 940 2688 borant
981 2629 1232 2692 numeri
1283 2630 1483 2693 etiam
1530 2630 1597 2692 in
1644 2630 1778 2693 mil.
1806 2630 1892 2714 gl.
1931 2630 2080 2710 481,
2129 2629 2239 2692 ubi
2288 2629 2380 2692 sic
2425 2628 2731 2691 traditur:
2780 2625 2987 2689 ‘satin

704 2731 871 2794 abiit
915 2732 1026 2795 ille
1072 2756 1187 2798 nec
1234 2737 1379 2800 erile
1422 2738 1727 2818 negotiu-m
1772 2736 1927 2799 Plus
1976 2712 2210 2816 curat',
2256 2757 2478 2798 verum
2509 2756 2647 2797 esse
2694 2736 2854 2816 puto
2899 2733 2991 2796 eri

701 2840 1172 2924 suineyotz‘um,
1219 2845 1293 2905 ut
1334 2839 1409 2906 =in
1456 2841 1692 2926 Amph.
1742 2843 1872 2906 622
1917 2841 2373 2906 Fleckeisenus
2430 2842 2521 2904 cri
2565 2841 2684 2903 mei
2732 2840 2992 2922 imperia

703 2966 821 3026 pro
884 2951 1188 3030 corrupto
1250 2949 1432 3013 erilia
1493 2950 1771 3034 scripsit.
1865 2947 1988 3013 Sed
2037 2949 2104 3012 in
2160 2948 2383 3011 eadem
2441 2946 2667 3010 fabula
2712 2946 2990 3031 legimus

704 3052 969 3115 amicam
1013 3054 1221 3118 erilem
1267 3077 1325 3117 v.
1375 3055 1518 3119 114.
1572 3056 1696 3119 122
1744 3052 2001 3140 (contra
2045 3055 2254 3118 erilem
2298 3054 2565 3116 amicam
2611 3050 2788 3138 274),
2833 3053 2992 3116 item

704 3158 1102 3222 concubinam
1157 3161 1364 3224 mlem
1420 3183 1476 3224 v.
1524 3162 1652 3225 508
1710 3158 1808 3246 (at
1859 3166 2074 3226 nostra
2128 3161 2298 3223 erilis
2351 3160 2685 3223 concubina
2738 3182 2795 3222 v.
2841 3159 2991 3242 458,

705 3264 913 3327 erilem
975 3268 1373 3331 concubinam
1434 3291 1493 3332 v.
1552 3267 1700 3330 470.
1750 3268 1876 3331 549
1890 3266 1932 3353 ).
2042 3266 2221 3343 Quae
2284 3268 2433 3330 utut
2495 3267 2670 3347 sunt,
2735 3264 2990 3329 Afranii

706 3374 878 3434 certe
936 3375 1259 3438 sententia
1306 3375 1401 3438 ita
1456 3377 1836 3458 comparata
1884 3378 1998 3454 est,
2044 3377 2118 3438 ut
2163 3374 2368 3437 multo
2413 3372 2752 3437 rotundius
2801 3371 2990 3434 unius

705 3477 1009 3542 versiculi
1057 3483 1211 3546 orbe
1260 3482 1681 3547 concludatur
1709 3504 1904 3566 quam
1934 3481 1998 3545 in
2030 3480 2190 3544 duos
2221 3477 2639 3543 distrahatur.
2689 3475 2991 3542 Ceterum

702 3581 783 3646 de
829 3585 1001 3648 erilis
1045 3589 1363 3653 vocabulo
1410 3589 1488 3653 cf.
1536 3588 1825 3669 Ramsay
1872 3588 1940 3651 in
1989 3585 2397 3652 Mostellaria
2442 3607 2502 3668 p.
2550 3585 2652 3649 93.

886 3692 1015 3755 332
1074 3691 1511 3760 Confirmatur
1556 3693 1938 3758 Buecheleri
1986 3692 2351 3757 emendatio
2398 3695 2657 3775 praeter
2703 3691 2823 3755 inc.
2873 3692 2992 3754 inc.

707 3798 873 3880 trag.
925 3799 1048 3862 161
1109 3801 1327 3884 ibique
1382 3801 1718 3865 laudatum
1775 3800 1914 3864 Ter.
1961 3799 2098 3863 hec.
2146 3799 2277 3864 380
2334 3796 2665 3863 Ciceronis
2723 3798 2802 3860 ad
2859 3796 2994 3860 Att.

707 3900 806 3964 III
855 3904 938 3968 23
987 3909 1142 3969 extr.
1192 3905 1297 3970 ‘ut
1340 3928 1403 3971 sc
1456 3908 1644 3970 initia
1688 3907 1965 3971 dederint
2017 3906 2383 3990 perscribas
2398 3903 2436 3985 ’,
2489 3903 2662 3968 Livii
2709 3902 2994 3968 XXVIII

710 4007 770 4089 5,
818 4009 857 4071 9
906 4009 1279 4094 ‘pollicitus‚
1324 4017 1519 4096 prout
1563 4017 1819 4097 tempus
1865 4034 1939 4077 ac
1982 4033 2078 4076 res
2121 4033 2184 4076 sc
2227 4014 2425 4094 daret,
2481 4011 2782 4075 omnibus
2829 4010 2992 4071 latu-

707 4137 849 4179 rum
898 4140 966 4180 se
1013 4118 1351 4184 auxilium’
1397 4117 1481 4204 (si
1527 4119 1838 4184 Puteanei
1886 4122 1952 4183 et
1986 4118 2260 4183 Medicei
2300 4118 2669 4200 corruptela
2713 4111 2994 4196 acre-sida!

706 4227 815 4305 ret,
864 4221 1225 4290 Colbertini
1272 4247 1367 4290 res
1410 4227 1573 4290 deret
1617 4226 1710 4289 sic
1755 4228 1929 4290 recte
1977 4228 2208 4288 sanata
2255 4223 2400 4309 est),
2448 4223 2725 4286 Senecae
2772 4219 2849 4282 de
2896 4218 2996 4281 ira

708 4333 810 4399 III
858 4334 925 4417 7,
978 4335 1011 4396 1
1064 4332 1363 4418 ‘negotia
1408 4383 1423 4396 .
1464 4382 1478 4396 .
1524 4331 1818 4418 ingentia
1866 4382 1879 4395 .
1919 4381 1932 4394 .
1972 4381 1986 4395 .
2040 4352 2161 4395 nec
2216 4329 2375 4394 dant
2434 4349 2501 4392 se
2560 4324 2753 4389 facile
2815 4327 2882 4388 et
2940 4323 2997 4386 si
