3400 5075
626 336 707 399 33
1419 336 1692 388 suxi-vs
1731 336 2120 387 ‘rvRPnAvs

1653 491 1748 555 VI
1796 492 1894 575 (2)

802 610 881 673 In
930 612 1074 673 aicta
1120 611 1380 690 coperia
1427 607 1575 690 zilga
1621 607 1840 671 inoras
1889 610 2134 671 ostreas

1002 804 1007 809 ὗ
1610 720 1742 785 VII
1788 721 1931 805 (14)

802 838 939 903 Nee
986 841 1155 902 recte
1205 838 1329 902 dici
1374 835 1539 900 mss1i
1587 858 1751 920 quae
1797 837 1927 900 iam
1974 837 2213 901 dudum
2263 817 2469 901 audio,

1621 950 1786 1015 VIII
1832 950 1931 1035 (7)

669 1069 756 1133 25
802 1068 1021 1132 Etism
1067 1088 1168 1131 me
1215 1067 1467 1150 irrides,
1512 1068 1788 1151 pessime
1836 1088 1910 1130 ac
1957 1067 2342 1131 sacerrime?

1654 1181 1749 1245 IX
1797 1180 1895 1265 (1)

793 1292 991 1361 ‘Nam
1040 1297 1093 1361 si
1140 1294 1326 1361 sceris
1372 1319 1474 1360 me
1520 1297 1818 1381 posthae,
1864 1297 2085 1361 eredas
2132 1296 2293 1361 mss1i
2340 1292 2547 1361 uelim’

804 1410 1057 1496 Inquit,
1104 1412 1256 1495 quid
1303 1412 1570 1476 censes?
1644 1413 1676 1484 ss*
1722 1415 1862 1475 tum
1909 1411 2152 1475 dolebit
2198 1409 2461 1476 scilicet.

1652 1526 1713 1590 X
1760 1526 1904 1610 (13)

807 1642 1020 1705 Homo
1068 1642 1259 1705 unica
1306 1646 1405 1706 est
1451 1645 1685 1705 natura
1732 1663 1806 1705 ao
1853 1642 2223 1727 singularia.

1654 1755 1750 1819 XI
1796 1755 1896 1839 (3)

689 1954 697 1963 Ι
805 1872 970 1935 Vide
1016 1870 1253 1935 mirum
1298 1872 1632 1955 ingenium
1680 1893 1755 1935 ao
1803 1871 2200 1935 delenificam
2247 1872 2602 1937 mulierem:

672 1988 758 2052 30
805 1986 1178 2051 Commorat
1222 1986 1551 2050 hominem
1596 1987 1896 2050 liicrimiS.

1612 2100 1742 2165 XII
1789 2100 1932 2185 (10)

806 2217 1111 2280 Sandaeilio
1159 2216 1381 2280 innixa
1428 2214 1720 2301 digitulis
1767 2216 2156 2299 primoribus

1595 2330 1756 2394 XIII
1804 2329 1948 2416 (11)

804 2447 985 2511 Meos
1030 2448 1319 2531 parentis
1366 2446 1570 2510 czireo.

628 2649 714 2692 tus
743 2679 755 2692 .
784 2678 796 2691 .
824 2646 860 2694 .'
1001 2643 1077 2691 VI
1113 2641 1322 2691 Nonius
1358 2643 1482 2704 216,
1524 2643 1555 2691 5
1592 2645 1857 2691 ‘ostrea
1903 2643 2126 2705 generis
2175 2641 2466 2691 feminini.
2493 2679 2505 2692 .
2532 2647 2568 2691 .’
2641 2644 2713 2693 of.
2752 2643 2920 2708 gloss,

627 2710 880 2759 Labbaei
919 2709 1098 2758 ‘inora
1133 2700 1409 2773 ἄστομα’;
1459 2709 1657 2758 Festus
1693 2709 1857 2758 Pauli
1894 2725 1945 2774 p.
1983 2712 2079 2758 114
2115 2709 2187 2759 Μ.
2228 2709 2419 2771 ‘inm-i,
2457 2710 2682 2763 inorsa)

630 2778 733 2827 VII
770 2778 975 2826 Festus
1010 2792 1061 2840 p.
1104 2778 1198 2825 162
1234 2777 1306 2826 Μ.
1345 2781 1492 2826 ‘noe
1529 2777 1974 2826 coniunctionem
2012 2779 2358 2841 grammatici
2407 2778 2525 2828 fero
2571 2778 2761 2828 dicunt
2799 2793 2918 2828 esse

625 2844 1043 2905 disiunctiuam,
1093 2849 1152 2893 ut
1188 2859 1293 2893 noo
1339 2843 1478 2907 legit
1528 2860 1629 2894 neo
1665 2845 1889 2905 scribit,
1938 2859 2087 2907 eum,
2133 2845 2180 2893 si
2217 2844 2539 2910 diligentius
2576 2845 2919 2911 inspiciatur,

628 2920 688 2960 ut
728 2913 866 2961 fecit
903 2912 1125 2961 Sinnius
1163 2909 1385 2976 Capito,
1432 2911 1686 2976 intellegi
1733 2912 1908 2976 possit
1952 2927 2075 2961 eam
2118 2913 2358 2977 positam
2407 2928 2528 2964 esse
2567 2914 2636 2962 ab
2674 2913 2918 2977 antiquis

628 2996 722 3042 pro
758 2995 869 3029 non
904 3005 969 3014 —
1007 3005 1073 3014 —
1107 2978 1252 3043 apud
1291 2979 1545 3028 Plautum
1590 2979 1647 3029 in
1685 2980 1977 3031 Fasmato:
2026 2994 2125 3030 neo
2167 2985 2320 3030 reete
2344 2982 2414 3037 ‚si
2461 2980 2545 3029 illi
2583 2981 2810 3031 dixeris’
2867 2985 2922 3030 et

626 3047 931 3111 Turpilium
970 3046 1026 3094 in
1053 3047 1359 3100 Demetrio:
1397 3051 1523 3095 noc’
1563 3063 1612 3096 e.
1653 3063 1704 3112 q.
1741 3063 1785 3101 s.
1857 3046 2065 3097 Paulus
2104 3064 2154 3112 p.
2197 3049 2291 3098 163
2327 3048 2399 3097 Μ.
2437 3051 2608 3099 ‘nom
2632 3085 2643 3098 .
2668 3049 2924 3112 ,ponitur

627 3124 683 3164 et
720 3131 816 3179 pro
854 3129 981 3166 non.
1055 3113 1362 3178 Turpilius:
1410 3118 1537 3163 neo’
1577 3132 1624 3168 o.
1661 3130 1713 3179 q.
1752 3131 1797 3170 s.
1946 3114 2081 3165 VIII
2117 3115 2328 3166 Nonius
2364 3117 2482 3180 397,
2520 3118 2586 3165 28
2633 3120 2920 3166 ‘sacrum

630 3183 796 3232 etiam
833 3180 1131 3232 scelestum
1169 3185 1226 3230 et
1265 3180 1620 3244 detestabile3
1658 3178 1742 3232 ita
1778 3187 1835 3232 ot
1873 3187 2252 3233 consecratum
2282 3219 2296 3235 .
2328 3219 2340 3230 .
2368 3217 2382 3232 .
2419 3187 2457 3233 .’
2596 3183 2674 3233 IX
2709 3183 2919 3234 Nonius

631 3252 743 3310 124,
783 3252 841 3299 11
882 3249 1032 3298 ‘icit
1066 3248 1345 3312 significat
1370 3251 1635 3314 pereutit,
1674 3250 1745 3299 ab
1783 3251 1896 3300 ictu
1922 3288 1934 3300 .
1965 3290 1976 3301 .
2006 3289 2019 3303 .
2049 3254 2087 3302 .’
2227 3251 2275 3299 X
2314 3251 2522 3301 Nonius
2546 3252 2664 3312 491,
2693 3257 2716 3298 1
2760 3251 2922 3300 ‘sin-

629 3317 900 3380 gularia
940 3333 1035 3380 pro
1075 3316 1383 3381 singulari)
1522 3318 1601 3366 XI
1639 3317 1850 3368 Nonius
1887 3321 2003 3379 278,
2042 3320 2066 3366 1
2107 3318 2517 3382 ‘delenitus,
2567 3318 2639 3366 ad
2677 3323 2918 3368 nostram

628 3383 1086 3436 consuetudinem
1119 3385 1413 3449 placatus.²
1552 3384 1659 3435 XII
1695 3386 1907 3436 Nonius
1942 3388 2060 3445 427,
2098 3387 2165 3435 28
2210 3387 2448 3449 ‘priores
2495 3391 2550 3435 et
2595 3386 2920 3449 primores

628 3452 773 3502 hano
822 3451 1032 3502 habent
1078 3451 1490 3503 diuersitatom:
1536 3452 1747 3518 priores
1793 3454 1936 3502 enim
1975 3453 2341 3517 comparatiui
2381 3457 2506 3503 sunt
2540 3452 2771 3518 gradus,
2811 3452 2919 3516 pri-

629 3534 809 3569 mores
845 3535 1090 3570 summae
1141 3535 1383 3585 quaeque
1428 3535 1515 3570 res
1543 3562 1555 3574 .
1587 3558 1598 3571 .
1627 3525 1664 3570 .’
1804 3521 1938 3571 XIII
1976 3521 2183 3570 Nonius
2219 3522 2336 3583 466,
2373 3521 2406 3570 8
2443 3525 2711 3571 ‘carere
2753 3521 2919 3569 etiam

798 3735 877 3791 23
923 3742 1181 3807 cooperta
1224 3737 1361 3790 libri
1486 3735 1606 3808 alga
1649 3734 1978 3790 Palmerius
2022 3733 2286 3806 Spiciley.
2334 3752 2430 3806 ap.
2466 3735 2629 3790 Grut.
2663 3735 2760 3791 IV
2801 3736 2921 3792 778

630 3835 730 3892 age
773 3821 911 3874 libri
1082 3818 1161 3873 24
1209 3835 1343 3891 quae
1387 3820 1465 3874 Η.
1498 3820 1727 3875 Keilius
1757 3834 1902 3875 mus,
1939 3819 2127 3874 Rhen.
2178 3817 2262 3873 VI
2287 3817 2404 3875 621
2454 3834 2559 3892 que
2605 3822 2731 3876 cod.
2763 3821 2926 3876 Festi

629 3903 775 3974 quod
822 3905 1018 3976 uulgo,
1069 3921 1174 3959 om.
1211 3904 1434 3960 Paulus
1464 3905 1556 3976 qui
1601 3921 1714 3959 non
1746 3906 2140 3959 necessarium
2270 3902 2348 3959 25
2394 3905 2554 3958 eliam
2599 3919 2684 3959 me
2729 3903 2922 3960 irrides

628 3989 871 4044 Bothius
898 3994 984 4042 set
1028 3989 1129 4042 iam
1160 4004 1245 4043 me
1275 3988 1501 4043 irridens
1542 3989 1705 4057 libri,
1754 3988 1908 4060 quod
1948 3993 2147 4043 seruat
2180 3987 2547 4059 Grautoffius
2675 3987 2755 4044 26
2801 4005 2924 4043 nam

632 4071 823 4142 Harl„
875 4073 1015 4148 edd.⁸
1049 4088 1239 4127 uanam
1272 4075 1453 4128 ceteri
1491 4073 1629 4127 libri
1798 4071 1876 4127 27
1924 4072 2052 4144 quid
2098 4072 2323 4128 censes?
2369 4080 2483 4126 tum
2520 4073 2766 4129 Botkius
2809 4082 2923 4127 tum

629 4156 757 4228 quid
803 4172 990 4212 censes
1034 4157 1171 4212 libri
1339 4156 1417 4211 29
1464 4154 1798 4211 delenificam
1844 4159 1967 4212 edd.
2015 4156 2292 4212 delenifica
2335 4158 2472 4212 libri
2584 4155 2922 4212 delenificum

630 4240 912 4296 mulierum
944 4241 1187 4298 Botkius
1359 4241 1435 4296 31
1484 4240 1730 4314 digitulis
1763 4242 2008 4297 Bothius
2037 4241 2221 4314 digitis
2253 4242 2428 4296 Harl.
2463 4240 2697 4313 dicigiiis
2744 4244 2929 4296 ceteri

626 4326 762 4380 libri
930 4324 1010 4381 32
1057 4319 1235 4399 meos]
1283 4341 1378 4380 eos
1420 4327 1555 4381 libri
1589 4343 1653 4397 p.
1684 4324 1807 4382 466
1980 4332 2231 4398 parentes
2264 4326 2465 4381 Bamb.
2492 4343 2554 4397 p.
2589 4324 2746 4395 466,
2787 4325 2928 4380 libri
