3400 5075
1278 256 1606 309 Dsscmvs
1643 255 2005 310 LABssmvs
2655 252 2770 317 281

1374 412 1895 480 AVLVLARIA

537 533 619 597 10
665 531 880 597 Homo
929 530 1212 595 ebriatus
1261 527 1759 594 somno-sanari
1801 530 1981 596 solet.

1338 643 1927 710 BELONISTRIA

665 815 676 827 .
878 814 890 827 .
984 762 1244 827 domina
1291 764 1518 827 nostra
1567 762 1941 848 priuignum
1989 785 2177 827 suum

664 879 863 944 Amat
908 878 1214 942 efflictim.

1328 991 1946 1059 CAOOMNEMON

661 1110 786 1175 Hie
834 1112 931 1175 est
976 1107 1086 1174 ssle
1134 1109 1402 1195 gurdus,
1459 1111 1647 1195 quem
1704 1131 1825 1194 ego
1873 1132 1974 1175 me
2030 1111 2264 1176 abhinc
2312 1114 2563 1178 menses
2621 1112 2781 1178 duos

2089 1250 2164 1293 ex
2210 1222 2454 1292 'Africa

664 1315 1139 1380 Aduenientem
1186 1313 1511 1400 excepisse
1560 1315 1678 1379 tibi
1727 1317 1989 1380 narr-tini
2081 1367 2522 1381 .....

1445 1429 1832 1495 GAETVLI

493 1549 635 1630 15]ss
664 1547 818 1612 Non
864 1545 1171 1632 intellexi.
1218 1549 1250 1621 [Γ
1300 1541 1582 1632 [credidi]
1634 1549 1696 1609 te
1744 1545 2155 1611 Mauricatim
2202 1545 2382 1612 seire.

624 1744 961 1793 Avnvnama
1031 1742 1242 1792 Nonius
1271 1743 1382 1800 108,
1423 1744 1454 1791 8
1492 1740 1814 1794 ‘ebriolare.
1855 1741 2065 1791 ebrium
2102 1742 2311 1796 facere.
2352 1747 2407 1792 et
2444 1742 2780 1792 ebriacus'

489 1809 822 1873 (ebriatus
861 1811 1153 1870 Bentinns)
1193 1810 1419 1860 ‘ebrius.
1496 1810 1765 1859 Laberius
1793 1809 2040 1859 lletaera
2079 1807 2151 1875 [1]
2192 1810 2334 1859 idem
2373 1811 2430 1859 in
2468 1811 2781 1861 Aulularia:

489 1879 670 1929 homo’
710 1898 756 1929 e.
795 1896 844 1944 q.
884 1896 925 1931 s.
1001 1879 1081 1927 Ex
1109 1878 1320 1928 Plauti.
1363 1876 1516 1926 euius
1557 1878 1788 1926 frustum
1816 1877 2033 1941 aliquod
2073 1879 2455 1937 antecesserit,
2496 1879 2785 1929 Aulularia

488 1952 761 2011 sumptum
801 1947 1104 1996 arbitratur
1140 1945 1478 1994 Ritschelius
1514 1944 1740 2010 Parerg.
1775 1944 1801 1994 1
1841 1947 1963 1994 142:
2003 1945 2314 1996 ‘nesciendi
2353 1951 2525 1995 artem
2561 1947 2653 1996 bie
2689 1946 2786 1995 ad-

489 2015 810 2065 mittendam
850 2018 997 2064 esse’
1037 2019 1228 2064 censet
1266 2011 1410 2062 Guil.
1438 2013 1681 2077 Wagner
1717 2011 1783 2063 de
1809 2013 1996 2063 Plauti
2025 2013 2201 2064 Aulul.
2239 2030 2288 2077 p.
2317 2016 2380 2063 10
2417 2014 2481 2063 in
2517 2013 2783 2079 Augure

502 2083 642 2132 coni.
681 2082 991 2147 Stephanus

625 2151 1006 2199 Batonis‘rau
1076 2149 1288 2198 Nonius
1330 2150 1441 2207 104,
1479 2150 1545 2198 25
1593 2146 1985 2213 ‘efflictim,
2030 2145 2785 2201 uehement'er...Laberius

489 2217 978 2268 Bellouistria:
1017 2217 1259 2266 domina‘
1298 2234 1344 2267 e.
1388 2231 1436 2279 q.
1478 2231 1519 2264 s.
1560 2215 2011 2273 (Belonistria
2049 2217 2243 2267 Iunius
2278 2217 2566 2269 Animadu.
2593 2217 2669 2267 VI
2702 2215 2785 2280 10)

626 2285 1011 2335 Cacoussuos
1085 2284 1296 2334 Gellius
1324 2283 1446 2333 xv1
1476 2285 1521 2344 7,
1547 2283 1578 2332 8
1615 2283 1912 2333 ‘Laberius
1939 2284 1994 2333 in
2022 2285 2226 2347 mimis,
2264 2299 2402 2349 quos
2427 2286 2783 2351 seriptitauit‚

491 2355 690 2418 oppido
729 2369 888 2426 quam
916 2353 1085 2402 uerba
1123 2351 1280 2402 finxit
1319 2351 1713 2416 praelicenter.
1736 2352 1927 2401 ..item
1966 2352 2023 2400 in
2050 2353 2513 2404 Cacomnemone}
2550 2353 2641 2402 hic
2681 2358 2783 2410 est,

489 2422 695 2485 inquit,
741 2419 861 2470 llle’
907 2435 951 2470 e.
992 2438 1042 2485 q.
1082 2436 1123 2474 s.
1198 2422 1762 2482 (οειοοιηθωωοηο
1801 2419 1997 2469 Petau.
2037 2420 2216 2470 Germ.
2262 2421 2401 2470 Thu.
2440 2421 2607 2485 Mag-l.
2648 2422 2785 2485 Reg.

491 2487 937 2539 cusoria-mone
975 2488 1154 2551 VosS.)
1228 2487 1315 2537 cf.
1354 2484 1731 2550 Quintilianus
1757 2488 1783 2539 I
1808 2489 1854 2549 5,
1880 2489 1945 2537 57
1983 2487 2282 2554 ‘gurdos‚
2323 2504 2459 2553 quos
2499 2504 2595 2554 pro
2634 2489 2787 2539 stoli-

492 2558 574 2607 dis
613 2558 818 2621 accipit
854 2557 1075 2621 uulgus,
1116 2572 1182 2606 ex
1220 2557 1494 2621 Hispania
1543 2554 1766 2605 duxisse
1805 2556 2074 2621 originem
2122 2556 2356 2609 audiui.'
2395 2557 2563 2623 gloss.
2603 2558 2647 2605 V
2674 2557 2782 2607 13²0

493 2626 746 2689 ‘gurdus‚
786 2626 1006 2689 ineptus
1044 2624 1295 2674 inutilis.'

625 2692 874 2742 Gaas-vm
950 2691 1237 2742 Charisius
1273 2691 1329 2742 11
1365 2706 1417 2754 p.
1458 2692 1554 2739 184
1591 2690 1651 2739 Ρ.
1700 2691 2159 2742 ‘maurieatim
2205 2693 2481 2743 Laberius
2526 2693 2582 2742 in
2620 2691 2786 2743 Cae·
2852 2704 2857 2711 ²

492 2760 696 2810 culis:
736 2758 860 2810 non*
904 2776 948 2813 e.
977 2777 1027 2825 q.
1053 2775 1094 2811 s.
1168 2760 1376 2809 Nomen
1403 2757 1630 2808 fabulae
1659 2758 1977 2809 Gaetulis
2014 2761 2255 2811 restituit
2283 2760 2558 2825 Bergkius
2584 2760 2783 2810 Philol.

491 2827 673 2879 XXIX
711 2831 837 2887 329;
875 2828 1211 2893 uulgabatur
1248 2826 1601 2887 Caeculis;
1640 2826 1856 2876 conieci
1893 2826 2187 2893 aliquando
2224 2827 2540 2880 Saeculis

667 3007 743 3064 10
787 3006 1025 3062 ebriatus
1091 3007 1396 3062 Bentinus:
1460 3005 1541 3077 cf.
1604 3022 1661 3061 u.
1722 3004 1803 3062 52
1862 3006 2106 3063 ebriacus
2158 3007 2320 3075 libri,
2383 3024 2495 3080 quo
2548 3015 2787 3064 seruato
2884 3042 2894 3048 -

490 3095 782 3149 senarium
826 3093 975 3165 utqui
1021 3093 1093 3147 ab
1137 3094 1294 3147 initio
1339 3094 1582 3163 explere
1640 3093 1820 3147 uoluit
1878 3093 2203 3166 Waynerus
2248 3090 2497 3147 ebriosus
2555 3092 2620 3147 G.
2674 3092 2785 3147 Fa-

491 3180 710 3235 bricius
740 3181 798 3233 in
830 3179 1241 3233 sententiarum
1273 3177 1501 3248 sylloge.
1685 3176 1759 3231 11
1794 3192 1881 3248 sq.
1926 3179 2247 3250 septenarii
2282 3176 2542 3248 frustum
2574 3174 2789 3231 domina

491 3271 676 3318 nostra
723 3280 775 3334 p.
823 3279 868 3315 s.
917 3262 1055 3315 ziinat
1103 3278 1150 3316 e.
1209 3260 1484 3333 praefert
1531 3262 1929 3318 Buecheler-us
2146 3260 2221 3316 13
2262 3259 2523 3331 fortasse
2569 3260 2654 3315 hic
2698 3259 2787 3315 ille

493 3356 574 3402 est
789 3344 996 3419 gurdus
1043 3364 1118 3399 cm
1167 3345 1364 3419 gurdus
1409 3362 1521 3402 non
1565 3348 1663 3417 liq.
1710 3344 1889 3418 Mayl.
2147 3343 2211 3398 ab
2259 3344 2381 3400 hinc
2426 3344 2613 3400 Germ.

492 3448 702 3486 inermes
759 3433 897 3486 ‹luos
954 3431 1195 3486 Botbius
1262 3429 1399 3484 duos
1455 3447 1666 3486 menses
1730 3431 1866 3484 libri
2119 3428 2319 3484 Assrica
2375 3430 2580 3485 Petau.
2647 3430 2787 3484 Thu.

494 3517 668 3589 Luyd.
847 3513 922 3569 14
969 3515 1280 3587 excoepisse
1331 3515 1470 3571 Thu.
1507 3516 1683 3588 Luyd.
1877 3514 2088 3570 Versus
2131 3515 2411 3584 disposuit
2456 3513 2788 3570 Fleckeise-

491 3616 601 3668 nus
645 3596 752 3671 (ch
780 3602 942 3670 epist.
976 3603 1104 3655 crit.
1141 3601 1219 3653 ad
1250 3599 1325 3654 M.
1367 3601 1667 3656 Hertzium
1712 3617 1771 3670 p.
1805 3596 1939 3669 38),
1985 3601 2099 3654 nisi
2140 3599 2293 3671 quod
2334 3600 2577 3653 alterum
2610 3600 2788 3654 uerbo

493 3685 831 3754 uenientem,
891 3693 949 3740 ut
1005 3687 1062 3738 in
1123 3684 1288 3738 libris
1343 3693 1458 3755 est,
1518 3699 1769 3740 exorsus
1825 3683 2180 3739 trochaicum
2236 3698 2361 3739 esse
2419 3685 2625 3746 uoluit,
2685 3699 2787 3756 eqo

492 3768 866 3825 aeluienientem
914 3767 1028 3837 (uel
1074 3768 1179 3823 buc
1226 3766 1557 3844 uenientem)
1606 3772 1907 3841 corriqens
1948 3769 2166 3824 iambos
2196 3771 2483 3823 continuo,
2604 3766 2787 3823 Muel-

489 3858 650 3911 lerus
703 3855 934 3924 prosod.
983 3854 1175 3908 Plaut.
1223 3851 1345 3910 303
1404 3862 1504 3910 aut
1559 3856 1632 3909 ab
1677 3857 1830 3909 omni
1873 3868 2141 3909 numeros
2196 3854 2535 3909 restituendi
2577 3859 2788 3908 conatu

491 3940 888 3994 abstinendum
936 3935 1007 4008 (si
1049 3940 1272 4010 quidem
1320 3941 1434 3994 tale
1464 3940 1604 4012 quid
1634 3940 1789 3994 uelut
1835 3938 1967 4009 buc,
2017 3936 2256 4010 hospitio
2288 3936 2429 4004 apud
2462 3954 2544 3991 me
2589 3939 2789 3993 deesse

494 4021 782 4093 uideatur)
827 4029 928 4078 aut
973 4025 1237 4077 senarios
1281 4024 1700 4079 distribuendos
1746 4040 1871 4079 esse
1916 4028 2111 4077 censet
2167 4022 2315 4076 tales
2355 4022 2520 4094 fere.-
2573 4021 2659 4076 bic
2704 4028 2789 4075 est

495 4107 581 4163 ille
628 4128 680 4182 g.
731 4105 889 4180 quem
950 4124 1056 4180 ego
1103 4105 1292 4162 abhinc
1351 4108 1560 4162 menses
1607 4106 1745 4160 duos
1837 4106 1905 4161 Ex
1952 4100 2147 4159 'Africa
2197 4105 2501 4160 uenientem
2548 4106 2653 4161 hue
2698 4122 2784 4160 ex·

491 4192 698 4265 cepisse
732 4208 814 4245 nne
846 4190 885 4245 Τ
893 4191 959 4246 ibi
995 4193 1202 4246 narraui
1380 4191 1455 4247 15
1503 4209 1610 4247 non
1642 4191 1881 4248 intellexi
1920 4188 2229 4245 Putsckius
2262 4207 2339 4247 cx
2382 4193 2505 4246 cod.
2538 4191 2785 4259 Dousae,

494 4295 597 4332 om.
648 4282 846 4333 notata
903 4278 1121 4331 lacuna
1183 4278 1268 4333 ed.
1310 4294 1407 4348 pr.
1462 4270 1494 4331 ἦ
1539 4278 1615 4332 int
1651 4317 1916 4336 ......
1964 4276 2117 4329 linea
2167 4282 2433 4332 extrema
2480 4276 2604 4333 cod.
2652 4279 2791 4331 teste
