3400 5075
1298 347 1574 399 sssx'rvs
1618 348 2012 400 TVRP1L1vs
2680 349 2797 411 103

1531 502 1628 568 VI
1676 500 1778 590 (8)

680 617 785 681 Me
833 616 935 682 uss
979 618 1220 701 potiri?
1266 619 1368 683 fao
1414 640 1535 704 ego
1581 618 1797 704 potiar
1843 620 2017 704 qu6d
2065 622 2232 685 uolo,

1512 741 1643 809 VII
1689 740 1791 830 (5)

680 856 920 922 Misero
966 858 1125 921 mihi
1170 856 1515 941 mitigabat
1561 858 1852 924 sandalio
1899 862 2109 944 caput.

1494 981 1658 1047 VIII
1706 981 1806 1068 (2)

682 1096 849 1173 Quin
896 1098 1220 1181 moneam,
1267 1097 1422 1181 quin
1451 1098 1721 1162 clamem
1751 1099 1816 1161 et
1860 1120 2092 1183 querar
2135 1102 2249 1163 tua
2286 1096 2474 1183 uitia,
2521 1121 2681 1183 quae
2729 1104 2792 1164 te

1988 1211 2271 1278 m'h'tant.

1519 1299 1615 1364 IX
1664 1297 1764 1385 (4)

678 1414 927 1492 Quibus
973 1438 1109 1480 rem
1153 1416 1346 1480 rebus
1394 1411 1789 1499 dispoliasti,
1834 1415 2016 1480 foede
2063 1416 2214 1480 dum
2242 1417 2312 1480 in
2356 1416 2580 1482 lustris
2609 1419 2791 1483 lates,

1538 1538 1600 1602 X
1648 1536 1751 1624 (6)
2320 1625 2326 1631 .

508 1656 633 1719 150
1380 1674 1501 1739 ego
1548 1652 1809 1718 interim
1856 1654 1926 1717 in
1971 1655 2162 1718 turba.
2208 1655 2383 1720 foras

676 1768 963 1834 Subduxi
1024 1791 1169 1833 cum
1224 1769 1345 1833 hae
1404 1791 1534 1854 me,
1585 1771 1792 1853 neque
1850 1773 1951 1833 sat
1994 1791 2264 1835 numero
2319 1768 2482 1835 mshi
2529 1771 2794 1835 uidebar

1920 1889 2187 1949 currere.

1444 2006 1851 2073 PAEDIVM

1549 2121 1582 2185 Ι
1629 2118 1731 2207 (2)

674 2237 870 2302 Cujus
919 2238 1202 2302 aduentu
1248 2237 1460 2326 insula
1505 2236 1770 2301 h6eedje
1818 2238 2017 2301 claret
2063 2236 2328 2323 Cypros,

495 2432 636 2482 leuis
664 2433 966 2494 contentio,
1006 2431 1158 2481 diota
1195 2446 1263 2481 ex
1288 2431 1679 2548 conpressione
1715 2430 1948 2481 uelitum
1974 2469 1988 2483 .
2017 2469 2030 2481 .
2057 2466 2070 2480 .
2098 2423 2131 2482 .'
2267 2432 2344 2483 vl
2380 2432 2589 2481 Nonius
2614 2434 2733 2494 48⁶2,
2759 2436 2791 2482 5

496 2500 602 2551 ‘sio
627 2500 857 2566 potior
891 2500 1046 2550 illam
1082 2514 1197 2550 rem
1231 2514 1328 2565 pro
1354 2499 1394 2549 il
1419 2514 1453 2549 a
1489 2514 1548 2549 re
1587 2499 1769 2565 potior
1795 2535 1972 2554 .....
1999 2499 2080 2550 sic
2107 2502 2164 2549 et
2199 2514 2338 2564 opus
2373 2504 2460 2550 est
2496 2498 2650 2549 illam
2677 2517 2791 2551 rem

493 2585 590 2634 pro
609 2568 707 2618 illa
732 2584 811 2618 re.
872 2567 1128 2619 Plautus,
1149 2603 1162 2617 .
1182 2567 1406 2618 ,bonum
1431 2567 1565 2617 mihi
1590 2582 1728 2632 opus
1754 2571 1856 2617 est.
1904 2571 1960 2617 et
1985 2566 2041 2616 in
2062 2566 2344 2631 Captiuis.
2364 2603 2377 2616 .
2399 2568 2628 2618 .milites
2653 2585 2790 2633 opus

495 2641 623 2686 sunt
659 2637 780 2687 tibi.
854 2636 1177 2686 Lueretius.
1199 2671 1212 2684 .
1234 2650 1396 2699 .opus
1433 2651 1554 2685 esse
1580 2634 1809 2685 colores.
1881 2634 2160 2700 Turpilius
2185 2634 2415 2684 Lindia:
2455 2640 2563 2685 me’
2593 2651 2640 2685 e.
2667 2652 2716 2694 a.
2746 2653 2788 2686 s.

493 2702 782 2766 (Lyndia
818 2701 1002 2765 Leid.)
1139 2703 1246 2753 VII
1280 2703 1493 2753 Nonius
1528 2704 1646 2763 343,
1688 2704 1751 2753 15
1789 2702 1996 2752 ‘mitis
2032 2708 2119 2751 est
2153 2706 2427 2752 maturus·
2449 2703 2788 2767 ..Turpilius

493 2770 716 2822 India:
756 2770 976 2819 misero’
1014 2786 1062 2820 e.
1101 2785 1152 2832 q.
1190 2785 1232 2820 s.
1286 2767 1564 2833 (Lindia
1609 2770 1726 2819 Nic.
1764 2770 2002 2819 Loensis
2039 2770 2067 2819 1
2100 2767 2154 2833 9)
2204 2769 2277 2819 of.
2326 2771 2453 2821 Ter.
2492 2787 2616 2822 eun.
2658 2773 2788 2821 1028

628 2839 765 2888 VIll
800 2837 1011 2886 Nonius
1040 2839 1154 2900 185,
1182 2840 1248 2887 30
1284 2837 1620 2899 militant,
1658 2837 1820 2886 uilem
1849 2836 2100 2886 faciunt)
2236 2836 2317 2886 IX
2342 2838 2553 2887 Nonius
2578 2841 2695 2896 333,
2725 2842 2789 2888 14

493 2905 735 2954 ‘lustra
773 2905 942 2954 etiam
978 2904 1268 2969 lupanaria
1304 2904 1619 2954 dicuntur..
1642 2904 1951 2968 ,Turpilius
1987 2903 2280 2969 Lyndia:
2320 2906 2542 2970 quibus'
2581 2921 2628 2955 e.
2667 2922 2718 2970 q.
2745 2921 2787 2958 s.

629 2973 679 3022 X
716 2971 925 3021 Nonius
949 2973 1065 3032 352,
1089 2974 1151 3020 21
1192 2976 1492 3022 ‘numero
1527 2970 1806 3035 signifieat
1841 2975 1978 3021 cito,
2000 3008 2011 3019 .
2032 2972 2338 3036 ,Turpilius
2379 2974 2660 3023 Demetrio
2689 3013 2701 3026 .
2730 3010 2743 3022 .
2772 3010 2784 3023 .

493 3039 634 3088 idem
672 3039 966 3102 Lyndia:
1004 3038 1126 3104 ego'
1165 3055 1213 3092 e.
1254 3055 1304 3103 q.
1345 3055 1390 3090 s.
1460 3039 1610 3088 Idem
1647 3041 1765 3102 399,
1807 3041 1868 3088 19
1917 3038 2310 3090 ‘subducere
2362 3045 2447 3090 est
2491 3041 2786 3104 surripere.

491 3107 774 3171 Turpilius
812 3105 1102 3169 Lyndia:
1141 3122 1244 3171 ego
1274 3148 1286 3160 .
1316 3145 1327 3158 .
1357 3144 1369 3157 .
1397 3122 1517 3156 eum
1556 3107 1659 3156 hac
1693 3110 1818 3155 me.’

626 3175 888 3224 PAnmvu
962 3173 1046 3224 Cf.
1085 3173 1340 3225 Παιδίον
1376 3174 1667 3223 Menandri
1705 3172 2021 3239 Apollodori
2069 3174 2371 3239 Posidippi.
2444 3172 2788 3224 Inducuntur

493 3241 876 3292 adulescentes
901 3240 1031 3300 duo,
1064 3257 1290 3305 quorum
1317 3242 1460 3291 alter
1485 3241 1649 3305 longo
1674 3240 1872 3290 itinere
1900 3241 2310 3302 (aduenientem
2335 3241 2616 3306 parasitus
2641 3240 2787 3291 salu-

493 3314 580 3358 tat
618 3309 685 3361 fr.
724 3311 773 3370 1)
813 3324 1068 3359 reuersus
1104 3309 1338 3374 puellam
1366 3308 1625 3373 optimam
1656 3309 1768 3369 (lv,
1806 3310 1877 3370 V)
1905 3308 2033 3358 olim
2059 3324 2092 3357 a
2118 3324 2177 3359 se
2206 3314 2447 3362 amatam
2484 3308 2598 3368 (VI.
2636 3309 2784 3371 VII),

494 3392 725 3439 quacum
766 3377 875 3425 iam
899 3376 1128 3441 nuptiae
1154 3377 1206 3426 ei
1242 3377 1578 3426 constitutae
1607 3376 1858 3435 fuerant,
1899 3375 2127 3424 fastidit
2163 3376 2281 3430 (IX.
2321 3375 2411 3436 X),
2447 3374 2590 3424 alter
2613 3391 2788 3424 mere-

492 3445 616 3493 trici
652 3443 870 3494 cuidam
895 3445 1246 3508 mancipatus
1284 3450 1370 3495 est
1394 3444 1565 3507 (VIII.
1603 3441 1725 3505 IX).
1796 3441 2112 3491 Crudelitas
2148 3442 2302 3492 illius
2340 3442 2405 3491 fr.
2433 3442 2527 3503 XI,
2565 3442 2785 3507 puellae

666 3621 785 3679 146
832 3623 1022 3696 portlri
1086 3622 1286 3678 Bamb.
1500 3622 1678 3694 potiar
1723 3622 1847 3676 edd.
1906 3621 2089 3693 potior
2140 3620 2276 3675 libri
2477 3618 2595 3675 147
2643 3622 2784 3676 mlti-

491 3708 641 3780 gault
668 3708 861 3762 Palal.
1041 3705 1159 3763 148
1206 3706 1411 3761 clamen
1458 3707 1529 3760 W
1703 3704 1819 3761 149
1866 3721 1979 3758 rem
2010 3722 2113 3759 om.
2147 3703 2338 3759 Palat.
2369 3720 2554 3758 senem
2578 3705 2784 3760 Aldina

491 3809 574 3846 em
620 3792 931 3848 Mercerus
1103 3790 1400 3863 ‹lispoliasti
1445 3789 1619 3846 Harl.
1668 3789 1941 3861 dispoliati
1985 3789 2127 3843 Par.
2175 3789 2229 3844 P
2269 3787 2555 3861 dispoliare
2592 3790 2782 3844 Palae.

491 3875 807 3948 ‹lespoliastl
870 3879 1067 3930 celeri.
1171 3876 1261 3929 An
1319 3874 1601 3947 dispolasti
1659 3876 1809 3930 conl.
1856 3873 2068 3944 Afran.
2116 3872 2235 3928 42?
2450 3871 2608 3926 foede
2659 3872 2783 3926 dum

492 3960 800 4016 Mercerus
843 3959 968 4014 dum
1013 3961 1209 4015 Palat.
1253 3957 1436 4014 fedum
1468 3961 1643 4014 Harl.
1690 3957 1908 4013 foedum
1946 3961 2128 4014 ceteri
2163 3958 2299 4013 libri
2465 3956 2599 4011 lates
2646 3957 2787 4012 Geb-

492 4046 715 4100 hardus
744 4045 938 4117 Antiq.
981 4048 1115 4100 lect.
1152 4060 1216 4115 p·
1248 4042 1329 4099 52
1376 4043 1510 4098 latet
1550 4043 1689 4098 libri
1862 4042 1978 4098 151
2027 4058 2204 4114 neque
2247 4048 2330 4095 sat
2374 4039 2581 4096 Iunius
2611 4057 2785 4113 noque

492 4119 581 4219 sal¹
622 4162 792 4217 Harl.
840 4179 1047 4235 aeques
1092 4160 1158 4216 ad
1203 4162 1385 4218 ceteri
1424 4161 1560 4216 libri
1751 4158 1968 4214 uidebat
2011 4161 2184 4214 Harl.
2446 4156 2563 4213 152
2611 4157 2782 4213 insula

493 4247 715 4304 hocedie
772 4246 939 4301 claret
998 4246 1288 4319 Berylcius
1341 4247 1532 4301 diurn.
1592 4247 1772 4317 antiq.
1828 4243 1992 4300 XIII
2045 4241 2253 4314 (1855)
2306 4260 2366 4314 p.
2429 4241 2549 4298 292
2608 4241 2785 4297 insula

496 4330 653 4387 hodie
698 4329 866 4386 claret
918 4332 1081 4402 libri,
1138 4333 1250 4386 nisi
1291 4331 1445 4403 quod
1498 4327 1658 4384 hodie
1713 4327 1886 4383 insula
1941 4328 2109 4383 claret
2171 4328 2350 4384 Valic.
2401 4325 2563 4383 2916
2610 4326 2784 4381 insula
