3400 5075
563 345 681 408 148
1558 346 1877 402 T1T1N1vs

1570 501 1671 567 III
1720 500 1820 589 (2)

737 618 922 695 Quod
971 619 1047 682 exi
1093 618 1415 703 parasitus
1461 618 1728 701 lflibeat,
1776 619 1883 701 qui
1931 618 2113 682 illum
2163 600 2265 682 sat
2312 620 2474 683 sciat

564 737 689 800 100
737 733 1030 799 Deh'cere
1079 738 1143 798 et
1188 738 1443 798 noctem
1493 734 1703 796 fucere
1751 734 2082 818 possitue
2131 734 2248 798 die.

783 851 794 860 '
1586 848 1679 914 IV
1731 847 1833 936 (3)

744 968 869 1043 Qui
915 966 1140 1031 exacta
1187 969 1397 1030 aetate
1447 967 1687 1049 sponsa
1736 965 1868 1029 sit?

1603 1079 1664 1144 V
1715 1077 1817 1166 (1)

739 1199 905 1276 Quid
962 1196 1130 1262 istuc
1178 1197 1319 1262 est?
1377 1200 1490 1260 aut
1547 1193 1703 1280 quid
1758 1196 1905 1259 istic
1961 1196 2082 1260 sibi
2132 1197 2275 1260 uult
2332 1196 2587 1261 sermo?
2635 1201 2858 1281 mater,

2270 1311 2489 1376 delica.

1581 1400 1677 1464 Vl
1756 1401 1798 1464 5

827 1517 1018 1582 Nunc
1063 1517 1187 1581 hoc
1233 1539 1413 1601 uror,
1458 1521 1632 1580 nunc
1677 1397 1839 1580 11ξεί
1884 1538 1986 1581 res
2033 1519 2133 1580 me
2181 1516 2338 1580 facit
2381 1514 2703 1580 festinem.

1578 1630 1707 1696 Vll
1756 1631 1856 1717 (7)

739 1748 861 1825 Qui
907 1745 1134 1813 'Obsce
1191 1752 1255 1812 et
1289 1747 1535 1850 'Volsce
1592 1747 1993 1813 fabulantur:
2049 1748 2202 1812 naim
2261 1747 2489 1813 Latine
2545 1748 2860 1813 nesciunt.

1547 1870 1872 1936 SETINA

1619 1987 1650 2052 Ι
1699 1986 1801 2073 (3)

568 2105 695 2170 105
746 2104 936 2189 Ipsus
986 2103 1242 2186 quidem
1289 2103 1502 2168 hercle
1549 2102 1779 2166 ducere
1830 2100 2018 2189 [eam]
2070 2105 2225 2168 sane
2271 2104 2512 2168 neuult.

563 2299 845 2364 (Quinto
880 2299 1184 2360 Mercerus)
1322 2298 1406 2347 111
1444 2299 1651 2349 Nonius
1676 2301 1794 2362 277,
1835 2300 1898 2348 16
1937 2298 2261 2349 ‘delicere
2300 2304 2386 2349 est
2423 2300 2653 2349 illicere.
2725 2300 2862 2350 Titi-

562 2371 687 2417 nius
724 2367 838 2417 lib.
876 2368 948 2418 V:
989 2367 1152 2432 quod’
1191 2382 1237 2417 e.
1275 2381 1325 2430 q.
1364 2382 1405 2415 s.
1445 2366 1803 2431 (titinnius
1841 2367 1968 2416 Bas.
2006 2366 2335 2432 turpilius
2371 2366 2556 2430 Leid.)

562 2436 638 2486 IV
675 2437 885 2485 Nonius
920 2437 1048 2498 439,
1088 2437 1152 2484 14
1197 2435 1421 2484 ‘dehinc
1469 2435 1736 2499 promissa
1783 2435 1932 2484 dicta
1970 2434 2059 2483 uel
2105 2441 2273 2499 pacta.
2320 2435 2407 2484 uel
2456 2450 2704 2501 sponsa
2752 2436 2863 2486 dici

562 2508 752 2569 potest
779 2542 789 2554 .
822 2542 832 2552 .
861 2541 874 2554 .
903 2503 1145 2554 Titinius
1173 2503 1408 2565 Quinto:
1448 2504 1564 2568 qui>
1605 2519 1652 2553 e.
1679 2519 1729 2568 q.
1755 2517 1798 2553 s.
1837 2501 2180 2565 (Diuortio
2206 2501 2425 2567 Aldina)
2566 2504 2615 2554 V
2650 2503 2860 2554 Nonius

561 2573 646 2633 98,
681 2575 714 2623 8
751 2571 1028 2633 ‘delica,
1065 2571 1332 2635 explana,
1372 2571 1556 2620 indica
1586 2611 1596 2621 .
1627 2607 1640 2620 .
1668 2610 1680 2621 .
1711 2607 1725 2621 .
1751 2572 1995 2621 Titinius
2032 2570 2127 2621 lib.
2155 2572 2231 2620 V:
2269 2572 2421 2635 quid'
2461 2588 2508 2622 e.
2536 2587 2587 2636 q.
2614 2588 2658 2626 s.
2710 2571 2860 2623 Idem

562 2641 679 2697 277,
719 2642 786 2688 24
822 2638 1082 2689 ‘dolica
1120 2646 1203 2687 est
1229 2640 1387 2703 aperi
1414 2645 1470 2689 et
1507 2639 1770 2704 explana.
1840 2638 2083 2689 Titinius
2119 2640 2175 2688 in
2211 2640 2443 2701 Quinto:
2481 2638 2636 2704 quid’
2662 2655 2711 2694 e.
2737 2655 2791 2704 q.
2813 2656 2860 2690 s.

697 2707 775 2756 v1
810 2706 1020 2756 Nonius
1064 2708 1183 2765 482,
1238 2709 1298 2756 31
1349 2707 1698 2756 ‘festinem
1744 2723 1840 2771 pro
1887 2706 2267 2760 festinantem.
2349 2707 2593 2758 Titinius
2641 2707 2738 2757 lib.
2791 2708 2862 2757 V:

565 2779 732 2824 nunc’
773 2791 819 2823 e.
860 2790 911 2839 q.
950 2790 993 2822 s.
1135 2774 1239 2824 V11
1274 2775 1480 2825 Festus
1520 2791 1571 2839 p.
1613 2776 1709 2826 189
1746 2775 1818 2828 Μ.
1856 2772 2168 2824 ‘Obscum
2203 2775 2341 2824 duas
2366 2775 2615 2825 diuersas
2641 2780 2698 2825 et
2735 2790 2861 2824 con-

562 2844 763 2892 trarias
801 2841 1235 2905 significationes
1271 2843 1458 2893 habet.
1528 2858 1653 2892 uam
1683 2842 1937 2892 Cloatius
1976 2849 2135 2906 putat
2170 2857 2235 2892 eo
2260 2841 2536 2893 uocabulo
2560 2841 2863 2906 significari

564 2925 809 2970 sacrum,
848 2924 953 2974 quo
992 2911 1156 2958 etiam
1192 2908 1346 2975 leges
1384 2926 1579 2961 sacrae
1617 2911 1884 2961 obscatae
1922 2909 2193 2959 dicuntur.
2265 2916 2322 2960 et
2364 2912 2420 2959 in
2456 2911 2707 2961 omnibus
2744 2910 2863 2960 fere

566 2979 808 3042 antiquis
846 2977 1256 3027 commentariis
1292 2979 1555 3028 scribitur
1590 2978 1824 3042 Opicum
1863 2993 1961 3042 pro
2009 2976 2195 3028 obsco’
2236 2977 2525 3043 (‘Opscum
2562 2994 2659 3043 pro
2697 2978 2861 3028 Osco’

564 3046 888 3095 Huschkius
915 3060 1148 3094 monum.
1187 3044 1409 3109 linguae
1436 3045 1613 3095 Oscae
1679 3084 1689 3096 .
1718 3043 1862 3109 278),
1899 3048 1984 3094 ‘ut
2019 3048 2075 3096 iu
2102 3046 2278 3095 Titini
2315 3046 2554 3096 fabula
2590 3046 2858 3111 quinta=

566 3114 681 3177 qui’
730 3131 780 3164 e.
828 3129 881 3178 q.
931 3128 976 3165 s.
1056 3110 1343 3176 (Quinto
1392 3111 1640 3178 Scaliger
1710 3113 1917 3171 Paulus
1974 3130 2027 3179 p.
2077 3116 2172 3165 188
2218 3113 2293 3166 Μ.
2341 3108 2593 3179 ‘opicum
2648 3128 2862 3178 quoque

567 3181 878 3230 inuenimus
914 3195 1012 3247 pro
1038 3180 1184 3231 Osco
1221 3205 1288 3214 —
1323 3180 1626 3232 Titinnius:
1664 3181 1870 3232 Obsce'
1910 3197 1958 3230 e.
1995 3198 2044 3247 q.
2083 3197 2126 3231 s.
2239 3181 2392 3232 Adde
2431 3184 2533 3231 inc.
2574 3181 2687 3231 fab.
2711 3181 2861 3231 V111.

702 3250 913 3298 Sua-ma
985 3249 1011 3298 1
1049 3248 1257 3298 Nouius
1298 3250 1411 3313 144,
1447 3250 1480 3297 6
1516 3248 1784 3300 ‘neuult
1819 3265 1915 3314 pro
1948 3265 2058 3299 non
2094 3248 2253 3299 uult.’

735 3430 813 3486 99
862 3431 953 3501 qui
999 3427 1150 3483 illum
1206 3437 1289 3484 sat
1347 3428 1480 3484 sciat
1535 3431 1753 3501 scripsi
1794 3429 1885 3501 qui
1933 3428 2080 3484 illum
2138 3429 2297 3483 satiat
2343 3428 2525 3484 Bern.
2574 3430 2664 3502 qui
2710 3427 2861 3483 illum

564 3514 727 3585 (illam
772 3513 1068 3586 Montisp.)
1114 3515 1248 3569 sciat
1293 3518 1476 3570 ceteri
1514 3514 1650 3570 libri
1691 3514 1782 3585 qui
1828 3530 1889 3568 se
1933 3512 2081 3568 illum
2141 3513 2273 3568 sciat
2317 3512 2695 3569 Hermannus
2734 3516 2774 3568 l.
2820 3514 2860 3568 l.

566 3598 688 3656 273
866 3599 984 3655 101
1034 3599 1124 3671 qui
1172 3597 1249 3669 (h.
1300 3615 1349 3655 e.
1410 3598 1708 3672 quomodo)
1752 3599 1890 3654 libri
1929 3598 2015 3653 cui
2073 3600 2161 3655 ecl.
2213 3595 2372 3654 1526
2546 3615 2745 3671 sponsa
2791 3599 2865 3652 sit

565 3683 833 3757 desponsa
877 3683 1039 3740 libri.-
1082 3685 1274 3739 deleat·
1313 3685 1624 3757 qlossema;
1672 3681 1755 3754 cf.
1819 3683 2005 3739 Varro
2049 3684 2120 3739 de
2161 3686 2201 3739 l.
2248 3682 2315 3738 L.
2380 3682 2462 3739 VI
2502 3682 2598 3740 70.
2658 3698 2863 3755 sponso

566 3767 890 3840 desponsata
938 3769 1008 3824 sit
1043 3767 1285 3824 Bolln'us
1461 3767 1578 3826 102
1626 3774 1720 3823 aut
1764 3766 1888 3822 istic
1928 3768 2065 3823 libri
2102 3785 2160 3839 p.
2195 3766 2274 3824 98
2445 3767 2679 3824 Iambos
2706 3783 2864 3823 nunc

564 3855 837 3925 discripsi
865 3870 992 3910 cum
1025 3854 1364 3909 Hermanno
1394 3855 1433 3908 l.
1464 3856 1504 3910 l.
1538 3852 1678 3923 272,
1720 3852 2029 3909 trochaeos
2059 3855 2187 3909 olim
2318 3853 2473 3907 matri
2514 3853 2706 3909 Urbin.
2738 3851 2861 3908 307

741 3938 857 3995 103
889 3956 1002 3994 non
1035 3942 1348 4011 composita
1382 3954 1508 3994 cum
1539 3937 1814 3993 baccheis
1833 3938 2065 4008 dipodia
2089 3938 2333 3993 iambica
2365 3939 2733 4008 catalectico,
2764 3938 2868 3993 sed

567 4030 899 4080 tetrameter
941 4023 1297 4079 bacehiacus
1341 4030 1427 4077 est
1596 4022 1702 4079 hoc
1748 4038 1834 4076 res
1864 4040 1949 4078 me
1993 4023 2069 4079 W
2092 4038 2177 4078 me
2207 4021 2340 4077 haec.
2369 4037 2459 4077 res
2491 4023 2865 4078 Her-mannus

563 4110 603 4163 l.
649 4110 687 4164 l.
726 4107 881 4178 273,
927 4116 988 4164 ut
1032 4112 1325 4165 senarium
1371 4106 1656 4179 efficeret.
1745 4108 2068 4179 Anapaesli
2108 4108 2358 4163 elumbes
2389 4110 2635 4179 placent
2680 4107 2861 4164 Muel-

564 4193 687 4248 lero
739 4194 974 4264 prosod.
1032 4194 1228 4250 Plane.
1290 4192 1411 4250 110
1638 4193 1756 4250 105
1817 4191 2015 4248 ducere
2071 4208 2200 4247 sane
2253 4193 2388 4248 libri
2440 4192 2543 4265 (cf.
2595 4193 2868 4250 Mueller-i

555 4280 799 4348 prosod.
833 4278 1030 4333 Plaut.
1063 4276 1164 4349 24)
1209 4280 1301 4335 uel
1345 4277 1544 4334 ducere
1588 4294 1704 4333 eam
1749 4293 1876 4332 sane
1908 4286 2036 4334 cum
2068 4276 2308 4350 Bothe‘o,
2354 4279 2451 4334 uel
2492 4276 2693 4333 ducere
2724 4275 2863 4332 Sane

566 4362 943 4421 Hermannus
972 4365 1011 4419 l.
1055 4365 1095 4418 l.
1144 4362 1263 4419 273
2868 4368 2871 4372 “
