3400 5075
646 291 689 344 1.
1532 289 1814 344 COROLL
1823 290 2055 343 ARIVM

649 456 940 517 extrema
992 453 1252 536 quidem
1305 454 1506 517 verba
1559 455 1672 517 iste
1723 454 1931 517 mulus
1974 473 2070 516 me
2114 452 2201 516 ad
2247 454 2484 532 factum
2528 453 2702 517 dabit
2745 450 2833 537 (h.
2884 477 2934 518 e.

648 562 727 624 ad
775 564 1050 625 mortem
1106 560 1291 624 dabit
1342 561 1698 644 interprete
1753 559 2152 624 Buechelero
2208 581 2368 622 mus,
2424 558 2627 623 Rhen.
2683 560 2935 625 XXVII

651 667 804 754 132)
853 690 929 730 ex
974 666 1155 751 vulgi
1202 690 1313 732 ore
1359 667 1615 731 videtur
1662 666 1877 731 viator
1922 668 2254 730 mutuatus
2302 688 2460 729 esse.

823 773 1072 838 Omitto
1118 774 1431 838 ficticium
1476 773 1743 837 titulum
1789 772 1895 837 Or.
1932 774 2107 837 4813
2147 770 2254 855 (cf.
2292 771 2727 837 Buechelerus
2774 797 2934 839 mua.

643 880 848 944 Rhen.
877 879 1131 945 XXVII
1165 879 1346 966 140):
1392 880 1532 944 uixi
1570 881 1719 944 dum
1762 881 1903 942 uixi
1939 879 2095 943 bene.
2149 880 2298 943 Iam
2326 900 2462 943 mea
2487 884 2762 959 peracta,
2792 901 2936 945 mox

642 993 850 1052 uestra
879 992 1094 1069 ayetur
1126 988 1361 1067 fabula.
1414 988 1611 1051 ualete
1637 991 1695 1050 et
1723 987 2016 1068 plaudite.
2073 984 2238 1049 unde
2287 990 2544 1068 praeter
2581 988 2788 1050 exitus
2837 1010 2930 1051 se-

642 1094 976 1158 nariorum
1000 1093 1160 1157 duos
1189 1093 1384 1156 facile
1406 1096 1507 1156 cst
1531 1094 1862 1177 integrum
1881 1092 2271 1156 versiculum
2302 1091 2473 1155 hunc
2493 1091 2628 1155 fere
2649 1093 2932 1158 efficere:

1086 1221 1221 1264 mea
1265 1200 1398 1263 idm
1430 1204 1687 1281 peracta
1731 1200 1931 1264 vdma
1975 1204 2191 1281 agetur
2231 1199 2470 1279 fabula.

820 1308 1044 1372 Etiam
1081 1330 1159 1371 ex
1202 1308 1435 1371 saturis
1488 1312 1625 1371 tam
1680 1305 1919 1370 Lucilii
1973 1328 2168 1389 quam
2215 1305 2533 1370 Varronis
2586 1305 2935 1371 laudantur

644 1435 808 1497 quae
874 1414 1107 1478 comici
1172 1413 1489 1478 sermonis
1555 1413 1839 1495 speciem
1902 1412 2006 1476 vel
2069 1413 2341 1476 reddant
2411 1412 2762 1496 ingenuam
2831 1415 2930 1477 vel

642 1520 997 1583 imitentur.
1071 1520 1232 1583 haec
1278 1520 1349 1583 in
1394 1541 1592 1582 unum
1633 1518 1887 1603 collegi,
1932 1540 2066 1582 non
2102 1519 2212 1601 qui
2250 1518 2634 1600 sponderem
2673 1522 2936 1600 sumpta

645 1625 864 1690 omnia
928 1648 1004 1690 ex
1088 1628 1267 1690 certa
1330 1626 1492 1689 certi
1546 1614 1779 1707 poetae
1845 1624 2181 1689 comoedia
2245 1646 2413 1708 esse,
2478 1624 2588 1688 sed
2644 1628 2717 1687 ut
2779 1625 2933 1706 quid

640 1731 833 1796 huius
910 1733 1164 1817 generis
1237 1732 1476 1796 lateret
1537 1733 1607 1796 in
1670 1731 1962 1814 reliquiis
2017 1730 2164 1794 istis
2237 1730 2432 1794 facile
2496 1735 2721 1813 posset
2790 1753 2932 1814 per-

640 1838 909 1903 lustrari
956 1841 1022 1901 et
1064 1839 1136 1903 in
1178 1861 1369 1903 usum
1400 1837 1713 1902 adhiberi.
1775 1836 2082 1900 Imitatur
2118 1838 2465 1922 prologum
2505 1837 2703 1902 Varro
2749 1840 2933 1921 quat-

639 1948 790 2010 tuor
852 1945 988 2009 illis
1049 1944 1322 2009 senariis
1385 1964 1604 2026 vosque
1663 1945 1736 2007 in
1799 1943 2032 2007 theatro
2096 1965 2147 2007 e.
2193 1965 2253 2027 q.
2309 1966 2356 2007 s.
2421 1939 2595 2028 (vide
2652 1967 2710 2026 p.
2763 1942 2933 2031 128).

641 2050 816 2115 Olim
870 2051 1043 2115 inter
1096 2050 1278 2134 ipsas
1326 2050 1695 2115 comoediae
1751 2049 2060 2133 reliquias
2106 2049 2321 2132 recepi
2367 2049 2444 2113 fr.
2493 2048 2783 2132 LXXIX,
2829 2050 2930 2112 cui

642 2157 791 2221 addi
846 2152 1065 2240 potest
1106 2156 1400 2221 LXXXI.
1491 2157 1593 2220 Ex
1637 2157 1987 2221 Deaeoilianis‘
2039 2156 2233 2220 huius
2281 2156 2562 2239 generis,
2616 2177 2779 2238 quae
2814 2177 2928 2218 nu-

639 2264 920 2347 perrime
965 2261 1381 2327 Franckenus
1430 2260 1611 2329 Coni.
1659 2264 1800 2327 crit.
1841 2263 1920 2327 ad
1968 2263 2205 2327 Lucilii
2260 2262 2566 2325 decadem
2610 2261 2676 2324 II
2723 2264 2789 2324 et
2831 2260 2928 2324 III

638 2393 699 2454 p.
747 2370 787 2434 8
837 2390 928 2453 sq.
983 2370 1138 2433 data
1185 2391 1384 2452 opera
1437 2369 1884 2453 pertractavit,
1929 2373 2187 2452 praeter
2232 2389 2328 2451 ea,
2373 2391 2538 2452 quae
2585 2390 2784 2451 supra
2827 2367 2931 2432 vel

637 2477 855 2561 recepi
918 2476 1021 2541 vel
1083 2476 1276 2562 tetigi
1340 2472 1523 2561 (vide
1587 2498 1751 2561 quae
1809 2476 1889 2540 ad
1946 2473 2215 2541 Caecilii
2269 2473 2605 2559 Hymnida
2665 2472 2932 2560 monui),

636 2583 768 2647 tria
792 2583 1007 2647 frusta
1035 2584 1196 2648 satis
1225 2583 1427 2648 habui
1446 2605 1507 2666 p.
1534 2583 1657 2646 129
1684 2586 1942 2647 notare:
1970 2584 2145 2647 caede
2171 2584 2410 2660 ostium,
2437 2581 2685 2646 Gnatho
2715 2603 2765 2644 e.
2785 2603 2843 2664 q.
2865 2604 2931 2662 s.,

640 2689 908 2768 Gnatho,
951 2691 1108 2772 quid
1147 2695 1352 2754 aetum
1398 2690 1528 2754 est?
1576 2712 1627 2753 e.
1657 2710 1714 2772 q.
1746 2713 1792 2752 s.
1841 2692 1907 2752 et
1949 2690 2071 2753 inc.
2117 2690 2240 2753 inc.
2285 2688 2417 2752 fab.
2454 2686 2776 2750 LXXXII.
2842 2687 2933 2750 At

639 2797 994 2860 vanissima
1014 2796 1399 2860 ariolatione
1419 2795 1648 2860 doctus
1667 2796 1768 2860 vir
1788 2817 1987 2879 supra
2002 2796 2304 2859 laudatus
2322 2792 2502 2858 Coni.
2519 2793 2658 2857 crit.
2679 2816 2735 2856 a.
2761 2794 2927 2857 1871

637 2924 699 2986 p.
747 2902 833 2966 33
882 2902 1161 2967 coniecit
1215 2902 1578 2985 composita
1634 2903 1951 2986 quaedam
2007 2906 2082 2966 ut
2134 2902 2390 2966 cibicida
2443 2897 2732 2983 (XXVII
2789 2897 2931 2985 42),

637 3008 1163 3073 moechoeimedus
1217 3008 1430 3093 (XXX
1482 3006 1620 3094 19),
1681 3010 1852 3092 quod
1908 3007 2233 3092 dactylico
2289 3006 2533 3089 versui,
2591 3028 2725 3070 non
2769 3006 2929 3070 iam-

638 3114 803 3179 bicis
851 3118 964 3179 aut
1008 3115 1361 3180 trochaicis
1410 3118 1634 3198 aptum
1682 3120 1799 3199 est,
1846 3114 2217 3180 comoediae
2264 3112 2502 3177 deberi.

812 3219 1068 3285 Frustis
1106 3220 1475 3287 comoediae
1512 3221 1786 3305 denique
1825 3221 2307 3285 adnumeranda
2343 3224 2494 3284 sunt
2529 3219 2928 3304 integrarum

636 3327 854 3391 Plauti
909 3327 1190 3391 maxime
1244 3326 1615 3391 fabularum
1670 3327 2237 3411 interpolamenta,
2292 3327 2349 3391 si
2392 3348 2807 3390 numerorum
2864 3329 2931 3388 et

638 3434 952 3498 sermonis
1016 3434 1345 3517 probitate
1411 3434 1870 3517 antiquitatem
1943 3436 2359 3518 profitentur,
2434 3432 2614 3496 velut
2675 3432 2784 3514 qui
2859 3432 2929 3494 in

634 3540 857 3606 Plauti
901 3539 1283 3603 Trinummo
1331 3542 1484 3622 post
1528 3563 1585 3604 v.
1615 3541 1744 3605 367
1794 3542 2073 3605 insertus
2122 3543 2222 3604 cst
2265 3539 2619 3604 versiculus
2664 3537 2930 3620 sapienti

635 3652 806 3712 aetas
858 3646 1334 3724 condimentwn,
1387 3646 1633 3728 sapiens
1686 3650 1880 3711 aetati
1930 3649 2124 3712 cibust
2167 3650 2233 3710 et
2279 3645 2505 3729 ceteri,
2567 3646 2644 3709 de
2692 3645 2926 3728 quibus

636 3755 706 3817 in
752 3774 970 3838 opusc.
1000 3750 1071 3834 ,Π
1117 3752 1250 3815 274
1297 3775 1431 3837 sqq.
1478 3753 1841 3836 disputavit
1883 3752 2280 3817 Ritschelius
2327 3750 2435 3836 (cf.
2472 3751 2927 3816 Fleckeisenus

640 3860 877 3924 annall.
924 3858 1177 3942 philoll.
1231 3860 1401 3922 1870
1446 3882 1505 3942 p.
1539 3857 1714 3944 851).
1766 3857 1929 3923 Suas
1976 3860 2116 3942 ipse
2162 3859 2422 3923 fabulas
2468 3859 2762 3922 versibus
2811 3859 2926 3922 ali-

636 3965 802 4029 unde
850 3965 1129 4047 sumptis
1177 3986 1522 4029 exornasse
1568 3964 1825 4028 videtur
1868 3965 1978 4029 ille
2029 3964 2358 4046 Quintipor
2402 3961 2680 4043 Clodius,
2735 3986 2924 4048 quem

634 4073 704 4136 in
751 4071 1034 4155 epistula
1090 4072 1169 4134 ad
1224 4070 1478 4134 Fufium
1518 4069 1729 4135 Varro
1787 4071 2049 4155 carpsit.
2141 4071 2358 4156 Tetigi
2407 4072 2563 4135 olim
2617 4072 2690 4135 in
2740 4092 2921 4153 prae-

633 4178 883 4243 fatione
923 4177 1003 4241 ad
1051 4199 1213 4241 com.
1259 4199 1320 4260 p.
1367 4176 1462 4240 XI
1506 4178 1725 4242 locum
1771 4174 1973 4262 (apud
2018 4177 2308 4243 Nonium
2354 4201 2416 4262 p.
2468 4179 2612 4258 117,
2655 4177 2714 4239 4.
2774 4175 2924 4258 425,

641 4282 780 4374 18),
840 4284 954 4348 ubi
999 4284 1349 4365 Antiphoni
1408 4284 1546 4348 eius
1609 4284 1862 4369 eadem,
1922 4307 2086 4369 quae
2146 4283 2347 4349 Getae
2407 4285 2478 4348 in
2530 4281 2923 4346 Phormione
