3400 5075
694 349 823 415 394
1430 353 1844 408 MARVLLVS.
1914 352 2259 406 chimvs
2332 355 2335 358 ’

1363 616 2342 705 MARVLLVS

1451 824 1813 890 INCERTI
1858 823 2232 890 NOMINIS

1818 942 1861 1006 ·Ι

870 1058 969 1122 Tu
1013 1058 1359 1122 Hectorem
1408 1059 1686 1123 imitare:
1734 1058 1815 1122 ab
1861 1054 2002 1122 'Ilio
2049 1059 2402 1142 numquaeim
2448 1058 2690 1123 recedis
2738 1109 2751 1123 .
2798 1109 2812 1123 .

1812 1217 1879 1282 II

873 1334 1075 1398 Iulius
1107 1333 1510 1418 Capitolinus
1557 1335 1625 1398 in
1654 1334 1792 1399 uita
1820 1334 2139 1399 Antonini
2177 1335 2548 1419 philosophi
2578 1357 2629 1398 c.
2659 1336 2697 1399 8
2748 1335 2988 1419 ‘adepti

695 1449 1034 1533 imperium
1066 1451 1156 1513 ita
1203 1451 1478 1515 ciuiliter
1507 1473 1574 1515 se
1604 1451 1795 1515 ambo
1844 1455 2142 1535 egerunt,
2188 1453 2262 1515 ut
2288 1452 2621 1514 lenitatem
2651 1450 2750 1514 Pii
2797 1472 2986 1516 nemo

693 1565 1110 1651 desideraret,
1184 1589 1328 1631 cum
1394 1589 1503 1631 eos
1568 1566 1882 1631 Marullus
1956 1568 2054 1630 sui
2129 1566 2436 1649 temporis
2500 1565 2987 1652 mimographus

692 1682 1054 1747 cauillando
1112 1682 1354 1767 inpune
1410 1683 1916 1768 perstringeret?
2020 1681 2116 1747 Cf.
2171 1685 2504 1766 praeterea
2567 1704 2757 1746 anon.
2814 1683 2985 1747 mim.

690 1796 767 1861 fr.
808 1796 927 1862 XI.

1399 2048 2295 2136 LVGILIVS

1441 2256 1538 2322 IN
1544 2256 1805 2322 CERTI
1850 2254 2221 2321 NOMINIS

1301 2431 1314 2444 .
1823 2380 1857 2444 I

867 2494 1022 2561 Non
1069 2498 1168 2562 est
1210 2500 1423 2582 tuum,
1469 2496 1734 2563 fortuna
1778 2498 1949 2582 quod
1996 2494 2151 2562 fecit
2194 2501 2396 2563 tuum.

1806 2640 1874 2704 11

866 2753 1036 2818 Dari
1074 2756 1318 2822 bonum
1364 2756 1535 2840 quod
1580 2757 1820 2842 potuit,
1867 2754 2112 2821 auferri
2153 2760 2385 2842 potest.

823 2951 906 3001 De
941 2950 1221 3001 MAnvnno
1269 2950 1588 3001 testimonia
1635 2953 1944 3017 composuit
1991 2951 2268 3018 Hauptius
2306 2954 2490 3003 Herm.
2528 2954 2553 3003 1
2587 2955 2654 3004 43
2791 2954 2819 3003 Ι
2855 2954 2972 3005 Ser·

685 3018 811 3068 uius
848 3021 904 3067 in
944 3019 1075 3068 Aen.
1114 3019 1215 3066 VII
1252 3021 1352 3068 499
1397 3024 1630 3083 ‘perque
1672 3017 1795 3084 ilia]
1845 3020 1949 3070 hoc
1993 3022 2066 3071 ile
2116 3026 2171 3070 et
2213 3022 2350 3070 haec
2386 3021 2488 3070 ilia
2535 3021 2690 3070 facit.
2762 3022 2888 3072 hinc
2921 3028 2977 3071 et

684 3086 1001 3139 quenalis:
1040 3088 1125 3136 uis
1166 3087 1337 3135 frater
1373 3088 1442 3136 ab
1480 3088 1618 3152 ipsis
1652 3088 1863 3138 Ilibus‘?
1900 3104 2023 3137 nam
2064 3089 2208 3154 quod
2245 3089 2576 3139 Marullus
2623 3090 2977 3153 mimogra-

687 3154 856 3217 phus
903 3153 1107 3203 dixit:
1154 3159 1247 3203 tu'
1297 3170 1343 3203 e.
1393 3170 1444 3217 q.
1494 3170 1538 3205 s.
1637 3160 1800 3205 ‘cum
1850 3156 1925 3205 de
1974 3157 2213 3221 guloso
2260 3157 2555 3216 (liceret,
2603 3157 2850 3206 allusit
2898 3158 2976 3207 ad

687 3221 1005 3272 ciuitatis
1042 3237 1292 3272 nomeu.
1376 3238 1497 3271 nam
1539 3223 1615 3272 nb
1652 3222 1732 3272 ili
1778 3222 1969 3273 debuit
2014 3225 2239 3274 dicere.’
2320 3223 2468 3272 Idem
2511 3224 2565 3273 in
2603 3224 2703 3278 ccl,
2744 3225 2873 3285 VII,
2912 3229 2978 3274 26

687 3293 1032 3354 ‘rumpantur
1067 3298 1127 3340 ut
1162 3287 1286 3354 ilia]
1328 3290 1472 3338 sicut
1508 3292 1676 3340 etiam
1713 3290 1769 3339 in
1796 3292 2039 3341 Aeneide
2076 3292 2335 3351 diximuS‚
2375 3291 2476 3341 hoc
2512 3291 2585 3341 ile
2614 3299 2670 3341 et
2706 3292 2842 3342 haec
2880 3293 2978 3343 ilia

683 3357 823 3406 facit
861 3393 874 3405 .
911 3392 925 3406 .
962 3398 974 3409 .
1014 3375 1139 3408 nam
1175 3356 1444 3407 Marullus
1491 3358 1899 3424 mimographus
1944 3361 2271 3424 contempsit
2318 3366 2485 3417 artem
2531 3360 2602 3409 ad
2650 3361 2826 3410 iocum
2864 3377 2977 3410 mo·

684 3423 946 3481 nendum.
981 3432 1038 3475 et
1073 3426 1386 3490 parasito
1427 3423 1629 3475 dixit:
1671 3433 1740 3475 tu
1778 3432 1850 3476 ut
1886 3428 2143 3477 Hector
2182 3429 2262 3476 ab
2300 3428 2434 3477 Ilio
2481 3443 2831 3492 numquam
2873 3444 2977 3477 rc·

685 3492 887 3541 cediS.
962 3499 1048 3543 est
1081 3498 1267 3543 antem
1306 3493 1409 3542 hoc
1449 3493 1652 3543 dictum
1692 3510 1790 3558 per
1827 3496 2249 3546 amaritudinem
2288 3496 2592 3546 rusticam)

822 3561 1095 3611 chrmvs
1171 3563 1389 3611 Seneca
1426 3562 1584 3625 epist.
1620 3564 1671 3624 8,
1709 3565 1740 3611 9
1778 3563 2041 3612 ‘alienum
2079 3570 2162 3613 est
2199 3579 2381 3624 omne,
2428 3563 2692 3628 quicquid
2736 3563 2977 3628 optando

685 3629 874 3676 euenit
913 3625 1060 3693 [Syri
1097 3635 1239 3679 seut.
1283 3627 1346 3694 l].
1417 3628 1559 3679 hunc
1595 3644 1810 3679 uersum
1853 3648 1884 3680 a
1922 3637 1975 3680 te
2013 3630 2122 3679 dici
2160 3647 2267 3679 non
2306 3630 2471 3695 paulo
2511 3630 2706 3680 melius
2742 3630 2837 3681 sed
2879 3631 2975 3679 nd-

684 3695 935 3745 strictius
983 3697 1229 3745 memini:
1277 3711 1403 3745 uon
1450 3702 1553 3745 est
1599 3702 1798 3747 tuum'
1851 3714 1897 3750 e.
1947 3714 1996 3762 q.
2044 3713 2086 3749 s,
2160 3698 2324 3748 ‘Illud
2376 3699 2544 3747 etiam
2592 3713 2735 3748 nunc
2780 3698 2976 3747 melius

685 3761 885 3812 dictum
924 3779 957 3812 a
1002 3769 1058 3814 te
1106 3780 1214 3814 non
1261 3764 1601 3829 praeteribo:
1653 3765 1797 3814 dari
1844 3766 2103 3815 bonum’
2143 3782 2188 3819 e.
2228 3781 2278 3830 q.
2318 3783 2360 3817 s,
2444 3765 2797 3815 Rettulerunt
2831 3766 2977 3815 inter

684 3829 1026 3881 Publilianas
1064 3834 1396 3882 sententias:
1437 3832 1507 3882 cf.
1546 3838 1685 3883 sent.
1727 3833 1853 3884 fals,
1893 3837 1976 3883 41.
2017 3836 2116 3885 243
2151 3835 2236 3883 W.

851 4027 1098 4085 Marulli
1139 4029 1321 4084 uerba
1367 4031 1424 4083 in
1456 4032 1724 4085 senarios
1771 4025 1854 4102 (ab
1887 4029 1980 4085 llio
2014 4030 2309 4102 Numquzim
2343 4028 2409 4097 r.)
2441 4030 2657 4102 redeyil
2698 4030 2974 4086 Bollu‘us:

677 4113 938 4182 praetuli
978 4117 1387 4182 septenarium.
1562 4113 1849 4169 Hectorem
1896 4116 2105 4170 imitare
2151 4116 2213 4170 G.
2261 4115 2639 4171 Her-mannus
2680 4118 2738 4171 in
2781 4115 2979 4172 Ialmii

683 4198 902 4253 annau.
954 4198 1142 4253 XXII
1183 4198 1300 4254 311
1351 4197 1414 4251 11.
1461 4199 1684 4253 imitaris
1734 4199 1977 4255 Seruius
2027 4203 2155 4256 loco
2196 4203 2415 4271 priore,
2482 4206 2538 4253 ut
2585 4199 2787 4255 Hector
2828 4201 2972 4255 idem

680 4285 866 4338 allero
909 4283 1065 4350 loc0,
1113 4284 1320 4355 quibus
1365 4286 1617 4354 receptis
1649 4288 1943 4341 senarium
1990 4293 2051 4339 ut
2084 4283 2282 4339 llector
2325 4292 2384 4339 tu
2428 4283 2634 4339 recedis
2680 4300 2970 4359 numquam

677 4365 742 4423 ab
787 4365 884 4422 llio
932 4369 1288 4424 commendat
1337 4366 1742 4425 Buecheler-us
