<?xml version="1.0" encoding="UTF-8"?>
<!DOCTYPE html PUBLIC "-//W3C//DTD XHTML 1.0 Transitional//EN"
    "http://www.w3.org/TR/xhtml1/DTD/xhtml1-transitional.dtd">
<html xmlns="http://www.w3.org/1999/xhtml" xml:lang="en" lang="en">
 <head>
  <title>
</title>
<meta http-equiv="Content-Type" content="text/html;charset=utf-8" />
  <meta name='ocr-system' content='tesseract 3.04.00' />
  <meta name='ocr-capabilities' content='ocr_page ocr_carea ocr_par ocr_line ocrx_word'/>
</head>
<body>
  <div class='ocr_page' id='page_1' title='image "./comicorumromano00teregoog_0109.png"; bbox 0 0 3400 5075; ppageno 0'>
   <div class='ocr_carea' id='block_1_1' title="bbox 1119 279 2769 342">
    <p class='ocr_par' dir='ltr' id='par_1_1' title="bbox 1119 279 2769 342">
     <span class='ocr_line' id='line_1_1' title="bbox 1119 279 2769 342; baseline -0.002 -4"><span class='ocrx_word' id='word_1_1' title='bbox 1119 282 1219 338; x_wconf 77' lang='lat' dir='ltr'>AD</span> <span class='ocrx_word' id='word_1_2' title='bbox 1259 282 1619 342; x_wconf 82' lang='lat' dir='ltr'><strong>TRAGICOS</strong></span> <span class='ocrx_word' id='word_1_3' title='bbox 1666 280 2025 338; x_wconf 83' lang='lat' dir='ltr'>ADDENDA</span> <span class='ocrx_word' id='word_1_4' title='bbox 2623 279 2769 335; x_wconf 89' lang='lat' dir='ltr'>CVII</span> 
     </span>
    </p>
   </div>
   <div class='ocr_carea' id='block_1_2' title="bbox 459 443 2783 4386">
    <p class='ocr_par' dir='ltr' id='par_1_2' title="bbox 473 443 2773 1178">
     <span class='ocr_line' id='line_1_2' title="bbox 473 443 2769 536; baseline -0.002 -22"><span class='ocrx_word' id='word_1_5' title='bbox 473 468 613 514; x_wconf 86' lang='lat' dir='ltr'>esse</span> <span class='ocrx_word' id='word_1_6' title='bbox 668 470 857 513; x_wconf 91' lang='lat' dir='ltr'>nemo</span> <span class='ocrx_word' id='word_1_7' title='bbox 913 447 1209 533; x_wconf 86' lang='lat' dir='ltr'>profecto</span> <span class='ocrx_word' id='word_1_8' title='bbox 1256 470 1359 514; x_wconf 89' lang='lat' dir='ltr'>me</span> <span class='ocrx_word' id='word_1_9' title='bbox 1407 448 1551 533; x_wconf 90' lang='lat' dir='ltr'>ipso</span> <span class='ocrx_word' id='word_1_10' title='bbox 1598 451 1809 536; x_wconf 81' lang='lat' dir='ltr'>magis</span> <span class='ocrx_word' id='word_1_11' title='bbox 1859 443 2250 529; x_wconf 85' lang='lat' dir='ltr'>experiundo</span> <span class='ocrx_word' id='word_1_12' title='bbox 2300 445 2540 512; x_wconf 75' lang='lat' dir='ltr'><strong>didicit.</strong></span> <span class='ocrx_word' id='word_1_13' title='bbox 2631 447 2769 531; x_wconf 90' lang='lat' dir='ltr'>qui-</span> 
     </span>
     <span class='ocr_line' id='line_1_3' title="bbox 473 554 2770 644; baseline 0 -26"><span class='ocrx_word' id='word_1_14' title='bbox 473 556 595 621; x_wconf 91' lang='lat' dir='ltr'>bus</span> <span class='ocrx_word' id='word_1_15' title='bbox 640 559 861 621; x_wconf 90' lang='lat' dir='ltr'>tamen</span> <span class='ocrx_word' id='word_1_16' title='bbox 907 577 982 621; x_wconf 83' lang='lat' dir='ltr'>ex</span> <span class='ocrx_word' id='word_1_17' title='bbox 1028 556 1330 621; x_wconf 87' lang='lat' dir='ltr'>fluctibus</span> <span class='ocrx_word' id='word_1_18' title='bbox 1377 560 1452 621; x_wconf 93' lang='lat' dir='ltr'>ut</span> <span class='ocrx_word' id='word_1_19' title='bbox 1499 579 1902 644; x_wconf 81' lang='lat' dir='ltr'>emergamus</span> <span class='ocrx_word' id='word_1_20' title='bbox 1952 555 2271 641; x_wconf 86' lang='lat' dir='ltr'>paulatim</span> <span class='ocrx_word' id='word_1_21' title='bbox 2315 577 2448 620; x_wconf 91' lang='lat' dir='ltr'>non</span> <span class='ocrx_word' id='word_1_22' title='bbox 2473 554 2770 641; x_wconf 86' lang='lat' dir='ltr'>negando</span> 
     </span>
     <span class='ocr_line' id='line_1_4' title="bbox 473 663 2771 751; baseline 0.001 -24"><span class='ocrx_word' id='word_1_23' title='bbox 473 666 539 727; x_wconf 90' lang='lat' dir='ltr'>et</span> <span class='ocrx_word' id='word_1_24' title='bbox 600 663 888 729; x_wconf 90' lang='lat' dir='ltr'>timendo</span> <span class='ocrx_word' id='word_1_25' title='bbox 951 665 1430 749; x_wconf 78' lang='lat' dir='ltr'>perveniemuS,</span> <span class='ocrx_word' id='word_1_26' title='bbox 1505 667 1616 731; x_wconf 90' lang='lat' dir='ltr'>sed</span> <span class='ocrx_word' id='word_1_27' title='bbox 1678 664 2107 751; x_wconf 88' lang='lat' dir='ltr'>periclitando</span> <span class='ocrx_word' id='word_1_28' title='bbox 2171 665 2630 747; x_wconf 87' lang='lat' dir='ltr'>circumspecte</span> <span class='ocrx_word' id='word_1_29' title='bbox 2695 684 2771 729; x_wconf 83' lang='lat' dir='ltr'>ac</span> 
     </span>
     <span class='ocr_line' id='line_1_5' title="bbox 476 770 2770 857; baseline -0.001 -20"><span class='ocrx_word' id='word_1_30' title='bbox 476 770 750 837; x_wconf 86' lang='lat' dir='ltr'>fortiter.</span> <span class='ocrx_word' id='word_1_31' title='bbox 841 792 995 857; x_wconf 84' lang='lat' dir='ltr'>ergo</span> <span class='ocrx_word' id='word_1_32' title='bbox 1054 772 1148 836; x_wconf 91' lang='lat' dir='ltr'>nil</span> <span class='ocrx_word' id='word_1_33' title='bbox 1208 773 1456 855; x_wconf 88' lang='lat' dir='ltr'>profuit</span> <span class='ocrx_word' id='word_1_34' title='bbox 1512 773 1618 837; x_wconf 91' lang='lat' dir='ltr'>his</span> <span class='ocrx_word' id='word_1_35' title='bbox 1678 774 1916 838; x_wconf 90' lang='lat' dir='ltr'>litteris</span> <span class='ocrx_word' id='word_1_36' title='bbox 1975 772 2172 838; x_wconf 91' lang='lat' dir='ltr'>homo</span> <span class='ocrx_word' id='word_1_37' title='bbox 2225 771 2335 837; x_wconf 87' lang='lat' dir='ltr'>ille</span> <span class='ocrx_word' id='word_1_38' title='bbox 2391 772 2617 836; x_wconf 88' lang='lat' dir='ltr'>doctus</span> <span class='ocrx_word' id='word_1_39' title='bbox 2675 793 2770 855; x_wconf 91' lang='lat' dir='ltr'>eo,</span> 
     </span>
     <span class='ocr_line' id='line_1_6' title="bbox 475 878 2773 964; baseline -0.001 -21"><span class='ocrx_word' id='word_1_40' title='bbox 475 878 645 963; x_wconf 93' lang='lat' dir='ltr'>quod</span> <span class='ocrx_word' id='word_1_41' title='bbox 689 879 896 942; x_wconf 87' lang='lat' dir='ltr'>multa</span> <span class='ocrx_word' id='word_1_42' title='bbox 942 900 1104 961; x_wconf 89' lang='lat' dir='ltr'>quae</span> <span class='ocrx_word' id='word_1_43' title='bbox 1151 880 1395 946; x_wconf 88' lang='lat' dir='ltr'>conieci</span> <span class='ocrx_word' id='word_1_44' title='bbox 1442 881 1566 945; x_wconf 91' lang='lat' dir='ltr'>sibi</span> <span class='ocrx_word' id='word_1_45' title='bbox 1610 902 1745 946; x_wconf 90' lang='lat' dir='ltr'>non</span> <span class='ocrx_word' id='word_1_46' title='bbox 1779 881 2042 964; x_wconf 85' lang='lat' dir='ltr'>probari</span> <span class='ocrx_word' id='word_1_47' title='bbox 2088 901 2283 945; x_wconf 88' lang='lat' dir='ltr'>causa</span> <span class='ocrx_word' id='word_1_48' title='bbox 2331 878 2550 942; x_wconf 87' lang='lat' dir='ltr'>addita</span> <span class='ocrx_word' id='word_1_49' title='bbox 2592 878 2773 941; x_wconf 90' lang='lat' dir='ltr'>nulla</span> 
     </span>
     <span class='ocr_line' id='line_1_7' title="bbox 475 985 2770 1072; baseline -0 -23"><span class='ocrx_word' id='word_1_50' title='bbox 475 986 883 1072; x_wconf 73' lang='lat' dir='ltr'>significavit.</span> <span class='ocrx_word' id='word_1_51' title='bbox 984 1008 1147 1070; x_wconf 88' lang='lat' dir='ltr'>quae</span> <span class='ocrx_word' id='word_1_52' title='bbox 1221 991 1439 1052; x_wconf 89' lang='lat' dir='ltr'>autem</span> <span class='ocrx_word' id='word_1_53' title='bbox 1517 989 1655 1072; x_wconf 87' lang='lat' dir='ltr'>ipse</span> <span class='ocrx_word' id='word_1_54' title='bbox 1731 989 1800 1053; x_wconf 91' lang='lat' dir='ltr'>in</span> <span class='ocrx_word' id='word_1_55' title='bbox 1877 988 2159 1053; x_wconf 90' lang='lat' dir='ltr'>medium</span> <span class='ocrx_word' id='word_1_56' title='bbox 2232 985 2507 1070; x_wconf 89' lang='lat' dir='ltr'>protulit</span> <span class='ocrx_word' id='word_1_57' title='bbox 2577 986 2770 1071; x_wconf 82' lang='lat' dir='ltr'>longe</span> 
     </span>
     <span class='ocr_line' id='line_1_8' title="bbox 473 1093 1767 1178; baseline 0.004 -22"><span class='ocrx_word' id='word_1_58' title='bbox 473 1093 757 1157; x_wconf 83' lang='lat' dir='ltr'>maxima</span> <span class='ocrx_word' id='word_1_59' title='bbox 803 1115 880 1157; x_wconf 83' lang='lat' dir='ltr'>ex</span> <span class='ocrx_word' id='word_1_60' title='bbox 927 1096 1112 1176; x_wconf 86' lang='lat' dir='ltr'>parte</span> <span class='ocrx_word' id='word_1_61' title='bbox 1157 1096 1554 1178; x_wconf 87' lang='lat' dir='ltr'>repudianda</span> <span class='ocrx_word' id='word_1_62' title='bbox 1598 1100 1767 1161; x_wconf 90' lang='lat' dir='ltr'>sunt.</span> 
     </span>
    </p>

    <p class='ocr_par' dir='ltr' id='par_1_3' title="bbox 472 1197 2772 1714">
     <span class='ocr_line' id='line_1_9' title="bbox 651 1197 2770 1288; baseline 0 -24"><span class='ocrx_word' id='word_1_63' title='bbox 651 1197 1018 1282; x_wconf 75' lang='lat' dir='ltr'>Displicent</span> <span class='ocrx_word' id='word_1_64' title='bbox 1045 1205 1346 1267; x_wconf 88' lang='lat' dir='ltr'>accentus</span> <span class='ocrx_word' id='word_1_65' title='bbox 1377 1226 1536 1288; x_wconf 91' lang='lat' dir='ltr'>quos</span> <span class='ocrx_word' id='word_1_66' title='bbox 1567 1202 2044 1269; x_wconf 84' lang='lat' dir='ltr'>commendavit</span> <span class='ocrx_word' id='word_1_67' title='bbox 2070 1203 2139 1267; x_wconf 91' lang='lat' dir='ltr'>in</span> <span class='ocrx_word' id='word_1_68' title='bbox 2158 1201 2421 1267; x_wconf 87' lang='lat' dir='ltr'>Pacuvii</span> <span class='ocrx_word' id='word_1_69' title='bbox 2448 1224 2505 1265; x_wconf 82' lang='lat' dir='ltr'>v.</span> <span class='ocrx_word' id='word_1_70' title='bbox 2532 1200 2656 1266; x_wconf 82' lang='lat'>179</span> <span class='ocrx_word' id='word_1_71' title='bbox 2679 1222 2770 1284; x_wconf 87' lang='lat' dir='ltr'>sq.</span> 
     </span>
     <span class='ocr_line' id='line_1_10' title="bbox 472 1305 2772 1393; baseline 0 -22"><span class='ocrx_word' id='word_1_72' title='bbox 472 1305 650 1371; x_wconf 60' lang='lat' dir='ltr'>habet</span> <span class='ocrx_word' id='word_1_73' title='bbox 701 1306 810 1370; x_wconf 79' lang='lat' dir='ltr'>hoc</span> <span class='ocrx_word' id='word_1_74' title='bbox 863 1315 1130 1375; x_wconf 74' lang='lat' dir='ltr'>senectus</span> <span class='ocrx_word' id='word_1_75' title='bbox 1183 1313 1254 1374; x_wconf 79' lang='lat' dir='ltr'>in</span> <span class='ocrx_word' id='word_1_76' title='bbox 1298 1332 1385 1389; x_wconf 81' lang='lat' dir='ltr'>se,</span> <span class='ocrx_word' id='word_1_77' title='bbox 1443 1332 1579 1375; x_wconf 82' lang='lat' dir='ltr'>cum</span> <span class='ocrx_word' id='word_1_78' title='bbox 1623 1312 1817 1393; x_wconf 73' lang='lat' dir='ltr'>piyra</span> <span class='ocrx_word' id='word_1_79' title='bbox 1861 1312 1949 1374; x_wconf 77' lang='lat' dir='ltr'>e&#39;st</span> <span class='ocrx_word' id='word_1_80' title='bbox 1990 1312 2156 1392; x_wconf 80' lang='lat' dir='ltr'>ipsa,</span> <span class='ocrx_word' id='word_1_81' title='bbox 2210 1315 2282 1374; x_wconf 79' lang='lat' dir='ltr'>ut</span> <span class='ocrx_word' id='word_1_82' title='bbox 2324 1311 2515 1392; x_wconf 65' lang='lat' dir='ltr'>spisse</span> <span class='ocrx_word' id='word_1_83' title='bbox 2559 1308 2772 1372; x_wconf 78' lang='lat' dir='ltr'>o&#39;mnia</span> 
     </span>
     <span class='ocr_line' id='line_1_11' title="bbox 487 1414 2771 1502; baseline 0.003 -25"><span class='ocrx_word' id='word_1_84' title='bbox 487 1414 828 1478; x_wconf 75' lang='lat' dir='ltr'>Videantur</span> <span class='ocrx_word' id='word_1_85' title='bbox 881 1418 1165 1497; x_wconf 78' lang='lat' dir='ltr'>confieri,</span> <span class='ocrx_word' id='word_1_86' title='bbox 1220 1417 1332 1480; x_wconf 90' lang='lat' dir='ltr'>ubi</span> <span class='ocrx_word' id='word_1_87' title='bbox 1388 1418 1555 1482; x_wconf 85' lang='lat' dir='ltr'>male</span> <span class='ocrx_word' id='word_1_88' title='bbox 1612 1418 1875 1483; x_wconf 86' lang='lat' dir='ltr'>effertur</span> <span class='ocrx_word' id='word_1_89' title='bbox 1929 1423 2030 1498; x_wconf 83' lang='lat' dir='ltr'>est,</span> <span class='ocrx_word' id='word_1_90' title='bbox 2076 1417 2242 1481; x_wconf 88' lang='lat' dir='ltr'>latet</span> <span class='ocrx_word' id='word_1_91' title='bbox 2285 1417 2356 1481; x_wconf 90' lang='lat' dir='ltr'>in</span> <span class='ocrx_word' id='word_1_92' title='bbox 2398 1419 2567 1484; x_wconf 89' lang='lat' dir='ltr'>thesi</span> <span class='ocrx_word' id='word_1_93' title='bbox 2614 1421 2771 1502; x_wconf 78' lang='lat' dir='ltr'>ipsa,</span> 
     </span>
     <span class='ocr_line' id='line_1_12' title="bbox 477 1524 2770 1609; baseline 0 -20"><span class='ocrx_word' id='word_1_94' title='bbox 477 1547 594 1590; x_wconf 87' lang='lat' dir='ltr'>nec</span> <span class='ocrx_word' id='word_1_95' title='bbox 639 1525 888 1590; x_wconf 90' lang='lat' dir='ltr'>ionicus</span> <span class='ocrx_word' id='word_1_96' title='bbox 934 1524 1261 1589; x_wconf 69' lang='lat' dir='ltr'>videanttir</span> <span class='ocrx_word' id='word_1_97' title='bbox 1295 1525 1558 1609; x_wconf 83' lang='lat' dir='ltr'>elegans</span> <span class='ocrx_word' id='word_1_98' title='bbox 1593 1527 1710 1589; x_wconf 91' lang='lat' dir='ltr'>est.</span> <span class='ocrx_word' id='word_1_99' title='bbox 1799 1527 1902 1590; x_wconf 90' lang='lat' dir='ltr'>sat</span> <span class='ocrx_word' id='word_1_100' title='bbox 1929 1524 2059 1588; x_wconf 90' lang='lat' dir='ltr'>leni</span> <span class='ocrx_word' id='word_1_101' title='bbox 2088 1524 2370 1590; x_wconf 88' lang='lat' dir='ltr'>remedio</span> <span class='ocrx_word' id='word_1_102' title='bbox 2402 1527 2770 1591; x_wconf 68' lang='lat' dir='ltr'>octonarios</span> 
     </span>
     <span class='ocr_line' id='line_1_13' title="bbox 477 1631 1630 1714; baseline 0 -18"><span class='ocrx_word' id='word_1_103' title='bbox 477 1631 789 1696; x_wconf 80' lang='lat' dir='ltr'>iambicos</span> <span class='ocrx_word' id='word_1_104' title='bbox 838 1631 1088 1696; x_wconf 84' lang='lat' dir='ltr'>efficere</span> <span class='ocrx_word' id='word_1_105' title='bbox 1133 1634 1395 1714; x_wconf 85' lang='lat' dir='ltr'>poterat</span> <span class='ocrx_word' id='word_1_106' title='bbox 1437 1633 1630 1696; x_wconf 87' lang='lat' dir='ltr'>tales:</span> 
     </span>
    </p>

    <p class='ocr_par' dir='ltr' id='par_1_4' title="bbox 563 1737 2771 1926">
     <span class='ocr_line' id='line_1_14' title="bbox 563 1737 2771 1822; baseline 0 -21"><span class='ocrx_word' id='word_1_107' title='bbox 563 1738 739 1802; x_wconf 77' lang='lat' dir='ltr'>habet</span> <span class='ocrx_word' id='word_1_108' title='bbox 779 1737 888 1802; x_wconf 79' lang='lat' dir='ltr'>ho&#39;c</span> <span class='ocrx_word' id='word_1_109' title='bbox 929 1744 1199 1804; x_wconf 77' lang='lat' dir='ltr'>senectus</span> <span class='ocrx_word' id='word_1_110' title='bbox 1250 1741 1321 1804; x_wconf 76' lang='lat' dir='ltr'>in</span> <span class='ocrx_word' id='word_1_111' title='bbox 1374 1760 1463 1817; x_wconf 82' lang='lat' dir='ltr'>se,</span> <span class='ocrx_word' id='word_1_112' title='bbox 1517 1760 1655 1804; x_wconf 79' lang='lat' dir='ltr'>cum</span> <span class='ocrx_word' id='word_1_113' title='bbox 1698 1740 1892 1822; x_wconf 72' lang='lat' dir='ltr'>piyra</span> <span class='ocrx_word' id='word_1_114' title='bbox 1944 1740 2164 1821; x_wconf 71' lang='lat' dir='ltr'>ipsust,</span> <span class='ocrx_word' id='word_1_115' title='bbox 2210 1743 2283 1803; x_wconf 74' lang='lat' dir='ltr'>ut</span> <span class='ocrx_word' id='word_1_116' title='bbox 2323 1740 2513 1821; x_wconf 73' lang='lat' dir='ltr'>spisse</span> <span class='ocrx_word' id='word_1_117' title='bbox 2557 1738 2771 1804; x_wconf 73' lang='lat' dir='ltr'>o&#39;mnia</span> 
     </span>
     <span class='ocr_line' id='line_1_15' title="bbox 566 1844 1307 1926; baseline 0 -15"><span class='ocrx_word' id='word_1_118' title='bbox 566 1844 889 1911; x_wconf 62' lang='lat' dir='ltr'>wdedntur</span> <span class='ocrx_word' id='word_1_119' title='bbox 931 1846 989 1909; x_wconf 78' lang='lat' dir='ltr'>ei</span> <span class='ocrx_word' id='word_1_120' title='bbox 1032 1846 1307 1926; x_wconf 77' lang='lat' dir='ltr'>confieri.</span> 
     </span>
    </p>

    <p class='ocr_par' dir='ltr' id='par_1_5' title="bbox 480 1950 2775 3107">
     <span class='ocr_line' id='line_1_16' title="bbox 658 1950 2770 2037; baseline 0 -21"><span class='ocrx_word' id='word_1_121' title='bbox 658 1950 1127 2017; x_wconf 86' lang='lat' dir='ltr'>Satisfecerunt</span> <span class='ocrx_word' id='word_1_122' title='bbox 1172 1952 1377 2016; x_wconf 90' lang='lat' dir='ltr'>eidem</span> <span class='ocrx_word' id='word_1_123' title='bbox 1424 1952 1667 2017; x_wconf 86' lang='lat' dir='ltr'>tradita</span> <span class='ocrx_word' id='word_1_124' title='bbox 1696 1950 1869 2037; x_wconf 87' lang='lat' dir='ltr'>(Pac.</span> <span class='ocrx_word' id='word_1_125' title='bbox 1902 1953 2028 2017; x_wconf 82' lang='grc'>237</span> <span class='ocrx_word' id='word_1_126' title='bbox 2034 1951 2060 2036; x_wconf 82' lang='lat'><em>)</em></span> <span class='ocrx_word' id='word_1_127' title='bbox 2091 1952 2181 2017; x_wconf 86' lang='lat' dir='ltr'>sic</span> <span class='ocrx_word' id='word_1_128' title='bbox 2211 1974 2327 2036; x_wconf 91' lang='lat' dir='ltr'>per</span> <span class='ocrx_word' id='word_1_129' title='bbox 2355 1952 2515 2018; x_wconf 87' lang='lat' dir='ltr'>duos</span> <span class='ocrx_word' id='word_1_130' title='bbox 2545 1975 2770 2019; x_wconf 83' lang='lat' dir='ltr'>versus</span> 
     </span>
     <span class='ocr_line' id='line_1_17' title="bbox 482 2058 2770 2143; baseline -0 -19"><span class='ocrx_word' id='word_1_131' title='bbox 482 2059 856 2124; x_wconf 85' lang='lat' dir='ltr'>distributa:</span> <span class='ocrx_word' id='word_1_132' title='bbox 901 2080 1026 2141; x_wconf 76' lang='lat' dir='ltr'>qua</span> <span class='ocrx_word' id='word_1_133' title='bbox 1069 2079 1253 2140; x_wconf 76' lang='lat' dir='ltr'>super</span> <span class='ocrx_word' id='word_1_134' title='bbox 1297 2058 1389 2123; x_wconf 79' lang='lat' dir='ltr'>Re</span> <span class='ocrx_word' id='word_1_135' title='bbox 1438 2060 1821 2139; x_wconf 76' lang='lat' dir='ltr'>interfectum</span> <span class='ocrx_word' id='word_1_136' title='bbox 1866 2082 1988 2126; x_wconf 75' lang='lat' dir='ltr'>esse</span> <span class='ocrx_word' id='word_1_137' title='bbox 2027 2061 2363 2143; x_wconf 58' lang='lat' dir='ltr'>Hzppotem</span> <span class='ocrx_word' id='word_1_138' title='bbox 2409 2062 2625 2126; x_wconf 66' lang='lat' dir='ltr'>dimisti</span> <span class='ocrx_word' id='word_1_139' title='bbox 2669 2061 2770 2124; x_wconf 83' lang='lat' dir='ltr'>vel</span> 
     </span>
     <span class='ocr_line' id='line_1_18' title="bbox 481 2165 2773 2249; baseline 0 -19"><span class='ocrx_word' id='word_1_140' title='bbox 481 2165 639 2230; x_wconf 86' lang='lat' dir='ltr'>adeo</span> <span class='ocrx_word' id='word_1_141' title='bbox 686 2188 803 2249; x_wconf 90' lang='lat' dir='ltr'>per</span> <span class='ocrx_word' id='word_1_142' title='bbox 849 2166 1217 2230; x_wconf 87' lang='lat' dir='ltr'>octonarios</span> <span class='ocrx_word' id='word_1_143' title='bbox 1264 2166 1631 2231; x_wconf 86' lang='lat' dir='ltr'>trochaicos</span> <span class='ocrx_word' id='word_1_144' title='bbox 1678 2166 1867 2231; x_wconf 85' lang='lat' dir='ltr'>credo</span> <span class='ocrx_word' id='word_1_145' title='bbox 1915 2190 2033 2246; x_wconf 78' lang='lat' dir='ltr'>qna</span> <span class='ocrx_word' id='word_1_146' title='bbox 2076 2191 2251 2247; x_wconf 73' lang='lat' dir='ltr'>super</span> <span class='ocrx_word' id='word_1_147' title='bbox 2295 2191 2359 2231; x_wconf 80' lang='lat' dir='ltr'>re</span> <span class='ocrx_word' id='word_1_148' title='bbox 2396 2168 2773 2245; x_wconf 75' lang='lat' dir='ltr'>Interfectum</span> 
     </span>
     <span class='ocr_line' id='line_1_19' title="bbox 481 2272 2774 2358; baseline 0 -22"><span class='ocrx_word' id='word_1_149' title='bbox 481 2295 532 2336; x_wconf 88' lang='lat' dir='ltr'>e.</span> <span class='ocrx_word' id='word_1_150' title='bbox 578 2295 635 2356; x_wconf 90' lang='lat' dir='ltr'>q.</span> <span class='ocrx_word' id='word_1_151' title='bbox 684 2296 733 2337; x_wconf 91' lang='lat' dir='ltr'>s.</span> <span class='ocrx_word' id='word_1_152' title='bbox 824 2276 961 2336; x_wconf 89' lang='lat' dir='ltr'>tam</span> <span class='ocrx_word' id='word_1_153' title='bbox 1015 2273 1129 2336; x_wconf 90' lang='lat' dir='ltr'>illa</span> <span class='ocrx_word' id='word_1_154' title='bbox 1185 2277 1458 2357; x_wconf 88' lang='lat' dir='ltr'>utroque</span> <span class='ocrx_word' id='word_1_155' title='bbox 1505 2272 1697 2337; x_wconf 90' lang='lat' dir='ltr'>modo</span> <span class='ocrx_word' id='word_1_156' title='bbox 1745 2273 2054 2357; x_wconf 80' lang='lat' dir='ltr'>languida</span> <span class='ocrx_word' id='word_1_157' title='bbox 2102 2278 2295 2358; x_wconf 90' lang='lat' dir='ltr'>atque</span> <span class='ocrx_word' id='word_1_158' title='bbox 2343 2274 2654 2356; x_wconf 87' lang='lat' dir='ltr'>elumbia,</span> <span class='ocrx_word' id='word_1_159' title='bbox 2699 2276 2774 2337; x_wconf 88' lang='lat' dir='ltr'>ut</span> 
     </span>
     <span class='ocr_line' id='line_1_20' title="bbox 480 2379 2772 2464; baseline 0 -21"><span class='ocrx_word' id='word_1_160' title='bbox 480 2401 785 2444; x_wconf 89' lang='lat' dir='ltr'>numeros</span> <span class='ocrx_word' id='word_1_161' title='bbox 848 2402 1039 2444; x_wconf 89' lang='lat' dir='ltr'>nemo</span> <span class='ocrx_word' id='word_1_162' title='bbox 1094 2380 1222 2444; x_wconf 81' lang='lat' dir='ltr'>nisi</span> <span class='ocrx_word' id='word_1_163' title='bbox 1270 2379 1555 2445; x_wconf 89' lang='lat' dir='ltr'>monitus</span> <span class='ocrx_word' id='word_1_164' title='bbox 1619 2380 1874 2445; x_wconf 88' lang='lat' dir='ltr'>sentiat.</span> <span class='ocrx_word' id='word_1_165' title='bbox 1964 2379 2103 2445; x_wconf 90' lang='lat' dir='ltr'>Nec</span> <span class='ocrx_word' id='word_1_166' title='bbox 2157 2380 2554 2445; x_wconf 82' lang='lat' dir='ltr'>laudaverim</span> <span class='ocrx_word' id='word_1_167' title='bbox 2610 2402 2772 2464; x_wconf 86' lang='lat' dir='ltr'>quos</span> 
     </span>
     <span class='ocr_line' id='line_1_21' title="bbox 480 2486 2774 2572; baseline 0.002 -22"><span class='ocrx_word' id='word_1_168' title='bbox 480 2486 716 2551; x_wconf 86' lang='lat' dir='ltr'>iambis</span> <span class='ocrx_word' id='word_1_169' title='bbox 771 2487 932 2552; x_wconf 88' lang='lat' dir='ltr'>meis</span> <span class='ocrx_word' id='word_1_170' title='bbox 990 2487 1299 2552; x_wconf 88' lang='lat' dir='ltr'>substitui</span> <span class='ocrx_word' id='word_1_171' title='bbox 1353 2487 1546 2552; x_wconf 90' lang='lat' dir='ltr'>iussit</span> <span class='ocrx_word' id='word_1_172' title='bbox 1600 2487 1873 2552; x_wconf 76' lang='lat' dir='ltr'>creticos</span> <span class='ocrx_word' id='word_1_173' title='bbox 1922 2488 2093 2572; x_wconf 88' lang='lat' dir='ltr'>apud</span> <span class='ocrx_word' id='word_1_174' title='bbox 2138 2487 2408 2553; x_wconf 88' lang='lat' dir='ltr'>Accium</span> <span class='ocrx_word' id='word_1_175' title='bbox 2453 2510 2510 2552; x_wconf 83' lang='lat' dir='ltr'>v.</span> <span class='ocrx_word' id='word_1_176' title='bbox 2559 2487 2646 2554; x_wconf 87' lang='lat'>85</span> <span class='ocrx_word' id='word_1_177' title='bbox 2691 2486 2774 2553; x_wconf 71' lang='lat' dir='ltr'>cim</span> 
     </span>
     <span class='ocr_line' id='line_1_22' title="bbox 482 2590 2773 2678; baseline 0.001 -21"><span class='ocrx_word' id='word_1_178' title='bbox 482 2595 654 2658; x_wconf 78' lang='lat' dir='ltr'>mala</span> <span class='ocrx_word' id='word_1_179' title='bbox 706 2594 902 2659; x_wconf 55' lang='lat' dir='ltr'>aetate</span> <span class='ocrx_word' id='word_1_180' title='bbox 961 2597 1161 2672; x_wconf 75' lang='lat' dir='ltr'>mavis</span> <span class='ocrx_word' id='word_1_181' title='bbox 1223 2597 1384 2660; x_wconf 80' lang='lat' dir='ltr'>male</span> <span class='ocrx_word' id='word_1_182' title='bbox 1427 2593 1760 2659; x_wconf 59' lang='lat' dir='ltr'>mulcdmer</span> <span class='ocrx_word' id='word_1_183' title='bbox 1802 2590 2144 2678; x_wconf 65' lang='lat' dir='ltr'>&#39;Exemplis</span> <span class='ocrx_word' id='word_1_184' title='bbox 2188 2595 2483 2660; x_wconf 69' lang='lat' dir='ltr'>dmnibus.</span> <span class='ocrx_word' id='word_1_185' title='bbox 2572 2593 2773 2660; x_wconf 90' lang='lat' dir='ltr'>Plane</span> 
     </span>
     <span class='ocr_line' id='line_1_23' title="bbox 482 2699 2773 2786; baseline 0.002 -23"><span class='ocrx_word' id='word_1_186' title='bbox 482 2699 812 2764; x_wconf 87' lang='lat' dir='ltr'>inauditos</span> <span class='ocrx_word' id='word_1_187' title='bbox 859 2723 978 2766; x_wconf 90' lang='lat' dir='ltr'>nec</span> <span class='ocrx_word' id='word_1_188' title='bbox 1024 2702 1183 2765; x_wconf 90' lang='lat' dir='ltr'>mihi</span> <span class='ocrx_word' id='word_1_189' title='bbox 1231 2701 1486 2786; x_wconf 88' lang='lat' dir='ltr'>quidem</span> <span class='ocrx_word' id='word_1_190' title='bbox 1535 2701 1878 2783; x_wconf 87' lang='lat' dir='ltr'>audibiles,</span> <span class='ocrx_word' id='word_1_191' title='bbox 1925 2704 1999 2765; x_wconf 90' lang='lat' dir='ltr'>ut</span> <span class='ocrx_word' id='word_1_192' title='bbox 2026 2701 2120 2765; x_wconf 89' lang='lat' dir='ltr'>ita</span> <span class='ocrx_word' id='word_1_193' title='bbox 2149 2701 2385 2785; x_wconf 86' lang='lat' dir='ltr'>dicam,</span> <span class='ocrx_word' id='word_1_194' title='bbox 2431 2701 2773 2767; x_wconf 78' lang='lat' dir='ltr'>trochaeos</span> 
     </span>
     <span class='ocr_line' id='line_1_24' title="bbox 482 2806 2773 2891; baseline 0.002 -21"><span class='ocrx_word' id='word_1_195' title='bbox 482 2807 728 2872; x_wconf 87' lang='lat' dir='ltr'>scilicet</span> <span class='ocrx_word' id='word_1_196' title='bbox 782 2830 938 2891; x_wconf 89' lang='lat' dir='ltr'>prae</span> <span class='ocrx_word' id='word_1_197' title='bbox 994 2810 1248 2874; x_wconf 77' lang='lat' dir='ltr'>creticis</span> <span class='ocrx_word' id='word_1_198' title='bbox 1305 2809 1463 2873; x_wconf 88' lang='lat' dir='ltr'>meis</span> <span class='ocrx_word' id='word_1_199' title='bbox 1520 2806 1994 2873; x_wconf 87' lang='lat' dir='ltr'>commendavit</span> <span class='ocrx_word' id='word_1_200' title='bbox 2048 2807 2244 2873; x_wconf 88' lang='lat' dir='ltr'>Ennii</span> <span class='ocrx_word' id='word_1_201' title='bbox 2297 2832 2356 2873; x_wconf 88' lang='lat' dir='ltr'>v.</span> <span class='ocrx_word' id='word_1_202' title='bbox 2406 2809 2488 2873; x_wconf 83' lang='lat'>76</span> <span class='ocrx_word' id='word_1_203' title='bbox 2535 2809 2773 2874; x_wconf 58' lang='lat' dir='ltr'>amilio</span> 
     </span>
     <span class='ocr_line' id='line_1_25' title="bbox 480 2912 2775 2999; baseline 0.001 -22"><span class='ocrx_word' id='word_1_204' title='bbox 480 2913 630 2978; x_wconf 69' lang='lat' dir='ltr'>etviei</span> <span class='ocrx_word' id='word_1_205' title='bbox 674 2912 787 2977; x_wconf 71' lang='lat' dir='ltr'>azit</span> <span class='ocrx_word' id='word_1_206' title='bbox 825 2916 1011 2997; x_wconf 73' lang='lat' dir='ltr'>fuyae</span> <span class='ocrx_word' id='word_1_207' title='bbox 1044 2917 1207 2995; x_wconf 76' lang='lat' dir='ltr'>fre&#39;ta</span> <span class='ocrx_word' id='word_1_208' title='bbox 1241 2918 1379 2993; x_wconf 83' lang='lat' dir='ltr'>sim,</span> <span class='ocrx_word' id='word_1_209' title='bbox 1426 2938 1588 2999; x_wconf 85' lang='lat' dir='ltr'>quae</span> <span class='ocrx_word' id='word_1_210' title='bbox 1629 2938 1784 2980; x_wconf 84' lang='lat' dir='ltr'>sane</span> <span class='ocrx_word' id='word_1_211' title='bbox 1822 2915 1933 2978; x_wconf 89' lang='lat' dir='ltr'>alii</span> <span class='ocrx_word' id='word_1_212' title='bbox 1980 2915 2289 2980; x_wconf 85' lang='lat' dir='ltr'>mortales</span> <span class='ocrx_word' id='word_1_213' title='bbox 2335 2937 2455 2998; x_wconf 93' lang='lat' dir='ltr'>pro</span> <span class='ocrx_word' id='word_1_214' title='bbox 2503 2915 2775 2999; x_wconf 86' lang='lat' dir='ltr'>creticis,</span> 
     </span>
     <span class='ocr_line' id='line_1_26' title="bbox 482 3019 2020 3107; baseline 0.001 -24"><span class='ocrx_word' id='word_1_215' title='bbox 482 3020 702 3104; x_wconf 90' lang='lat' dir='ltr'>quales</span> <span class='ocrx_word' id='word_1_216' title='bbox 749 3019 999 3103; x_wconf 87' lang='lat' dir='ltr'>pridem</span> <span class='ocrx_word' id='word_1_217' title='bbox 1046 3022 1295 3107; x_wconf 81' lang='lat' dir='ltr'>vulgati</span> <span class='ocrx_word' id='word_1_218' title='bbox 1343 3022 1622 3102; x_wconf 85' lang='lat' dir='ltr'>fuerunt,</span> <span class='ocrx_word' id='word_1_219' title='bbox 1667 3022 2020 3086; x_wconf 88' lang='lat' dir='ltr'>habebunt.</span> 
     </span>
    </p>

    <p class='ocr_par' dir='ltr' id='par_1_6' title="bbox 459 3125 2783 4386">
     <span class='ocr_line' id='line_1_27' title="bbox 658 3125 2774 3214; baseline 0.001 -23"><span class='ocrx_word' id='word_1_220' title='bbox 658 3125 1004 3193; x_wconf 84' lang='lat' dir='ltr'>Praeterea</span> <span class='ocrx_word' id='word_1_221' title='bbox 1059 3129 1349 3194; x_wconf 86' lang='lat' dir='ltr'>senarios</span> <span class='ocrx_word' id='word_1_222' title='bbox 1406 3127 1719 3212; x_wconf 90' lang='lat' dir='ltr'>quosdam</span> <span class='ocrx_word' id='word_1_223' title='bbox 1778 3150 1880 3192; x_wconf 89' lang='lat' dir='ltr'>me</span> <span class='ocrx_word' id='word_1_224' title='bbox 1925 3151 2059 3194; x_wconf 92' lang='lat' dir='ltr'>non</span> <span class='ocrx_word' id='word_1_225' title='bbox 2104 3129 2447 3214; x_wconf 86' lang='lat' dir='ltr'>agnovisse</span> <span class='ocrx_word' id='word_1_226' title='bbox 2492 3128 2774 3194; x_wconf 87' lang='lat' dir='ltr'>fortasse</span> 
     </span>
     <span class='ocr_line' id='line_1_28' title="bbox 486 3233 2777 3319; baseline 0 -22"><span class='ocrx_word' id='word_1_227' title='bbox 486 3234 698 3298; x_wconf 89' lang='lat' dir='ltr'>minus</span> <span class='ocrx_word' id='word_1_228' title='bbox 754 3235 1027 3299; x_wconf 87' lang='lat' dir='ltr'>miratus</span> <span class='ocrx_word' id='word_1_229' title='bbox 1082 3238 1279 3319; x_wconf 89' lang='lat' dir='ltr'>esset,</span> <span class='ocrx_word' id='word_1_230' title='bbox 1346 3236 1401 3299; x_wconf 88' lang='lat' dir='ltr'>si</span> <span class='ocrx_word' id='word_1_231' title='bbox 1453 3235 1556 3299; x_wconf 88' lang='lat' dir='ltr'>vel</span> <span class='ocrx_word' id='word_1_232' title='bbox 1612 3235 2143 3317; x_wconf 78' lang='lat' dir='ltr'>adlitterationiS,</span> <span class='ocrx_word' id='word_1_233' title='bbox 2205 3257 2366 3318; x_wconf 90' lang='lat' dir='ltr'>quae</span> <span class='ocrx_word' id='word_1_234' title='bbox 2422 3235 2489 3300; x_wconf 91' lang='lat' dir='ltr'>in</span> <span class='ocrx_word' id='word_1_235' title='bbox 2543 3233 2777 3300; x_wconf 88' lang='lat' dir='ltr'>Naevii</span> 
     </span>
     <span class='ocr_line' id='line_1_29' title="bbox 482 3341 2773 3426; baseline 0 -21"><span class='ocrx_word' id='word_1_236' title='bbox 482 3364 540 3405; x_wconf 87' lang='lat' dir='ltr'>v.</span> <span class='ocrx_word' id='word_1_237' title='bbox 586 3342 672 3406; x_wconf 84' lang='lat'>48</span> <span class='ocrx_word' id='word_1_238' title='bbox 730 3341 1037 3424; x_wconf 87' lang='lat' dir='ltr'>cernitur,</span> <span class='ocrx_word' id='word_1_239' title='bbox 1093 3342 1195 3406; x_wconf 83' lang='lat' dir='ltr'>vel</span> <span class='ocrx_word' id='word_1_240' title='bbox 1253 3345 1629 3406; x_wconf 85' lang='lat' dir='ltr'>accentuum</span> <span class='ocrx_word' id='word_1_241' title='bbox 1685 3345 1761 3406; x_wconf 86' lang='lat' dir='ltr'>ut</span> <span class='ocrx_word' id='word_1_242' title='bbox 1808 3341 1980 3426; x_wconf 87' lang='lat' dir='ltr'>apud</span> <span class='ocrx_word' id='word_1_243' title='bbox 2023 3341 2309 3406; x_wconf 86' lang='lat' dir='ltr'>Ennium</span> <span class='ocrx_word' id='word_1_244' title='bbox 2354 3366 2412 3406; x_wconf 84' lang='lat' dir='ltr'>v.</span> <span class='ocrx_word' id='word_1_245' title='bbox 2461 3343 2589 3407; x_wconf 82' lang='grc'>288</span> <span class='ocrx_word' id='word_1_246' title='bbox 2602 3393 2618 3425; x_wconf 86' lang='grc'><strong><em>,</em></strong></span> <span class='ocrx_word' id='word_1_247' title='bbox 2673 3342 2773 3406; x_wconf 88' lang='lat' dir='ltr'>vel</span> 
     </span>
     <span class='ocr_line' id='line_1_30' title="bbox 483 3447 2776 3532; baseline 0.001 -22"><span class='ocrx_word' id='word_1_248' title='bbox 483 3469 712 3525; x_wconf 82' lang='lat' dir='ltr'>nexus,</span> <span class='ocrx_word' id='word_1_249' title='bbox 768 3469 894 3532; x_wconf 89' lang='lat' dir='ltr'>quo</span> <span class='ocrx_word' id='word_1_250' title='bbox 949 3447 1162 3512; x_wconf 80' lang='lat' dir='ltr'>vicina</span> <span class='ocrx_word' id='word_1_251' title='bbox 1219 3448 1387 3512; x_wconf 90' lang='lat' dir='ltr'>inter</span> <span class='ocrx_word' id='word_1_252' title='bbox 1442 3471 1510 3512; x_wconf 89' lang='lat' dir='ltr'>se</span> <span class='ocrx_word' id='word_1_253' title='bbox 1566 3448 1779 3514; x_wconf 86' lang='lat' dir='ltr'>frusta</span> <span class='ocrx_word' id='word_1_254' title='bbox 1834 3448 2149 3512; x_wconf 88' lang='lat' dir='ltr'>contineri</span> <span class='ocrx_word' id='word_1_255' title='bbox 2195 3448 2400 3532; x_wconf 82' lang='lat' dir='ltr'>volui,</span> <span class='ocrx_word' id='word_1_256' title='bbox 2456 3448 2776 3513; x_wconf 87' lang='lat' dir='ltr'>rationem</span> 
     </span>
     <span class='ocr_line' id='line_1_31' title="bbox 481 3551 2776 3640; baseline 0.001 -24"><span class='ocrx_word' id='word_1_257' title='bbox 481 3551 850 3637; x_wconf 87' lang='lat' dir='ltr'>habuisset,</span> <span class='ocrx_word' id='word_1_258' title='bbox 897 3576 948 3616; x_wconf 90' lang='lat' dir='ltr'>e.</span> <span class='ocrx_word' id='word_1_259' title='bbox 979 3576 1028 3618; x_wconf 87' lang='lat' dir='ltr'>c.</span> <span class='ocrx_word' id='word_1_260' title='bbox 1057 3554 1125 3617; x_wconf 91' lang='lat' dir='ltr'>in</span> <span class='ocrx_word' id='word_1_261' title='bbox 1153 3553 1350 3619; x_wconf 87' lang='lat' dir='ltr'>Ennii</span> <span class='ocrx_word' id='word_1_262' title='bbox 1395 3578 1453 3619; x_wconf 87' lang='lat' dir='ltr'>v.</span> <span class='ocrx_word' id='word_1_263' title='bbox 1489 3556 1613 3620; x_wconf 82' lang='lat'>102</span> <span class='ocrx_word' id='word_1_264' title='bbox 1644 3578 1762 3639; x_wconf 89' lang='lat' dir='ltr'>sq.,</span> <span class='ocrx_word' id='word_1_265' title='bbox 1810 3577 1972 3640; x_wconf 88' lang='lat' dir='ltr'>quae</span> <span class='ocrx_word' id='word_1_266' title='bbox 2020 3576 2098 3617; x_wconf 83' lang='lat' dir='ltr'>ex</span> <span class='ocrx_word' id='word_1_267' title='bbox 2127 3553 2348 3618; x_wconf 89' lang='lat' dir='ltr'>eadem</span> <span class='ocrx_word' id='word_1_268' title='bbox 2387 3555 2776 3639; x_wconf 86' lang='lat' dir='ltr'>narratione,</span> 
     </span>
     <span class='ocr_line' id='line_1_32' title="bbox 483 3659 2776 3745; baseline 0 -22"><span class='ocrx_word' id='word_1_269' title='bbox 483 3659 650 3724; x_wconf 89' lang='lat' dir='ltr'>unde</span> <span class='ocrx_word' id='word_1_270' title='bbox 704 3661 898 3725; x_wconf 89' lang='lat' dir='ltr'>huius</span> <span class='ocrx_word' id='word_1_271' title='bbox 954 3660 1213 3725; x_wconf 88' lang='lat' dir='ltr'>fabulae</span> <span class='ocrx_word' id='word_1_272' title='bbox 1269 3661 1346 3726; x_wconf 88' lang='lat' dir='ltr'>fr.</span> <span class='ocrx_word' id='word_1_273' title='bbox 1401 3660 1512 3727; x_wconf 91' lang='lat' dir='ltr'>IV.</span> <span class='ocrx_word' id='word_1_274' title='bbox 1560 3662 1637 3727; x_wconf 93' lang='lat' dir='ltr'>V.</span> <span class='ocrx_word' id='word_1_275' title='bbox 1685 3661 1830 3726; x_wconf 90' lang='lat' dir='ltr'><strong>VII.</strong></span> <span class='ocrx_word' id='word_1_276' title='bbox 1877 3661 2037 3726; x_wconf 84' lang='lat' dir='ltr'>VIII</span> <span class='ocrx_word' id='word_1_277' title='bbox 2085 3663 2262 3745; x_wconf 87' lang='lat' dir='ltr'>sunt,</span> <span class='ocrx_word' id='word_1_278' title='bbox 2318 3664 2580 3745; x_wconf 87' lang='lat' dir='ltr'>sumpta</span> <span class='ocrx_word' id='word_1_279' title='bbox 2635 3683 2776 3725; x_wconf 88' lang='lat' dir='ltr'>esse</span> 
     </span>
     <span class='ocr_line' id='line_1_33' title="bbox 485 3766 2779 3855; baseline 0.001 -26"><span class='ocrx_word' id='word_1_280' title='bbox 485 3769 784 3850; x_wconf 85' lang='lat' dir='ltr'>apparet,</span> <span class='ocrx_word' id='word_1_281' title='bbox 831 3769 896 3830; x_wconf 91' lang='lat' dir='ltr'>et</span> <span class='ocrx_word' id='word_1_282' title='bbox 943 3767 1111 3850; x_wconf 86' lang='lat' dir='ltr'>apud</span> <span class='ocrx_word' id='word_1_283' title='bbox 1159 3767 1511 3832; x_wconf 83' lang='lat' dir='ltr'>Pacuvium</span> <span class='ocrx_word' id='word_1_284' title='bbox 1558 3792 1616 3834; x_wconf 84' lang='lat' dir='ltr'>v.</span> <span class='ocrx_word' id='word_1_285' title='bbox 1647 3768 1773 3833; x_wconf 90' lang='grc'>241</span> <span class='ocrx_word' id='word_1_286' title='bbox 1826 3792 1917 3853; x_wconf 90' lang='lat' dir='ltr'>sq.</span> <span class='ocrx_word' id='word_1_287' title='bbox 1965 3766 2157 3855; x_wconf 88' lang='lat' dir='ltr'>(conl.</span> <span class='ocrx_word' id='word_1_288' title='bbox 2203 3767 2281 3832; x_wconf 84' lang='lat' dir='ltr'>fr.</span> <span class='ocrx_word' id='word_1_289' title='bbox 2326 3766 2448 3833; x_wconf 88' lang='lat' dir='ltr'>XX</span> <span class='ocrx_word' id='word_1_290' title='bbox 2495 3770 2561 3832; x_wconf 87' lang='lat' dir='ltr'>et</span> <span class='ocrx_word' id='word_1_291' title='bbox 2603 3766 2779 3851; x_wconf 88' lang='lat' dir='ltr'>XXI,</span> 
     </span>
     <span class='ocr_line' id='line_1_34' title="bbox 459 3871 2779 3959; baseline 0.003 -27"><span class='ocrx_word' id='word_1_292' title='bbox 459 3892 647 3953; x_wconf 77' lang='lat' dir='ltr'>¹quae</span> <span class='ocrx_word' id='word_1_293' title='bbox 703 3871 1142 3959; x_wconf 87' lang='lat' dir='ltr'>praecedunt).</span> <span class='ocrx_word' id='word_1_294' title='bbox 1230 3874 1478 3939; x_wconf 87' lang='lat' dir='ltr'>Eadem</span> <span class='ocrx_word' id='word_1_295' title='bbox 1533 3897 1732 3940; x_wconf 88' lang='lat' dir='ltr'>causa</span> <span class='ocrx_word' id='word_1_296' title='bbox 1786 3876 1910 3940; x_wconf 85' lang='lat' dir='ltr'>fuit</span> <span class='ocrx_word' id='word_1_297' title='bbox 1966 3897 2078 3939; x_wconf 91' lang='lat' dir='ltr'>cur</span> <span class='ocrx_word' id='word_1_298' title='bbox 2140 3875 2208 3938; x_wconf 91' lang='lat' dir='ltr'>in</span> <span class='ocrx_word' id='word_1_299' title='bbox 2270 3874 2468 3938; x_wconf 86' lang='lat' dir='ltr'>Ennii</span> <span class='ocrx_word' id='word_1_300' title='bbox 2522 3897 2581 3938; x_wconf 84' lang='lat' dir='ltr'>v.</span> <span class='ocrx_word' id='word_1_301' title='bbox 2646 3874 2779 3940; x_wconf 79' lang='lat'>385</span> 
     </span>
     <span class='ocr_line' id='line_1_35' title="bbox 483 3977 2779 4068; baseline 0.002 -28"><span class='ocrx_word' id='word_1_302' title='bbox 483 3977 827 4043; x_wconf 86' lang='lat' dir='ltr'>trochaeos</span> <span class='ocrx_word' id='word_1_303' title='bbox 874 3979 1319 4064; x_wconf 85' lang='lat' dir='ltr'>praetulerim,</span> <span class='ocrx_word' id='word_1_304' title='bbox 1364 4003 1517 4046; x_wconf 91' lang='lat' dir='ltr'>nam</span> <span class='ocrx_word' id='word_1_305' title='bbox 1564 3982 1889 4047; x_wconf 86' lang='lat' dir='ltr'>senarium</span> <span class='ocrx_word' id='word_1_306' title='bbox 1936 4003 2051 4064; x_wconf 87' lang='lat' dir='ltr'>per</span> <span class='ocrx_word' id='word_1_307' title='bbox 2079 4004 2146 4046; x_wconf 89' lang='lat' dir='ltr'>se</span> <span class='ocrx_word' id='word_1_308' title='bbox 2175 3980 2591 4068; x_wconf 80' lang='lat' dir='ltr'>manifestum</span> <span class='ocrx_word' id='word_1_309' title='bbox 2621 3980 2779 4045; x_wconf 91' lang='lat' dir='ltr'>olim</span> 
     </span>
     <span class='ocr_line' id='line_1_36' title="bbox 486 4081 2783 4171; baseline 0.003 -27"><span class='ocrx_word' id='word_1_310' title='bbox 486 4081 594 4145; x_wconf 87' lang='lat' dir='ltr'>alii</span> <span class='ocrx_word' id='word_1_311' title='bbox 644 4084 1129 4169; x_wconf 82' lang='lat' dir='ltr'>discripserunt.</span> <span class='ocrx_word' id='word_1_312' title='bbox 1222 4085 1522 4152; x_wconf 84' lang='lat' dir='ltr'>Ceterum</span> <span class='ocrx_word' id='word_1_313' title='bbox 1571 4087 1753 4171; x_wconf 89' lang='lat' dir='ltr'>optio</span> <span class='ocrx_word' id='word_1_314' title='bbox 1800 4085 1913 4151; x_wconf 91' lang='lat' dir='ltr'>ubi</span> <span class='ocrx_word' id='word_1_315' title='bbox 1959 4087 2113 4151; x_wconf 88' lang='lat' dir='ltr'>data</span> <span class='ocrx_word' id='word_1_316' title='bbox 2158 4088 2317 4170; x_wconf 84' lang='lat' dir='ltr'>erat,</span> <span class='ocrx_word' id='word_1_317' title='bbox 2361 4086 2563 4152; x_wconf 88' lang='lat' dir='ltr'>malui</span> <span class='ocrx_word' id='word_1_318' title='bbox 2597 4086 2783 4171; x_wconf 60' lang='lat' dir='ltr'>caput</span> 
     </span>
     <span class='ocr_line' id='line_1_37' title="bbox 484 4186 2782 4278; baseline 0.003 -26"><span class='ocrx_word' id='word_1_319' title='bbox 484 4186 679 4275; x_wconf 87' lang='lat' dir='ltr'>(Enn.</span> <span class='ocrx_word' id='word_1_320' title='bbox 744 4190 898 4277; x_wconf 87' lang='lat'>103)</span> <span class='ocrx_word' id='word_1_321' title='bbox 958 4194 1129 4258; x_wconf 78' lang='lat' dir='ltr'>ae&#39;tas</span> <span class='ocrx_word' id='word_1_322' title='bbox 1187 4190 1360 4278; x_wconf 84' lang='lat' dir='ltr'>(Pac.</span> <span class='ocrx_word' id='word_1_323' title='bbox 1422 4189 1579 4278; x_wconf 84' lang='grc'>242)</span> <span class='ocrx_word' id='word_1_324' title='bbox 1625 4191 1822 4274; x_wconf 71' lang='lat' dir='ltr'>ccipsit</span> <span class='ocrx_word' id='word_1_325' title='bbox 1884 4190 2062 4278; x_wconf 80' lang='lat' dir='ltr'>(Ace.</span> <span class='ocrx_word' id='word_1_326' title='bbox 2107 4189 2270 4278; x_wconf 82' lang='lat'>454)</span> <span class='ocrx_word' id='word_1_327' title='bbox 2326 4213 2522 4277; x_wconf 84' lang='lat' dir='ltr'>quam</span> <span class='ocrx_word' id='word_1_328' title='bbox 2568 4194 2782 4276; x_wconf 53' lang='lat' dir='ltr'>cafflm‘t,</span> 
     </span>
     <span class='ocr_line' id='line_1_38' title="bbox 485 4295 1791 4386; baseline 0.004 -27"><span class='ocrx_word' id='word_1_329' title='bbox 485 4295 692 4378; x_wconf 69' lang='lat' dir='ltr'>captit,</span> <span class='ocrx_word' id='word_1_330' title='bbox 739 4295 905 4362; x_wconf 70' lang='lat' dir='ltr'>aetds</span> <span class='ocrx_word' id='word_1_331' title='bbox 949 4296 1139 4364; x_wconf 89' lang='lat' dir='ltr'>initio</span> <span class='ocrx_word' id='word_1_332' title='bbox 1189 4321 1488 4367; x_wconf 84' lang='lat' dir='ltr'>versuum</span> <span class='ocrx_word' id='word_1_333' title='bbox 1533 4319 1791 4386; x_wconf 84' lang='lat' dir='ltr'>ponere.</span> 
     </span>
    </p>
   </div>
  </div>
 </body>
</html>
