3400 5075
696 297 816 362 156
1685 298 2007 352 'rrruuvs

1691 454 1788 520 IV
1873 455 1950 521 19

695 571 819 635 160
867 621 880 636 .
929 622 941 635 .
989 571 1185 636 uelim
1231 593 1353 658 ego
1402 593 1545 636 osse
1593 572 1776 637 arare
1825 453 2123 656 gam)pum
2170 572 2426 636 cereum

1714 685 1777 751 V
1826 682 1970 772 (17)
2471 772 2493 792 l
2530 775 2542 787 ·

2396 796 2639 860 mmor,

865 864 1169 948 Inqufi'tm‚
1213 864 1334 929 tibi
1381 863 1649 929 uideor?

1703 980 1800 1045 VI
1850 978 1951 1066 (1)

867 1145 1412 1160 ......
1503 1097 1663 1161 lenti
1711 1096 1946 1180 calido,
1994 1096 2225 1160 eluella
2272 1099 2336 1159 et
2382 1095 2638 1180 rapulo,

873 1211 1138 1275 Rumice

1702 1300 1832 1365 VII
1882 1298 1983 1386 (7)

698 1414 825 1479 165
872 1414 1362 1480 Obstrudulenti
1412 1412 1542 1503 [da]
1595 1415 1862 1501 aliquid,
1908 1416 2080 1501 quod
2127 1417 2379 1501 pectam
2428 1414 2681 1479 sedens:

867 1529 1050 1595 Haut
1093 1532 1512 1615 luculentust‚
1559 1534 1695 1615 era,
1744 1533 2088 1596 formaster
2133 1529 2427 1616 frigidus,

1527 1643 1534 1646 ’
1686 1647 1853 1712 VIII
1901 1645 2001 1732 (4)

1565 1802 1566 1805 =
1624 1761 1786 1847 quin
1833 1763 2005 1848 togis
2055 1785 2200 1827 oum
2248 1762 2564 1846 candidis,

877 1877 1142 1975 'Punicis
1189 1875 1491 1963 sordidl'S,
1539 1879 1934 1963 synthesinis
1984 1928 2368 1942 .......

695 2055 901 2105 minem
977 2056 1223 2121 eperisse
1262 2054 1395 2107 hic.'
1537 2057 1614 2106 IV
1651 2054 1935 2106 Charisius
1974 2057 1995 2105 1
2036 2071 2088 2121 p.
2126 2057 2194 2106 40
2228 2056 2289 2107 Ρ.
2329 2056 2423 2105 ‘ab
2462 2054 2564 2105 hoc
2600 2071 2781 2115 osse,
2829 2055 2991 2106 huius

691 2124 851 2174 ossis.
964 2122 1015 2172 ic
1064 2123 1207 2173 enim
1255 2123 1423 2174 debet
1468 2122 1767 2183 declinari,
1818 2139 1925 2173 non
1969 2125 2038 2174 ab
2086 2124 2189 2173 hoc
2227 2139 2376 2185 osso,
2434 2125 2578 2173 sicut
2614 2124 2786 2174 Varro
2824 2124 2988 2173 dixit:

690 2205 815 2242 osse
862 2191 1206 2249 scribebant:
1264 2196 1328 2240 et
1374 2191 1660 2241 Ennius:
1718 2190 1906 2241 uelim’
1956 2206 2004 2242 e.
2051 2207 2104 2256 q.
2149 2207 2191 2243 s,
2275 2192 2420 2242 [dem
2473 2192 2495 2240 1
2546 2207 2595 2255 p.
2651 2192 2745 2240 112
2784 2191 2845 2242 Ρ.
2894 2196 2990 2240 ‘os

691 2257 1071 2322 monosyllaba
1109 2264 1267 2308 extra
1305 2260 1621 2325 analogiam
1660 2274 1783 2309 esse
1821 2258 2031 2309 Plinius
2069 2259 2259 2308 eodem
2294 2259 2435 2309 libro
2472 2265 2629 2308 sexto
2667 2259 2884 2318 scribit,
2934 2267 2991 2309 et

690 2327 845 2377 addit
879 2342 945 2376 eo
983 2328 1161 2392 magis
1186 2326 1641 2377 consuetudinem
1681 2328 1739 2376 in
1765 2342 1830 2377 eo
1859 2342 1977 2378 esse
2015 2326 2371 2376 retinendam.
2434 2327 2763 2376 Titinius:
2802 2325 2989 2376 uelim'

691 2411 740 2445 e.
780 2410 833 2459 q.
874 2409 917 2444 s.
990 2393 1078 2444 cf.
1115 2396 1284 2445 Attae
1322 2394 1525 2445 Satura
1686 2394 1733 2441 V
1773 2394 1934 2444 Pauli
1971 2397 2173 2444 Festus
2210 2410 2260 2459 p.
2305 2397 2401 2445 123
2436 2394 2508 2447 M.
2548 2395 2804 2444 ‘mitior
2841 2394 2991 2444 dice-

691 2462 829 2512 bant
863 2463 1302 2527 comparatiuum
1347 2478 1380 2511 a
1418 2464 1570 2513 miro.
1642 2463 1953 2514 Titinnius:
2004 2454 2205 2511 mirior’
2250 2477 2295 2511 e.
2334 2478 2384 2526 q.
2421 2478 2462 2512 s.
2669 2461 2746 2511 vl
2783 2462 2990 2512 Nonius

689 2533 808 2592 210,
846 2533 879 2581 4
916 2529 1192 2580 ‘lentem
1230 2529 1566 2581 consuetudo
1602 2530 1869 2581 feminino
1906 2545 2104 2595 genere
2141 2529 2247 2580 diei
2287 2530 2484 2582 uult..
2513 2566 2526 2579 .
2554 2528 2858 2581 masculino
2896 2530 2990 2581 Ti-

690 2598 889 2648 tinius:
939 2597 1123 2647 ‘lenti’
1172 2614 1218 2651 e.
1256 2613 1306 2661 q.
1346 2614 1393 2648 s.
1529 2598 1633 2648 VII
1671 2600 1872 2649 Festus
1909 2616 1960 2663 p.
2007 2602 2099 2649 193
2136 2599 2208 2647 M.
2259 2598 2702 2648 ‘obstrudant
2746 2598 2990 2647 obsatul-

690 2665 825 2721 lent‚
864 2666 934 2716 ab
963 2666 1126 2715 auide
1152 2666 1385 2717 truendo
1409 2666 1466 2715 in
1501 2666 1713 2731 gulam.
1750 2680 1860 2715 nou
1889 2667 2149 2716 sumendo
2176 2668 2370 2719 cibum.
2444 2665 2596 2715 Vnde
2624 2671 2680 2715 et
2715 2665 2833 2715 obs
2852 2671 2988 2715 tru-

691 2733 1043 2783 dulentum
1080 2768 1545 2787 ............
1569 2733 1710 2783 dixit
1735 2734 2001 2783 Titinius:
2039 2733 2466 2784 obstrudulenti'
2504 2749 2552 2783 e.
2591 2749 2641 2797 q.
2680 2749 2721 2784 s.
2858 2733 2988 2783 VIII

691 2801 902 2851 Nonius
937 2801 1064 2861 536,
1104 2803 1170 2851 23
1206 2803 1476 2851 ‘tunica
1522 2806 1609 2851 est
1653 2802 2048 2851 uestimentum
2098 2803 2217 2851 sine
2257 2802 2488 2850 manicis
2526 2838 2576 2850 ..
2604 2840 2617 2853 .
2653 2801 2987 2850 Titinius:

693 2870 874 2933 quin’
914 2884 962 2918 e.
990 2883 1040 2931 q.
1070 2883 1112 2917 s.
1151 2866 1480 2933 (Titinius
1517 2870 1796 2932 Quinto:
1836 2871 2017 2933 togis
2039 2870 2431 2930 NeukirchiuS,
2470 2867 2753 2919 admodum
2793 2870 2987 2934 proba—

693 3051 1062 3120 compositos;
1093 3047 1401 3104 trochaeos
1431 3046 1575 3122 quod
1600 3065 1762 3122 rogas
1786 3047 2057 3104 Neminem
2083 3048 2137 3104 d.
2175 3047 2225 3103 b.
2249 3054 2578 3104 statuerunt
2604 3048 2994 3103 Neulcirchius

690 3140 745 3189 et
777 3132 1022 3189 Bolhius
1196 3132 1318 3189 160
1361 3137 1443 3188 sic
1478 3133 1614 3205 sere
1646 3138 1997 3189 cucurrisse·
2025 3136 2287 3189 uidetur.-
2332 3132 2494 3188 uelim
2540 3131 2645 3205 ego
2692 3134 2832 3187 istoc
2875 3131 2990 3203 (uel

694 3216 856 3289 nunc)
906 3232 1030 3272 osse
1076 3232 1124 3273 e.
1173 3236 1225 3290 q.
1273 3233 1319 3273 s.
1502 3218 1619 3274 163
1665 3217 1859 3273 eluella
1891 3226 1945 3273 et
1991 3217 2181 3291 rapnlo
2215 3221 2432 3289 scripsi
2473 3215 2664 3272 eluella
2711 3223 2763 3270 et
2810 3215 2991 3289 rapula

690 3303 829 3359 libri
867 3305 1134 3375 plerique
1164 3301 1572 3375 elnelletrapula
1619 3303 1689 3356 W
1732 3302 1925 3357 cluella
1959 3303 2166 3375 [rapula
2202 3303 2342 3357 Leid
2403 3300 2541 3356 uella
2576 3300 2781 3374 trapula
2815 3302 2988 3356 Harl.

692 3386 886 3443 eluella
933 3387 1118 3461 rapula
1164 3386 1439 3457 Scaliyer
1485 3384 1689 3459 Casliy.
1739 3389 1819 3442 ad
1860 3388 2016 3443 Fest.
2067 3386 2185 3444 118
2232 3387 2375 3442 eima
2421 3385 2552 3441 alica
2604 3385 2847 3441 Bothius

697 3470 816 3527 164
863 3472 1065 3527 rumice
1102 3469 1407 3528 Turnebus
1452 3473 1650 3526 rumice
1683 3471 1835 3527 Leia.
1882 3473 2114 3526 romieae
2161 3475 2342 3527 celeri
2379 3471 2515 3526 libri
2556 3471 2742 3525 rumici
2790 3470 2995 3525 Iunius

695 3554 926 3611 rumices
961 3556 1225 3628 Scaliqer
1379 3555 1498 3612 165
1544 3554 1609 3610 da
1643 3557 2018 3611 Hermanmts
2044 3559 2085 3611 l.
2128 3558 2165 3611 l.
2200 3555 2344 3627 276,
2391 3573 2496 3613 om.
2542 3556 2677 3609 libri
2846 3554 2992 3627 quod

686 3642 941 3714 formam
971 3643 1214 3697 ablativi
1241 3643 1592 3698 seruandam
1625 3656 1752 3695 esse
1774 3642 2029 3711 probam·
2062 3638 2368 3697 Rilsclzelio
2399 3656 2542 3695 mus.
2573 3640 2760 3695 Rhen.
2783 3639 2935 3694 XXI
2954 3639 3005 3694 V

695 3724 819 3782 485
867 3742 976 3798 quo
1010 3727 1420 3785 Hermannus:
1462 3727 1566 3781 sed
1592 3729 1815 3781 omnino
1847 3734 2054 3797 pectam
2102 3727 2241 3798 quid
2282 3728 2352 3781 sil
2399 3742 2510 3779 non
2555 3726 2853 3797 inlelleyO‚
2876 3740 2993 3795 pro

692 3827 804 3885 quo
834 3814 959 3866 siue
990 3827 1200 3884 pascam
1232 3813 1324 3866 uel
1356 3826 1543 3882 pascar
1573 3813 1694 3864 sine
1727 3827 1912 3865 nezem·
1942 3811 2235 3879 scribitur,
2271 3808 2415 3883 quod
2460 3813 2839 3864 accusatiuus
2870 3823 2993 3863 esse

685 3900 906 3967 polesl‚·
949 3898 1065 3951 nisi
1084 3895 1244 3967 forle
1274 3893 1481 3967 plectar
1512 3910 1712 3950 uerum
1745 3902 1853 3962 ese,
1904 3902 1964 3949 ul
1995 3898 2094 3967 qui
2119 3910 2345 3966 poenae
2375 3909 2559 3949 causa
2591 3897 2648 3948 in
2690 3896 2992 3963 pistrinum

693 3983 935 4036 mittitur
964 3981 1233 4035 servolus
1256 3979 1497 4051 facetus
1525 3982 1723 4034 uentri
1752 3983 2035 4035 consulat.
2202 3978 2319 4036 166
2353 3979 2481 4033 haut
2513 3978 2873 4047 luculentum,
2904 3992 2991 4031 era

692 4066 1069 4122 Her-mannus
1107 4071 1200 4118 aut
1230 4062 1620 4119 luculentaster
1659 4071 1754 4119 aut
1782 4065 1905 4120 cod.
2081 4062 2370 4118 formaster
2399 4079 2599 4119 uerum
2631 4077 2758 4118 esse
2792 4063 2996 4134 qlossis

693 4151 907 4205 Isidori
927 4147 1320 4219 ‘sormaslrum‚
1352 4165 1497 4219 opus
1510 4147 1844 4219 pistrinum'
1872 4155 1927 4204 el
1949 4150 2178 4204 Placidi
2194 4166 2260 4220 p.
2278 4147 2424 4217 462,
2455 4145 2792 4218 ‘formasa-o,
2817 4160 2994 4217 opere

690 4231 961 4305 pistrino'
995 4240 1048 4287 et
1081 4249 1282 4290 uocum
1317 4232 1522 4288 forinus
1556 4232 1791 4305 forcipes
1824 4233 2160 4307 sormucapes
2193 4236 2473 4305 eaeemplis
2494 4233 2751 4304 probaui
2777 4233 2903 4287 olim
2936 4233 2994 4286 in

690 4318 889 4391 praef.
920 4336 982 4391 p.
1015 4317 1139 4374 XII
1171 4333 1253 4391 sq.
1291 4316 1559 4374 fornnster
1589 4316 1966 4374 Her-mannus
2127 4316 2245 4375 168
2276 4317 2608 4390 synthesinis
2640 4319 2856 4387 scripsi
2866 4339 2881 4368 .-
2910 4315 2993 4387 cf.
