3400 5075
631 267 759 319 V111
1509 268 1547 321 C
1557 268 2038 323 OROLLARIVM

806 429 881 492 In
920 430 1234 494 NAEVII
1274 454 1328 493 v.
1358 433 1400 493 4
1440 431 1629 495 nihili
1660 435 1761 494 est
1788 433 1956 514 quod
1988 433 2265 495 coniecit
2295 431 2635 497 Suerdsioe
2663 434 2916 498 Vindio.

631 559 692 618 p.
740 537 821 598 57
874 536 1137 617 Sullam
1194 560 1312 600 nee
1358 538 1643 600 numeris
1690 561 1808 601 1100
1867 560 2159 603 sermone
2218 540 2706 604 commendatur
2750 542 2920 625 quod

631 641 947 705 Berehem
996 630 1337 725 proposuit
1382 667 1440 726 p.
1490 645 1570 706 61
1619 644 1732 707 sub
1767 646 1961 724 picea.

811 749 887 811 V.
911 751 1101 812 5-7.
1150 751 1473 831 Equorum
1512 751 1905 814 mentionem
1937 774 1976 813 a
2013 752 2337 814 sententia
2373 756 2604 834 poetae
2637 754 2917 817 alienam

633 880 771 919 esse
822 880 938 939 pro
989 862 1164 919 certo
1214 857 1373 919 mihi
1436 857 1759 939 persuasi:
1811 858 2120 940 intellego
2170 880 2419 940 servo&
2465 882 2625 941 quos
2683 881 2920 942 mango

633 964 945 1045 postridie
993 963 1184 1026 domo
1233 959 1646 1045 expulsurus,
1703 968 1777 1026 ut
1822 967 2084 1026 currant
2129 965 2398 1027 verbera
2457 965 2810 1049 fugienteS,
2857 970 2924 1028 et

632 1070 892 1132 venales
938 1069 1194 1151 publice
1233 1071 1683 1151 propositurus
1725 1075 1840 1133 est.
1915 1074 1987 1132 ut
2033 1074 2247 1132 autem
2283 1071 2525 1133 diutius
2564 1071 2712 1133 illos
2752 1072 2921 1153 apud

632 1198 700 1238 se
750 1176 884 1239 alat
931 1180 1200 1259 rogatus
1251 1179 1351 1238 est
1396 1177 1478 1239 ab
1527 1177 1766 1259 alique,
1797 1176 1904 1259 qui
1955 1197 2164 1238 emere
2215 1199 2323 1239 eos
2373 1198 2766 1261 magnopere
2817 1199 2918 1240 cu-

632 1282 817 1364 piens
866 1284 1134 1365 argento
1183 1286 1399 1345 tamen
1446 1305 1571 1365 quo
1621 1305 1784 1364 opus
1833 1286 1935 1344 est
1980 1288 2216 1364 careat,
2265 1287 2377 1345 aut
2425 1283 2556 1345 alia
2602 1284 2678 1345 de
2727 1305 2924 1346 causa

635 1411 844 1451 emere
892 1388 1175 1451 nondum
1225 1388 1460 1470 possit3
1520 1385 1941 1471 videnturque
1991 1387 2087 1450 illi
2137 1389 2271 1451 sive
2331 1389 2738 1473 cognationis
2786 1388 2923 1452 sive

635 1494 962 1557 amicitiae
1001 1494 1261 1558 vinculo
1302 1495 1578 1577 quodam
1615 1517 1760 1557 cum
1802 1494 1921 1558 hoc
1962 1495 2106 1576 ipso
2138 1495 2482 1583 coniuncti,
2513 1517 2667 1558 casu
2706 1499 2921 1558 autem

635 1601 852 1664 neseio
914 1624 1039 1683 quo
1097 1601 1165 1663 in
1226 1601 1599 1664 servitutem
1664 1601 1872 1664 coacti
1929 1601 2128 1663 fuisse
2144 1651 2160 1682 ‚
2222 1602 2386 1663 unde
2444 1601 2671 1664 redimi
2728 1624 2923 1685 quam

635 1708 917 1789 primum
966 1711 1032 1769 et
1077 1706 1144 1769 in
1192 1708 1563 1770 libertatem
1610 1706 1867 1769 restitui
1904 1706 2146 1769 volunt.
2222 1706 2397 1781 Quae
2437 1729 2581 1770 eum
2631 1711 2735 1770 sat
2779 1730 2922 1791 pro-

634 1813 943 1876 babiliter
979 1836 1110 1876 non
1147 1818 1282 1877 tam
1324 1814 1583 1876 finxisse
1615 1835 1807 1895 quam
1849 1835 1882 1874 e
1921 1812 2137 1874 verbis
2170 1811 2467 1876 elicuisse
2498 1813 2658 1876 mihi
2690 1814 2927 1896 videar,

637 1919 879 1983 codicis
927 1919 1339 2000 illud'sequor
1374 1942 1569 2001 quam
1616 1922 1790 1981 recte
1837 1919 1904 1981 in
1940 1939 2178 1981 seen-ros
2216 1919 2604 1982 mutaverim
2642 1920 2926 1983 dubitari

634 2047 827 2107 posse
898 2025 1177 2087 concedo
1193 2075 1209 2107 ‚
1274 2047 1665 2107 quamquam
1734 2024 1963 2087 melius
2037 2047 2227 2088 nemo
2294 2025 2503 2089 adhue
2569 2027 2926 2108 proposuit.

639 2134 812 2194 certe
870 2130 1113 2194 Klotzii
1174 2131 1459 2213 suspicio
1518 2132 1597 2195 ad
1654 2130 1937 2193 Terentii
1987 2130 2269 2194 Andriae
2317 2131 2344 2193 1
2402 2135 2464 2213 1,
2511 2131 2588 2192 41
2652 2131 2928 2213 prolata,

634 2239 999 2319 obsequium,
1038 2259 1163 2320 quo
1202 2237 1519 2301 vocabulo
1554 2237 1858 2299 Plautum
1910 2241 1974 2299 et
2007 2236 2328 2300 Naevium
2368 2240 2517 2300 ante
2554 2235 2926 2300 Terentium

637 2324 790 2409 usos
850 2367 990 2408 esse
1038 2343 1337 2407 Donatus
1387 2344 1467 2406 ad
1514 2345 1555 2407 l.
1603 2344 1642 2405 l.
1690 2346 1990 2425 testatur,
2039 2343 2118 2405 ad
2164 2342 2285 2406 hos
2335 2364 2556 2406 versus
2605 2343 2926 2425 pertinere

637 2451 831 2535 longe
892 2449 1215 2512 reicienda
1262 2454 1389 2531 est,
1445 2449 1743 2531 quamvis
1799 2449 1940 2532 ipse
1990 2449 2145 2511 olim
2201 2450 2483 2529 obsequos
2538 2449 2929 2532 scripserim,

638 2581 798 2642 quos
831 2558 910 2620 ad
942 2556 1252 2620 Laeviani
1295 2557 1572 2639 exempli
1613 2557 1986 2620 ‘obseeulae
2025 2561 2174 2618 tuae
2206 2579 2280 2618 ae
2318 2555 2688 2620 ministrae'
2729 2554 2927 2640 (apud

639 2663 1011 2728 Charisium
1072 2686 1135 2745 p.
1190 2665 1347 2745 288,
1414 2665 1487 2726 11
1554 2663 1660 2748 K.)
1724 2662 2215 2726 similitudinem
2269 2662 2763 2745 ‘obsequentes'
2826 2663 2927 2726 vel

640 2771 975 2834 ministros
1033 2769 1525 2852 interpretabar.
1619 2768 1858 2832 melius
1900 2769 1979 2832 ad
2037 2770 2426 2832 sententiam
2473 2770 2545 2832 de
2590 2789 2718 2832 meo
2769 2769 2928 2848 foco

637 2879 848 2941 sinam
891 2857 994 2958 090
1038 2876 1179 2939 illos
1223 2897 1346 2940 esse
1401 2877 1702 2959 quadrat,
1757 2897 2151 2958 quamquam
2207 2898 2429 2939 verum
2486 2897 2625 2938 esse
2672 2896 2751 2974 ne
2804 2874 2928 2937 hoe

641 2984 898 3067 quidem
960 2983 1167 3046 oredo,
1260 2980 1563 3045 Ceterum
1622 2987 1732 3046 tw:
1786 2979 1951 3066 (non
2005 2980 2148 3067 tax)
2198 3003 2332 3064 pax
2392 3004 2611 3046 servus
2674 2980 2930 3063 aliqum,

640 3090 878 3153 missus
924 3089 1203 3152 fortasse
1251 3111 1289 3151 a
1327 3093 1512 3171 patre
1551 3089 1685 3152 sive
1724 3089 1944 3171 fratre,
1981 3094 2057 3153 ut
2083 3112 2230 3154 eum
2268 3109 2590 3173 mangone
2637 3109 2773 3150 rem
2822 3108 2930 3170 80-

638 3200 835 3278 reret,
881 3196 1289 3278 interposuit.
1328 3177 1333 3182 Ι

821 3302 896 3366 V.
933 3303 1029 3365 12.
1078 3301 1297 3365 Variis
1335 3301 1634 3365 formulis
1676 3302 1847 3384 apud
1885 3301 2190 3366 Plautum
2230 3305 2296 3365 et
2330 3301 2699 3366 Terentium
2746 3322 2928 3382 prae-

641 3411 864 3473 fantur
919 3431 1259 3492 responso:
1317 3408 1418 3470 vel
1473 3406 1663 3490 plene
1719 3409 1789 3472 id
1838 3430 1941 3490 090
1995 3410 2200 3473 dicam
2255 3406 2384 3471 tibi·
2412 3407 2513 3471 vel
2567 3428 2671 3488 090
2724 3406 2931 3470 dicam

642 3517 754 3581 tibi
800 3517 900 3579 vel
947 3518 1151 3580 (licam
1197 3514 1308 3577 tibi
1353 3514 1455 3576 vel
1501 3535 1604 3596 090
1651 3516 1856 3579 dicam
1901 3515 2003 3579 vel
2051 3513 2431 3578 brevissime
2477 3515 2696 3577 dicam.

646 3623 871 3687 Pseud.
911 3624 1039 3686 338
1087 3622 1163 3683 ex
1210 3622 1326 3683 tua
1364 3624 1513 3702 rest,
1558 3624 1634 3684 tit
1671 3643 1792 3705 ego
1842 3621 2140 3685 emoriar.
2187 3618 2219 3689 [Γ
2264 3618 2571 3704 quidum?
2619 3618 2648 3690 [Γ
2696 3620 2763 3683 1(1
2809 3641 2930 3704 080

819 3730 1031 3793 dic-cim
1079 3727 1218 3791 tibi.

643 3835 803 3899 Cist.
848 3835 911 3898 II
961 3836 1020 3916 3,
1067 3835 1151 3898 59
1200 3857 1369 3897 nune
1414 3834 1797 3919 quaeritatis
1845 3835 2162 3899 alteram?
2211 3834 2243 3907 [Γ
2289 3856 2410 3920 080
2458 3835 2672 3899 dicam
2718 3835 2859 3909 tihi.

644 3940 828 4005 Cure.
876 3942 1003 4004 437
1056 3941 1166 4004 ubi
1211 3939 1469 4023 ipsust?
1517 3963 1679 4025 quor
1725 3962 1855 4004 non
1902 3942 2120 4004 venit?
2168 3940 2199 4009 [Γ
2243 3957 2367 4025 'ego
2415 3942 2627 4005 dicam
2675 3941 2814 4004 tibi.

643 4048 838 4111 Mero.
880 4049 1006 4111 638
1057 4071 1184 4130 qua
1220 4046 1433 4112 forma
1470 4049 1608 4109 esse
1653 4047 1920 4111 aiebant
1958 4046 2252 4132 [igitur‘e]
2303 4050 2336 4124 [Γ
2382 4070 2503 4133 080
2541 4048 2752 4111 dicam
2790 4045 2930 4109 tibi.

643 4154 837 4217 Most.
879 4154 1001 4217 757
1053 4155 1203 4217 hem
1248 4152 1399 4236 qm'd
1447 4153 1965 4217 consomm’ae'wit‘?
2014 4153 2044 4223 [Γ
2092 4176 2213 4239 080
2261 4155 2471 4219 dicam
2520 4153 2657 4216 tibi.

643 4259 872 4325 Pseud.
913 4261 1037 4327 801
1088 4264 1160 4324 tu
1209 4259 1384 4324 solus
1431 4263 1689 4342 praeter
1737 4260 1947 4325 alios?
1995 4260 2027 4330 [Γ
2073 4282 2193 4347 080
2240 4261 2451 4324 dicam
2497 4257 2662 4320 tibi..
