<?xml version="1.0" encoding="UTF-8"?>
<!DOCTYPE html PUBLIC "-//W3C//DTD XHTML 1.0 Transitional//EN"
    "http://www.w3.org/TR/xhtml1/DTD/xhtml1-transitional.dtd">
<html xmlns="http://www.w3.org/1999/xhtml" xml:lang="en" lang="en">
 <head>
  <title>
</title>
<meta http-equiv="Content-Type" content="text/html;charset=utf-8" />
  <meta name='ocr-system' content='tesseract 3.04.00' />
  <meta name='ocr-capabilities' content='ocr_page ocr_carea ocr_par ocr_line ocrx_word'/>
</head>
<body>
  <div class='ocr_page' id='page_1' title='image "./comicorumromano00teregoog_0490.png"; bbox 0 0 3400 5075; ppageno 0'>
   <div class='ocr_carea' id='block_1_1' title="bbox 601 294 2260 359">
    <p class='ocr_par' dir='ltr' id='par_1_1' title="bbox 601 294 2260 359">
     <span class='ocr_line' id='line_1_1' title="bbox 601 294 2260 359; baseline -0.01 0"><span class='ocrx_word' id='word_1_1' title='bbox 601 295 727 359; x_wconf 82' lang='grc'>348</span> <span class='ocrx_word' id='word_1_2' title='bbox 1235 295 1561 346; x_wconf 81' lang='lat' dir='ltr'>PVBLILII</span> <span class='ocrx_word' id='word_1_3' title='bbox 1602 294 1764 345; x_wconf 71' lang='lat' dir='ltr'>sym</span> <span class='ocrx_word' id='word_1_4' title='bbox 1803 294 2260 346; x_wconf 67' lang='grc' dir='ltr'><strong>ΒΕΝΤΕΝΤΙΑΕ</strong></span> 
     </span>
    </p>
   </div>
   <div class='ocr_carea' id='block_1_2' title="bbox 604 444 2897 2398">
    <p class='ocr_par' dir='ltr' id='par_1_2' title="bbox 604 444 2897 2398">
     <span class='ocr_line' id='line_1_2' title="bbox 778 444 2897 538; baseline 0.002 -20"><span class='ocrx_word' id='word_1_5' title='bbox 778 455 1124 538; x_wconf 78' lang='lat' dir='ltr'>Perfiigere</span> <span class='ocrx_word' id='word_1_6' title='bbox 1173 454 1253 517; x_wconf 90' lang='lat' dir='ltr'>ad</span> <span class='ocrx_word' id='word_1_7' title='bbox 1299 453 1672 517; x_wconf 73' lang='lat' dir='ltr'>inferiorem</span> <span class='ocrx_word' id='word_1_8' title='bbox 1707 444 1787 517; x_wconf 68' lang='lat' dir='ltr'>‚se</span> <span class='ocrx_word' id='word_1_9' title='bbox 1833 453 2047 536; x_wconf 86' lang='lat' dir='ltr'>ipsum</span> <span class='ocrx_word' id='word_1_10' title='bbox 2093 456 2191 516; x_wconf 74' lang='lat' dir='ltr'>est</span> <span class='ocrx_word' id='word_1_11' title='bbox 2236 453 2551 517; x_wconf 68' lang='lat' dir='ltr'>tradere*</span> <span class='ocrx_word' id='word_1_12' title='bbox 2795 476 2897 522; x_wconf 85' lang='lat'>370</span> 
     </span>
     <span class='ocr_line' id='line_1_3' title="bbox 781 569 2897 652; baseline 0.003 -19"><span class='ocrx_word' id='word_1_13' title='bbox 781 571 1124 634; x_wconf 70' lang='lat' dir='ltr'>Peccatum</span> <span class='ocrx_word' id='word_1_14' title='bbox 1172 569 1359 633; x_wconf 82' lang='lat' dir='ltr'>amici</span> <span class='ocrx_word' id='word_1_15' title='bbox 1407 570 1609 633; x_wconf 78' lang='lat' dir='ltr'>ue&#39;luti</span> <span class='ocrx_word' id='word_1_16' title='bbox 1656 572 1840 632; x_wconf 76' lang='lat' dir='ltr'>tuum</span> <span class='ocrx_word' id='word_1_17' title='bbox 1887 569 2058 632; x_wconf 72' lang='lat' dir='ltr'>reete</span> <span class='ocrx_word' id='word_1_18' title='bbox 2105 573 2311 652; x_wconf 75' lang='lat' dir='ltr'>putes,</span> <span class='ocrx_word' id='word_1_19' title='bbox 2795 593 2897 639; x_wconf 89' lang='lat'>686</span> 
     </span>
     <span class='ocr_line' id='line_1_4' title="bbox 608 681 2896 768; baseline -0.003 -18"><span class='ocrx_word' id='word_1_20' title='bbox 608 687 741 751; x_wconf 85' lang='lat'>475</span> <span class='ocrx_word' id='word_1_21' title='bbox 789 686 1029 749; x_wconf 74' lang='lat' dir='ltr'>Potens</span> <span class='ocrx_word' id='word_1_22' title='bbox 1077 685 1437 750; x_wconf 82' lang='lat' dir='ltr'>misericors</span> <span class='ocrx_word' id='word_1_23' title='bbox 1485 685 1744 768; x_wconf 68' lang='lat' dir='ltr'>publiea</span> <span class='ocrx_word' id='word_1_24' title='bbox 1790 688 1889 748; x_wconf 75' lang='lat' dir='ltr'>est</span> <span class='ocrx_word' id='word_1_25' title='bbox 1934 681 2277 748; x_wconf 70' lang='lat' dir='ltr'>felicitas*</span> <span class='ocrx_word' id='word_1_26' title='bbox 2524 729 2535 742; x_wconf 78' lang='lat'>.</span> <span class='ocrx_word' id='word_1_27' title='bbox 2794 708 2896 755; x_wconf 81' lang='lat'>377</span> 
     </span>
     <span class='ocr_line' id='line_1_5' title="bbox 720 798 2895 885; baseline 0 -20"><span class='ocrx_word' id='word_1_28' title='bbox 720 817 746 839; x_wconf 78' lang='lat'><strong><em>⁴</em></strong></span> <span class='ocrx_word' id='word_1_29' title='bbox 780 802 1093 866; x_wconf 75' lang='lat' dir='ltr'>Praesens</span> <span class='ocrx_word' id='word_1_30' title='bbox 1140 806 1239 865; x_wconf 78' lang='lat' dir='ltr'>est</span> <span class='ocrx_word' id='word_1_31' title='bbox 1286 823 1564 885; x_wconf 83' lang='lat' dir='ltr'><strong>semper,</strong></span> <span class='ocrx_word' id='word_1_32' title='bbox 1612 801 1845 864; x_wconf 67' lang='lat' dir='ltr'>absens</span> <span class='ocrx_word' id='word_1_33' title='bbox 1894 800 2002 883; x_wconf 88' lang='lat' dir='ltr'>qui</span> <span class='ocrx_word' id='word_1_34' title='bbox 2051 823 2118 863; x_wconf 90' lang='lat' dir='ltr'>se</span> <span class='ocrx_word' id='word_1_35' title='bbox 2164 798 2559 865; x_wconf 77' lang='lat' dir='ltr'>ulciscitur.*</span> <span class='ocrx_word' id='word_1_36' title='bbox 2792 825 2895 872; x_wconf 78' lang='lat'>379</span> 
     </span>
     <span class='ocr_line' id='line_1_6' title="bbox 782 914 2896 1001; baseline 0.003 -20"><span class='ocrx_word' id='word_1_37' title='bbox 782 918 1094 981; x_wconf 69' lang='lat' dir='ltr'>Perfacile</span> <span class='ocrx_word' id='word_1_38' title='bbox 1142 917 1295 981; x_wconf 85' lang='lat' dir='ltr'>felix</span> <span class='ocrx_word' id='word_1_39' title='bbox 1343 917 1514 1001; x_wconf 79' lang='lat' dir='ltr'>qu6d</span> <span class='ocrx_word' id='word_1_40' title='bbox 1561 916 1722 980; x_wconf 78' lang='lat' dir='ltr'>facit</span> <span class='ocrx_word' id='word_1_41' title='bbox 1768 918 1994 980; x_wconf 73' lang='lat' dir='ltr'>uotum</span> <span class='ocrx_word' id='word_1_42' title='bbox 2042 914 2364 1000; x_wconf 74' lang='lat' dir='ltr'>impetrat.</span> <span class='ocrx_word' id='word_1_43' title='bbox 2794 940 2896 987; x_wconf 87' lang='lat'>688</span> 
     </span>
     <span class='ocr_line' id='line_1_7' title="bbox 782 1030 2895 1116; baseline 0.003 -19"><span class='ocrx_word' id='word_1_44' title='bbox 782 1033 1069 1097; x_wconf 67' lang='lat' dir='ltr'>Poenam</span> <span class='ocrx_word' id='word_1_45' title='bbox 1116 1037 1404 1098; x_wconf 79' lang='lat' dir='ltr'>moratur</span> <span class='ocrx_word' id='word_1_46' title='bbox 1451 1030 1812 1116; x_wconf 78' lang='lat' dir='ltr'>improbuS‚</span> <span class='ocrx_word' id='word_1_47' title='bbox 1860 1055 1993 1097; x_wconf 88' lang='lat' dir='ltr'>non</span> <span class='ocrx_word' id='word_1_48' title='bbox 2039 1032 2365 1116; x_wconf 70' lang='lat' dir='ltr'>praeterit.</span> <span class='ocrx_word' id='word_1_49' title='bbox 2794 1055 2895 1102; x_wconf 74' lang='grc'>374</span> 
     </span>
     <span class='ocr_line' id='line_1_8' title="bbox 780 1145 2789 1235; baseline 0 -23"><span class='ocrx_word' id='word_1_50' title='bbox 780 1149 1139 1213; x_wconf 72' lang='lat' dir='ltr'>Perdidisse</span> <span class='ocrx_word' id='word_1_51' title='bbox 1189 1145 1505 1235; x_wconf 73' lang='lat' dir='ltr'>[honeste]</span> <span class='ocrx_word' id='word_1_52' title='bbox 1557 1149 1843 1232; x_wconf 87' lang='lat' dir='ltr'>mallem,</span> <span class='ocrx_word' id='word_1_53' title='bbox 1890 1171 2083 1232; x_wconf 88' lang='lat' dir='ltr'>quam</span> <span class='ocrx_word' id='word_1_54' title='bbox 2131 1149 2452 1231; x_wconf 69' lang='lat' dir='ltr'>accepisse</span> <span class='ocrx_word' id='word_1_55' title='bbox 2500 1150 2789 1232; x_wconf 70' lang='lat' dir='ltr'>turpiter.</span> 
     </span>
     <span class='ocr_line' id='line_1_9' title="bbox 605 1264 2897 1347; baseline 0.002 -19"><span class='ocrx_word' id='word_1_56' title='bbox 605 1267 736 1328; x_wconf 67' lang='lat'>480</span> <span class='ocrx_word' id='word_1_57' title='bbox 784 1264 1144 1328; x_wconf 78' lang='lat' dir='ltr'>Paucorum</span> <span class='ocrx_word' id='word_1_58' title='bbox 1192 1268 1291 1327; x_wconf 76' lang='lat' dir='ltr'>est</span> <span class='ocrx_word' id='word_1_59' title='bbox 1336 1265 1738 1347; x_wconf 77' lang='lat' dir='ltr'>intellegere,</span> <span class='ocrx_word' id='word_1_60' title='bbox 1785 1264 1937 1347; x_wconf 89' lang='lat' dir='ltr'>quid</span> <span class='ocrx_word' id='word_1_61' title='bbox 1985 1264 2148 1327; x_wconf 74' lang='lat' dir='ltr'>celet</span> <span class='ocrx_word' id='word_1_62' title='bbox 2193 1264 2367 1327; x_wconf 81' lang='lat' dir='ltr'>deus,</span> <span class='ocrx_word' id='word_1_63' title='bbox 2794 1286 2897 1333; x_wconf 86' lang='lat'>360</span> 
     </span>
     <span class='ocr_line' id='line_1_10' title="bbox 784 1379 2896 1464; baseline 0.002 -20"><span class='ocrx_word' id='word_1_64' title='bbox 784 1381 1071 1444; x_wconf 73' lang='lat' dir='ltr'>Perenne</span> <span class='ocrx_word' id='word_1_65' title='bbox 1119 1379 1490 1464; x_wconf 83' lang='lat' dir='ltr'>coniugium</span> <span class='ocrx_word' id='word_1_66' title='bbox 1540 1379 1821 1462; x_wconf 73' lang='lat' dir='ltr'>animus,</span> <span class='ocrx_word' id='word_1_67' title='bbox 1866 1401 2000 1443; x_wconf 88' lang='lat' dir='ltr'>non</span> <span class='ocrx_word' id='word_1_68' title='bbox 2048 1385 2279 1462; x_wconf 78' lang='lat' dir='ltr'>eorpiis</span> <span class='ocrx_word' id='word_1_69' title='bbox 2325 1379 2498 1443; x_wconf 82' lang='lat' dir='ltr'>facit.</span> <span class='ocrx_word' id='word_1_70' title='bbox 2794 1402 2896 1449; x_wconf 88' lang='grc'>368</span> 
     </span>
     <span class='ocr_line' id='line_1_11' title="bbox 781 1495 2896 1579; baseline 0.002 -20"><span class='ocrx_word' id='word_1_71' title='bbox 781 1496 1098 1559; x_wconf 77' lang='lat' dir='ltr'>Pereiindi</span> <span class='ocrx_word' id='word_1_72' title='bbox 1147 1496 1306 1558; x_wconf 82' lang='lat' dir='ltr'>seire</span> <span class='ocrx_word' id='word_1_73' title='bbox 1353 1497 1606 1579; x_wconf 71' lang='lat' dir='ltr'>tempus</span> <span class='ocrx_word' id='word_1_74' title='bbox 1654 1495 1907 1558; x_wconf 82' lang='lat' dir='ltr'><strong>assidue</strong></span> <span class='ocrx_word' id='word_1_75' title='bbox 1954 1496 2054 1558; x_wconf 76' lang='lat' dir='ltr'>est</span> <span class='ocrx_word' id='word_1_76' title='bbox 2098 1495 2281 1559; x_wconf 88' lang='lat' dir='ltr'>mori.</span> <span class='ocrx_word' id='word_1_77' title='bbox 2795 1517 2896 1564; x_wconf 82' lang='grc'>369</span> 
     </span>
     <span class='ocr_line' id='line_1_12' title="bbox 784 1608 2896 1695; baseline 0.002 -21"><span class='ocrx_word' id='word_1_78' title='bbox 784 1611 1041 1675; x_wconf 59' lang='lat' dir='ltr'>Potenti</span> <span class='ocrx_word' id='word_1_79' title='bbox 1089 1611 1278 1674; x_wconf 77' lang='lat' dir='ltr'>irasci</span> <span class='ocrx_word' id='word_1_80' title='bbox 1325 1608 1451 1674; x_wconf 73' lang='lat' dir='ltr'>sibi</span> <span class='ocrx_word' id='word_1_81' title='bbox 1498 1611 1806 1695; x_wconf 80' lang='lat' dir='ltr'>periclum</span> <span class='ocrx_word' id='word_1_82' title='bbox 1854 1614 1954 1674; x_wconf 75' lang='lat' dir='ltr'>est</span> <span class='ocrx_word' id='word_1_83' title='bbox 1999 1611 2397 1694; x_wconf 46' lang='lat' dir='ltr'>quaerere*</span> <span class='ocrx_word' id='word_1_84' title='bbox 2794 1633 2896 1680; x_wconf 82' lang='lat'>378</span> 
     </span>
     <span class='ocr_line' id='line_1_13' title="bbox 782 1726 2894 1811; baseline 0.002 -21"><span class='ocrx_word' id='word_1_85' title='bbox 782 1727 1052 1790; x_wconf 66' lang='lat' dir='ltr'>Peecare</span> <span class='ocrx_word' id='word_1_86' title='bbox 1100 1726 1287 1809; x_wconf 83' lang='lat' dir='ltr'>pauci</span> <span class='ocrx_word' id='word_1_87' title='bbox 1335 1726 1595 1811; x_wconf 75' lang='lat' dir='ltr'>ndlunt‚</span> <span class='ocrx_word' id='word_1_88' title='bbox 1642 1728 1804 1790; x_wconf 87' lang='lat' dir='ltr'>nulli</span> <span class='ocrx_word' id='word_1_89' title='bbox 1850 1726 2165 1791; x_wconf 74' lang='lat' dir='ltr'>nesciunt.</span> <span class='ocrx_word' id='word_1_90' title='bbox 2792 1749 2894 1796; x_wconf 74' lang='lat'>362</span> 
     </span>
     <span class='ocr_line' id='line_1_14' title="bbox 604 1841 2889 1925; baseline 0.002 -20"><span class='ocrx_word' id='word_1_91' title='bbox 604 1844 734 1906; x_wconf 75' lang='lat'>485</span> <span class='ocrx_word' id='word_1_92' title='bbox 780 1843 1140 1906; x_wconf 75' lang='lat' dir='ltr'>Paucorum</span> <span class='ocrx_word' id='word_1_93' title='bbox 1185 1841 1566 1925; x_wconf 76' lang='lat' dir='ltr'>improbitas</span> <span class='ocrx_word' id='word_1_94' title='bbox 1614 1841 1932 1906; x_wconf 73' lang='lat' dir='ltr'>uniuersis</span> <span class='ocrx_word' id='word_1_95' title='bbox 1979 1843 2380 1907; x_wconf 67' lang='lat' dir='ltr'>calamitas*</span> <span class='ocrx_word' id='word_1_96' title='bbox 2792 1865 2889 1910; x_wconf 89' lang='lat'>361</span> 
     </span>
     <span class='ocr_line' id='line_1_15' title="bbox 784 1956 2895 2040; baseline 0.002 -19"><span class='ocrx_word' id='word_1_97' title='bbox 784 1958 910 2022; x_wconf 86' lang='lat' dir='ltr'>Pro</span> <span class='ocrx_word' id='word_1_98' title='bbox 958 1958 1236 2021; x_wconf 84' lang='lat' dir='ltr'>d6mi11is</span> <span class='ocrx_word' id='word_1_99' title='bbox 1282 1979 1545 2040; x_wconf 83' lang='lat' dir='ltr'>peceare</span> <span class='ocrx_word' id='word_1_100' title='bbox 1594 1959 1789 2022; x_wconf 75' lang='lat' dir='ltr'>etiam</span> <span class='ocrx_word' id='word_1_101' title='bbox 1835 1956 2095 2022; x_wconf 74' lang='lat' dir='ltr'>uirtutis</span> <span class='ocrx_word' id='word_1_102' title='bbox 2142 1959 2283 2022; x_wconf 84' lang='lat' dir='ltr'>loeo</span> <span class='ocrx_word' id='word_1_103' title='bbox 2332 1961 2447 2023; x_wconf 76' lang='lat' dir='ltr'>est.</span> <span class='ocrx_word' id='word_1_104' title='bbox 2794 1980 2895 2026; x_wconf 73' lang='lat'>384</span> 
     </span>
     <span class='ocr_line' id='line_1_16' title="bbox 780 2071 2895 2158; baseline 0.002 -22"><span class='ocrx_word' id='word_1_105' title='bbox 780 2071 1093 2137; x_wconf 76' lang='lat' dir='ltr'>Patiendo</span> <span class='ocrx_word' id='word_1_106' title='bbox 1141 2074 1345 2137; x_wconf 76' lang='lat' dir='ltr'>multa</span> <span class='ocrx_word' id='word_1_107' title='bbox 1392 2073 1667 2137; x_wconf 73' lang='lat' dir='ltr'>ueniunt</span> <span class='ocrx_word' id='word_1_108' title='bbox 1714 2096 1876 2157; x_wconf 85' lang='lat' dir='ltr'>quae</span> <span class='ocrx_word' id='word_1_109' title='bbox 1920 2076 2205 2158; x_wconf 70' lang='lat' dir='ltr'>nequeas</span> <span class='ocrx_word' id='word_1_110' title='bbox 2251 2075 2453 2158; x_wconf 68' lang='lat' dir='ltr'>pati*</span> <span class='ocrx_word' id='word_1_111' title='bbox 2793 2094 2895 2141; x_wconf 81' lang='lat'>358</span> 
     </span>
     <span class='ocr_line' id='line_1_17' title="bbox 779 2186 2895 2273; baseline 0.002 -21"><span class='ocrx_word' id='word_1_112' title='bbox 779 2189 1051 2253; x_wconf 73' lang='lat' dir='ltr'>Paratae</span> <span class='ocrx_word' id='word_1_113' title='bbox 1096 2189 1397 2253; x_wconf 78' lang='lat' dir='ltr'>lacrimae</span> <span class='ocrx_word' id='word_1_114' title='bbox 1443 2186 1740 2273; x_wconf 78' lang='lat' dir='ltr'>insidias,</span> <span class='ocrx_word' id='word_1_115' title='bbox 1785 2212 1919 2254; x_wconf 91' lang='lat' dir='ltr'>non</span> <span class='ocrx_word' id='word_1_116' title='bbox 1966 2189 2189 2253; x_wconf 76' lang='lat' dir='ltr'>fletum</span> <span class='ocrx_word' id='word_1_117' title='bbox 2235 2188 2541 2253; x_wconf 78' lang='lat' dir='ltr'>indicant.</span> <span class='ocrx_word' id='word_1_118' title='bbox 2793 2209 2895 2256; x_wconf 81' lang='lat'>354</span> 
     </span>
     <span class='ocr_line' id='line_1_18' title="bbox 607 2348 975 2398; baseline 0.003 -1"><span class='ocrx_word' id='word_1_119' title='bbox 607 2348 975 2398; x_wconf 78' lang='lat' dir='ltr'>EXEMPLA.</span> 
     </span>
    </p>
   </div>
   <div class='ocr_carea' id='block_1_3' title="bbox 603 2424 2894 2701">
    <p class='ocr_par' dir='ltr' id='par_1_3' title="bbox 603 2424 2894 2701">
     <span class='ocr_line' id='line_1_19' title="bbox 738 2424 2891 2500; baseline 0 -17"><span class='ocrx_word' id='word_1_120' title='bbox 738 2437 837 2484; x_wconf 83' lang='grc'>479</span> <span class='ocrx_word' id='word_1_121' title='bbox 886 2434 973 2483; x_wconf 84' lang='lat' dir='ltr'>Cf.</span> <span class='ocrx_word' id='word_1_122' title='bbox 1021 2435 1249 2485; x_wconf 86' lang='lat' dir='ltr'>Hesiodi</span> <span class='ocrx_word' id='word_1_123' title='bbox 1297 2437 1398 2500; x_wconf 89' lang='lat' dir='ltr'>Op.</span> <span class='ocrx_word' id='word_1_124' title='bbox 1445 2438 1544 2484; x_wconf 75' lang='lat'>352</span> <span class='ocrx_word' id='word_1_125' title='bbox 1590 2427 1668 2500; x_wconf 86' lang='grc' dir='ltr'>μὴ</span> <span class='ocrx_word' id='word_1_126' title='bbox 1717 2426 1867 2484; x_wconf 74' lang='grc' dir='ltr'><strong>κακοὶ</strong></span> <span class='ocrx_word' id='word_1_127' title='bbox 1924 2432 2278 2496; x_wconf 77' lang='grc' dir='ltr'><strong><em>κερδαίνειν·</em></strong></span> <span class='ocrx_word' id='word_1_128' title='bbox 2334 2426 2487 2485; x_wconf 78' lang='grc' dir='ltr'>κακὰ</span> <span class='ocrx_word' id='word_1_129' title='bbox 2540 2430 2754 2499; x_wconf 79' lang='grc' dir='ltr'><strong><em>κέρδεα</em></strong></span> <span class='ocrx_word' id='word_1_130' title='bbox 2812 2424 2891 2483; x_wconf 84' lang='grc' dir='ltr'>ἷσ’</span> 
     </span>
     <span class='ocr_line' id='line_1_20' title="bbox 605 2490 2894 2568; baseline 0 -17"><span class='ocrx_word' id='word_1_131' title='bbox 605 2490 827 2567; x_wconf 73' lang='grc' dir='ltr'>ἄτῃσιν.</span> <span class='ocrx_word' id='word_1_132' title='bbox 909 2501 1073 2553; x_wconf 82' lang='lat' dir='ltr'>Caec.</span> <span class='ocrx_word' id='word_1_133' title='bbox 1123 2503 1278 2555; x_wconf 80' lang='lat' dir='ltr'>Balb.</span> <span class='ocrx_word' id='word_1_134' title='bbox 1325 2504 1537 2556; x_wconf 80' lang='lat' dir='ltr'>Monac</span> <span class='ocrx_word' id='word_1_135' title='bbox 1581 2507 1635 2566; x_wconf 90' lang='lat' dir='ltr'>l,</span> <span class='ocrx_word' id='word_1_136' title='bbox 1683 2506 1715 2553; x_wconf 85' lang='lat'><strong>3</strong></span> <span class='ocrx_word' id='word_1_137' title='bbox 1755 2518 1804 2568; x_wconf 88' lang='lat' dir='ltr'>p.</span> <span class='ocrx_word' id='word_1_138' title='bbox 1850 2505 1910 2554; x_wconf 88' lang='grc'>18</span> <span class='ocrx_word' id='word_1_139' title='bbox 1959 2502 2191 2553; x_wconf 82' lang='lat' dir='ltr'>‘lucrum</span> <span class='ocrx_word' id='word_1_140' title='bbox 2239 2508 2396 2568; x_wconf 81' lang='lat' dir='ltr'><strong>turpe</strong></span> <span class='ocrx_word' id='word_1_141' title='bbox 2444 2508 2504 2553; x_wconf 82' lang='lat' dir='ltr'>ut</span> <span class='ocrx_word' id='word_1_142' title='bbox 2550 2502 2894 2568; x_wconf 81' lang='lat' dir='ltr'>dispendium</span> 
     </span>
     <span class='ocr_line' id='line_1_21' title="bbox 603 2571 2893 2637; baseline 0.001 -19"><span class='ocrx_word' id='word_1_143' title='bbox 603 2571 822 2632; x_wconf 63' lang='lat' dir='ltr'>fugito)</span> <span class='ocrx_word' id='word_1_144' title='bbox 963 2572 1063 2620; x_wconf 79' lang='grc'>484</span> <span class='ocrx_word' id='word_1_145' title='bbox 1100 2571 1188 2621; x_wconf 85' lang='lat' dir='ltr'>Cf.</span> <span class='ocrx_word' id='word_1_146' title='bbox 1228 2572 1437 2621; x_wconf 82' lang='lat' dir='ltr'>Seneca</span> <span class='ocrx_word' id='word_1_147' title='bbox 1477 2571 1637 2637; x_wconf 80' lang='lat' dir='ltr'>epist.</span> <span class='ocrx_word' id='word_1_148' title='bbox 1665 2574 1747 2629; x_wconf 85' lang='grc'>90,</span> <span class='ocrx_word' id='word_1_149' title='bbox 1774 2573 1838 2620; x_wconf 83' lang='grc'>46</span> <span class='ocrx_word' id='word_1_150' title='bbox 1877 2571 2129 2621; x_wconf 78' lang='lat' dir='ltr'>inultum</span> <span class='ocrx_word' id='word_1_151' title='bbox 2175 2573 2410 2623; x_wconf 82' lang='lat' dir='ltr'>interest</span> <span class='ocrx_word' id='word_1_152' title='bbox 2445 2577 2624 2621; x_wconf 86' lang='lat' dir='ltr'>utrum</span> <span class='ocrx_word' id='word_1_153' title='bbox 2663 2586 2893 2636; x_wconf 82' lang='lat' dir='ltr'>peecare</span> 
     </span>
     <span class='ocr_line' id='line_1_22' title="bbox 604 2637 1388 2701; baseline 0.004 -16"><span class='ocrx_word' id='word_1_154' title='bbox 604 2637 806 2701; x_wconf 78' lang='lat' dir='ltr'>aliquis</span> <span class='ocrx_word' id='word_1_155' title='bbox 843 2638 981 2688; x_wconf 80' lang='lat' dir='ltr'>nolit</span> <span class='ocrx_word' id='word_1_156' title='bbox 1019 2656 1090 2688; x_wconf 80' lang='lat' dir='ltr'>an</span> <span class='ocrx_word' id='word_1_157' title='bbox 1128 2641 1388 2689; x_wconf 59' lang='lat' dir='ltr'>nesciat)</span> 
     </span>
    </p>
   </div>
   <div class='ocr_carea' id='block_1_4' title="bbox 757 2722 1034 2743">
    <p class='ocr_par' dir='ltr' id='par_1_4' title="bbox 757 2722 1034 2743">
     <span class='ocr_line' id='line_1_23' title="bbox 757 2722 1034 2743; baseline 0 2332"><span class='ocrx_word' id='word_1_158' title='bbox 757 2722 1034 2743; x_wconf 95' lang='lat' dir='ltr'> </span> 
     </span>
    </p>
   </div>
   <div class='ocr_carea' id='block_1_5' title="bbox 596 2788 2897 4222">
    <p class='ocr_par' dir='ltr' id='par_1_5' title="bbox 596 2788 2897 4222">
     <span class='ocr_line' id='line_1_24' title="bbox 772 2788 2774 2864; baseline 0.002 -19"><span class='ocrx_word' id='word_1_159' title='bbox 772 2788 894 2846; x_wconf 88' lang='grc'>474</span> <span class='ocrx_word' id='word_1_160' title='bbox 943 2790 1031 2862; x_wconf 80' lang='lat' dir='ltr'>Cf.</span> <span class='ocrx_word' id='word_1_161' title='bbox 1085 2791 1164 2847; x_wconf 84' lang='lat'>10</span> <span class='ocrx_word' id='word_1_162' title='bbox 1307 2790 1476 2847; x_wconf 84' lang='lat' dir='ltr'>ueluti</span> <span class='ocrx_word' id='word_1_163' title='bbox 1520 2793 1755 2864; x_wconf 73' lang='lat' dir='ltr'>Inyolst.</span> <span class='ocrx_word' id='word_1_164' title='bbox 1807 2790 1958 2847; x_wconf 84' lang='lat' dir='ltr'>uelut</span> <span class='ocrx_word' id='word_1_165' title='bbox 1991 2792 2045 2846; x_wconf 99' lang='lat' dir='ltr'><em>F</em></span> <span class='ocrx_word' id='word_1_166' title='bbox 2082 2791 2223 2847; x_wconf 85' lang='lat' dir='ltr'>idem</span> <span class='ocrx_word' id='word_1_167' title='bbox 2270 2810 2329 2848; x_wconf 87' lang='lat' dir='ltr'>ac</span> <span class='ocrx_word' id='word_1_168' title='bbox 2377 2794 2774 2850; x_wconf 75' lang='lat' dir='ltr'>Buechelerus</span> 
     </span>
     <span class='ocr_line' id='line_1_25' title="bbox 601 2874 2895 2950; baseline 0 -20"><span class='ocrx_word' id='word_1_169' title='bbox 601 2874 724 2932; x_wconf 88' lang='lat'>475</span> <span class='ocrx_word' id='word_1_170' title='bbox 772 2874 860 2947; x_wconf 80' lang='lat' dir='ltr'>Cf.</span> <span class='ocrx_word' id='word_1_171' title='bbox 895 2875 1014 2930; x_wconf 88' lang='lat'>471</span> <span class='ocrx_word' id='word_1_172' title='bbox 1192 2875 1314 2932; x_wconf 89' lang='grc'>476</span> <span class='ocrx_word' id='word_1_173' title='bbox 1362 2875 1450 2946; x_wconf 79' lang='lat' dir='ltr'>Cf.</span> <span class='ocrx_word' id='word_1_174' title='bbox 1487 2878 1606 2933; x_wconf 83' lang='grc'>552</span> <span class='ocrx_word' id='word_1_175' title='bbox 1780 2875 1971 2931; x_wconf 80' lang='lat' dir='ltr'>absens</span> <span class='ocrx_word' id='word_1_176' title='bbox 2019 2878 2109 2950; x_wconf 87' lang='lat' dir='ltr'>qui</span> <span class='ocrx_word' id='word_1_177' title='bbox 2147 2894 2207 2932; x_wconf 87' lang='lat' dir='ltr'>se</span> <span class='ocrx_word' id='word_1_178' title='bbox 2254 2878 2625 2950; x_wconf 79' lang='lat' dir='ltr'>Woelfflinus</span> <span class='ocrx_word' id='word_1_179' title='bbox 2668 2880 2759 2950; x_wconf 88' lang='lat' dir='ltr'>qui</span> <span class='ocrx_word' id='word_1_180' title='bbox 2807 2877 2895 2933; x_wconf 75' lang='lat' dir='ltr'>ab·</span> 
     </span>
     <span class='ocr_line' id='line_1_26' title="bbox 602 2958 2897 3035; baseline 0.001 -20"><span class='ocrx_word' id='word_1_181' title='bbox 602 2977 726 3015; x_wconf 89' lang='lat' dir='ltr'>sens</span> <span class='ocrx_word' id='word_1_182' title='bbox 773 2960 829 3013; x_wconf 87' lang='lat' dir='ltr'><em>F</em></span> <span class='ocrx_word' id='word_1_183' title='bbox 868 2960 960 3032; x_wconf 90' lang='lat' dir='ltr'>qui</span> <span class='ocrx_word' id='word_1_184' title='bbox 1007 2958 1199 3014; x_wconf 80' lang='lat' dir='ltr'>absens</span> <span class='ocrx_word' id='word_1_185' title='bbox 1244 2962 1402 3019; x_wconf 83' lang='lat' dir='ltr'>etiam</span> <span class='ocrx_word' id='word_1_186' title='bbox 1451 2963 1738 3018; x_wconf 80' lang='lat' dir='ltr'>Gruterus</span> <span class='ocrx_word' id='word_1_187' title='bbox 1929 2961 2051 3018; x_wconf 89' lang='lat'>477</span> <span class='ocrx_word' id='word_1_188' title='bbox 2102 2963 2192 3033; x_wconf 81' lang='lat' dir='ltr'>Cf.</span> <span class='ocrx_word' id='word_1_189' title='bbox 2247 2963 2357 3017; x_wconf 84' lang='grc'>121</span> <span class='ocrx_word' id='word_1_190' title='bbox 2492 3018 2493 3021; x_wconf 68' lang='grc'>,</span> <span class='ocrx_word' id='word_1_191' title='bbox 2578 2962 2722 3035; x_wconf 84' lang='lat' dir='ltr'>quod</span> <span class='ocrx_word' id='word_1_192' title='bbox 2772 2963 2897 3017; x_wconf 80' lang='lat' dir='ltr'>facit</span> 
     </span>
     <span class='ocr_line' id='line_1_27' title="bbox 604 3044 2893 3120; baseline 0.001 -21"><span class='ocrx_word' id='word_1_193' title='bbox 604 3052 791 3100; x_wconf 80' lang='lat' dir='ltr'>uotum</span> <span class='ocrx_word' id='word_1_194' title='bbox 848 3046 1101 3117; x_wconf 74' lang='lat' dir='ltr'>impetrat</span> <span class='ocrx_word' id='word_1_195' title='bbox 1150 3044 1391 3101; x_wconf 77' lang='lat' dir='ltr'>Bolln&#39;us</span> <span class='ocrx_word' id='word_1_196' title='bbox 1446 3046 1591 3118; x_wconf 85' lang='lat' dir='ltr'>quod</span> <span class='ocrx_word' id='word_1_197' title='bbox 1653 3055 1777 3101; x_wconf 86' lang='lat' dir='ltr'>uota</span> <span class='ocrx_word' id='word_1_198' title='bbox 1839 3044 1963 3117; x_wconf 79' lang='lat' dir='ltr'>(sata</span> <span class='ocrx_word' id='word_1_199' title='bbox 2022 3046 2280 3119; x_wconf 73' lang='lat' dir='ltr'>Inyolst.)</span> <span class='ocrx_word' id='word_1_200' title='bbox 2337 3049 2596 3120; x_wconf 80' lang='lat' dir='ltr'>imperant</span> <span class='ocrx_word' id='word_1_201' title='bbox 2653 3047 2777 3101; x_wconf 83' lang='lat' dir='ltr'>facit</span> <span class='ocrx_word' id='word_1_202' title='bbox 2822 3048 2893 3117; x_wconf 81' lang='lat' dir='ltr'><em>F,</em></span> 
     </span>
     <span class='ocr_line' id='line_1_28' title="bbox 599 3129 2897 3205; baseline 0 -20"><span class='ocrx_word' id='word_1_203' title='bbox 599 3131 837 3203; x_wconf 74' lang='lat' dir='ltr'>Inqotst.</span> <span class='ocrx_word' id='word_1_204' title='bbox 886 3129 1033 3202; x_wconf 85' lang='lat' dir='ltr'>quod</span> <span class='ocrx_word' id='word_1_205' title='bbox 1082 3129 1316 3184; x_wconf 89' lang='lat' dir='ltr'>uoluerit</span> <span class='ocrx_word' id='word_1_206' title='bbox 1361 3131 1610 3203; x_wconf 75' lang='lat' dir='ltr'>impetrat</span> <span class='ocrx_word' id='word_1_207' title='bbox 1659 3134 1749 3187; x_wconf 83' lang='lat' dir='ltr'>uel</span> <span class='ocrx_word' id='word_1_208' title='bbox 1806 3133 2055 3205; x_wconf 78' lang='lat' dir='ltr'>impetrat</span> <span class='ocrx_word' id='word_1_209' title='bbox 2112 3130 2259 3204; x_wconf 76' lang='lat' dir='ltr'>quod</span> <span class='ocrx_word' id='word_1_210' title='bbox 2320 3133 2535 3187; x_wconf 85' lang='lat' dir='ltr'>nouerit</span> <span class='ocrx_word' id='word_1_211' title='bbox 2593 3131 2897 3188; x_wconf 79' lang='lat' dir='ltr'>Nauckius</span> 
     </span>
     <span class='ocr_line' id='line_1_29' title="bbox 601 3214 2895 3289; baseline 0 -19"><span class='ocrx_word' id='word_1_212' title='bbox 601 3217 837 3287; x_wconf 81' lang='lat' dir='ltr'>inpetrat</span> <span class='ocrx_word' id='word_1_213' title='bbox 885 3224 1011 3269; x_wconf 83' lang='lat' dir='ltr'>uota</span> <span class='ocrx_word' id='word_1_214' title='bbox 1056 3222 1117 3267; x_wconf 90' lang='lat' dir='ltr'>ut</span> <span class='ocrx_word' id='word_1_215' title='bbox 1163 3214 1289 3269; x_wconf 81' lang='lat' dir='ltr'>facit</span> <span class='ocrx_word' id='word_1_216' title='bbox 1335 3218 1427 3270; x_wconf 81' lang='lat' dir='ltr'>uel</span> <span class='ocrx_word' id='word_1_217' title='bbox 1474 3215 1619 3288; x_wconf 84' lang='lat' dir='ltr'>quod</span> <span class='ocrx_word' id='word_1_218' title='bbox 1675 3216 1804 3270; x_wconf 78' lang='lat' dir='ltr'>facit</span> <span class='ocrx_word' id='word_1_219' title='bbox 1850 3217 1965 3271; x_wconf 84' lang='lat' dir='ltr'>uoti</span> <span class='ocrx_word' id='word_1_220' title='bbox 2023 3220 2146 3271; x_wconf 80' lang='lat' dir='ltr'>siue</span> <span class='ocrx_word' id='word_1_221' title='bbox 2203 3233 2338 3288; x_wconf 83' lang='lat' dir='ltr'>quae</span> <span class='ocrx_word' id='word_1_222' title='bbox 2396 3215 2432 3271; x_wconf 83' lang='lat' dir='ltr'>s.</span> <span class='ocrx_word' id='word_1_223' title='bbox 2482 3224 2606 3270; x_wconf 86' lang='lat' dir='ltr'>uota</span> <span class='ocrx_word' id='word_1_224' title='bbox 2665 3218 2895 3289; x_wconf 86' lang='lat' dir='ltr'>inpetrat</span> 
     </span>
     <span class='ocr_line' id='line_1_30' title="bbox 603 3298 2896 3371; baseline 0 -16"><span class='ocrx_word' id='word_1_225' title='bbox 603 3303 824 3355; x_wconf 83' lang='lat' dir='ltr'>conieci</span> <span class='ocrx_word' id='word_1_226' title='bbox 1036 3298 1450 3355; x_wconf 75' lang='lat' dir='ltr'>478‘·m0ratur</span> <span class='ocrx_word' id='word_1_227' title='bbox 1495 3301 1731 3371; x_wconf 72' lang='lat' dir='ltr'>lnyolst.</span> <span class='ocrx_word' id='word_1_228' title='bbox 1793 3309 1911 3356; x_wconf 85' lang='lat' dir='ltr'>orat</span> <span class='ocrx_word' id='word_1_229' title='bbox 1957 3302 2013 3354; x_wconf 88' lang='lat' dir='ltr'><em>F</em></span> <span class='ocrx_word' id='word_1_230' title='bbox 2222 3300 2344 3356; x_wconf 87' lang='grc'>479</span> <span class='ocrx_word' id='word_1_231' title='bbox 2392 3299 2620 3356; x_wconf 86' lang='lat' dir='ltr'>honeste</span> <span class='ocrx_word' id='word_1_232' title='bbox 2681 3303 2896 3357; x_wconf 78' lang='lat' dir='ltr'>addidit</span> 
     </span>
     <span class='ocr_line' id='line_1_31' title="bbox 615 3385 2892 3458; baseline 0.001 -23"><span class='ocrx_word' id='word_1_233' title='bbox 615 3386 1007 3456; x_wconf 73' lang='lat' dir='ltr'>lVoelffle&#39;uus‚</span> <span class='ocrx_word' id='word_1_234' title='bbox 1040 3402 1144 3440; x_wconf 88' lang='lat' dir='ltr'>om.</span> <span class='ocrx_word' id='word_1_235' title='bbox 1179 3385 1235 3438; x_wconf 90' lang='lat' dir='ltr'><em>F</em></span> <span class='ocrx_word' id='word_1_236' title='bbox 1400 3386 1669 3458; x_wconf 75' lang='lat' dir='ltr'>accepisse</span> <span class='ocrx_word' id='word_1_237' title='bbox 1715 3386 2084 3456; x_wconf 82' lang='lat' dir='ltr'>Woelfflinus</span> <span class='ocrx_word' id='word_1_238' title='bbox 2127 3386 2366 3457; x_wconf 85' lang='lat' dir='ltr'>accipere</span> <span class='ocrx_word' id='word_1_239' title='bbox 2398 3386 2454 3440; x_wconf 88' lang='lat' dir='ltr'><em>F</em></span> <span class='ocrx_word' id='word_1_240' title='bbox 2577 3385 2701 3441; x_wconf 79' lang='lat'>480</span> <span class='ocrx_word' id='word_1_241' title='bbox 2736 3386 2892 3451; x_wconf 76' lang='lat' dir='ltr'>celet,</span> 
     </span>
     <span class='ocr_line' id='line_1_32' title="bbox 603 3471 2897 3541; baseline 0.001 -18"><span class='ocrx_word' id='word_1_242' title='bbox 603 3477 663 3523; x_wconf 86' lang='lat' dir='ltr'>ut</span> <span class='ocrx_word' id='word_1_243' title='bbox 694 3472 820 3524; x_wconf 87' lang='lat' dir='ltr'>olim</span> <span class='ocrx_word' id='word_1_244' title='bbox 864 3473 1102 3540; x_wconf 80' lang='lat' dir='ltr'>scripsi,</span> <span class='ocrx_word' id='word_1_245' title='bbox 1147 3473 1363 3526; x_wconf 79' lang='lat' dir='ltr'>retinui</span> <span class='ocrx_word' id='word_1_246' title='bbox 1377 3494 1394 3533; x_wconf 84' lang='lat'><em>;</em></span> <span class='ocrx_word' id='word_1_247' title='bbox 1438 3476 1647 3541; x_wconf 79' lang='lat' dir='ltr'>aperta</span> <span class='ocrx_word' id='word_1_248' title='bbox 1695 3478 1885 3526; x_wconf 76' lang='lat' dir='ltr'>autem</span> <span class='ocrx_word' id='word_1_249' title='bbox 1930 3474 2246 3541; x_wconf 79' lang='lat' dir='ltr'>sententia,</span> <span class='ocrx_word' id='word_1_250' title='bbox 2292 3472 2415 3525; x_wconf 79' lang='lat' dir='ltr'>scil.</span> <span class='ocrx_word' id='word_1_251' title='bbox 2462 3471 2569 3539; x_wconf 76' lang='lat' dir='ltr'>dei,</span> <span class='ocrx_word' id='word_1_252' title='bbox 2618 3472 2897 3539; x_wconf 81' lang='lat' dir='ltr'>Apollinis</span> 
     </span>
     <span class='ocr_line' id='line_1_33' title="bbox 596 3552 2896 3629; baseline -0 -21"><span class='ocrx_word' id='word_1_253' title='bbox 596 3554 883 3626; x_wconf 81' lang='lat' dir='ltr'>fortasse,</span> <span class='ocrx_word' id='word_1_254' title='bbox 930 3570 1090 3610; x_wconf 79' lang='lat' dir='ltr'>mens</span> <span class='ocrx_word' id='word_1_255' title='bbox 1135 3562 1190 3609; x_wconf 79' lang='lat' dir='ltr'>et</span> <span class='ocrx_word' id='word_1_256' title='bbox 1235 3573 1356 3629; x_wconf 75' lang='lat' dir='ltr'>uox</span> <span class='ocrx_word' id='word_1_257' title='bbox 1403 3556 1650 3610; x_wconf 83' lang='lat' dir='ltr'>obscura</span> <span class='ocrx_word' id='word_1_258' title='bbox 1699 3573 1735 3609; x_wconf 84' lang='lat' dir='ltr'>a</span> <span class='ocrx_word' id='word_1_259' title='bbox 1777 3557 1988 3625; x_wconf 82' lang='lat' dir='ltr'>paucis</span> <span class='ocrx_word' id='word_1_260' title='bbox 2030 3557 2394 3627; x_wconf 73' lang='lat' dir='ltr'>intelleyitur.</span> <span class='ocrx_word' id='word_1_261' title='bbox 2512 3552 2603 3609; x_wconf 84' lang='lat' dir='ltr'>det</span> <span class='ocrx_word' id='word_1_262' title='bbox 2652 3555 2704 3608; x_wconf 86' lang='lat' dir='ltr'><em>F</em></span> <span class='ocrx_word' id='word_1_263' title='bbox 2742 3553 2896 3609; x_wconf 60' lang='lat' dir='ltr'>defiet</span> 
     </span>
     <span class='ocr_line' id='line_1_34' title="bbox 600 3637 2895 3711; baseline -0.001 -17"><span class='ocrx_word' id='word_1_264' title='bbox 600 3638 839 3711; x_wconf 70' lang='lat' dir='ltr'>Iuyolst.</span> <span class='ocrx_word' id='word_1_265' title='bbox 898 3640 982 3693; x_wconf 85' lang='lat' dir='ltr'>cui</span> <span class='ocrx_word' id='word_1_266' title='bbox 1039 3638 1133 3693; x_wconf 86' lang='lat' dir='ltr'>det</span> <span class='ocrx_word' id='word_1_267' title='bbox 1179 3640 1465 3695; x_wconf 77' lang='lat' dir='ltr'>Gruterus</span> <span class='ocrx_word' id='word_1_268' title='bbox 1521 3639 1688 3693; x_wconf 86' lang='lat' dir='ltr'>donet</span> <span class='ocrx_word' id='word_1_269' title='bbox 1748 3640 2120 3710; x_wconf 70' lang='lat' dir='ltr'>Woelfflinus</span> <span class='ocrx_word' id='word_1_270' title='bbox 2176 3643 2322 3696; x_wconf 83' lang='lat' dir='ltr'>conl.</span> <span class='ocrx_word' id='word_1_271' title='bbox 2371 3638 2493 3695; x_wconf 87' lang='lat'>467</span> <span class='ocrx_word' id='word_1_272' title='bbox 2550 3637 2693 3693; x_wconf 86' lang='lat' dir='ltr'>dicat</span> <span class='ocrx_word' id='word_1_273' title='bbox 2749 3642 2895 3694; x_wconf 82' lang='lat' dir='ltr'>coni.</span> 
     </span>
     <span class='ocr_line' id='line_1_35' title="bbox 610 3723 2890 3796; baseline 0 -19"><span class='ocrx_word' id='word_1_274' title='bbox 610 3725 1003 3779; x_wconf 67' lang='lat' dir='ltr'>Buecheler-us</span> <span class='ocrx_word' id='word_1_275' title='bbox 1174 3723 1306 3778; x_wconf 88' lang='lat' dir='ltr'>deus</span> <span class='ocrx_word' id='word_1_276' title='bbox 1365 3726 1419 3778; x_wconf 90' lang='lat' dir='ltr'><em>F</em></span> <span class='ocrx_word' id='word_1_277' title='bbox 1468 3723 1601 3778; x_wconf 84' lang='lat' dir='ltr'>deos</span> <span class='ocrx_word' id='word_1_278' title='bbox 1657 3725 1894 3796; x_wconf 72' lang='lat' dir='ltr'>Inqolst.</span> <span class='ocrx_word' id='word_1_279' title='bbox 1952 3723 2065 3778; x_wconf 87' lang='lat' dir='ltr'>dies</span> <span class='ocrx_word' id='word_1_280' title='bbox 2138 3724 2508 3795; x_wconf 81' lang='lat' dir='ltr'>Woelfflinus</span> <span class='ocrx_word' id='word_1_281' title='bbox 2554 3725 2701 3782; x_wconf 83' lang='lat' dir='ltr'>conl.</span> <span class='ocrx_word' id='word_1_282' title='bbox 2752 3723 2890 3779; x_wconf 90' lang='lat'>137.</span> 
     </span>
     <span class='ocr_line' id='line_1_36' title="bbox 603 3805 2894 3881; baseline -0 -19"><span class='ocrx_word' id='word_1_283' title='bbox 603 3807 723 3863; x_wconf 78' lang='lat'>632</span> <span class='ocrx_word' id='word_1_284' title='bbox 854 3807 977 3863; x_wconf 85' lang='grc'>482</span> <span class='ocrx_word' id='word_1_285' title='bbox 1024 3808 1283 3880; x_wconf 74' lang='lat' dir='ltr'>pereundi</span> <span class='ocrx_word' id='word_1_286' title='bbox 1333 3815 1543 3881; x_wconf 86' lang='lat' dir='ltr'>tempus</span> <span class='ocrx_word' id='word_1_287' title='bbox 1587 3808 1725 3863; x_wconf 84' lang='lat' dir='ltr'>scire</span> <span class='ocrx_word' id='word_1_288' title='bbox 1757 3817 1841 3863; x_wconf 88' lang='lat' dir='ltr'>est</span> <span class='ocrx_word' id='word_1_289' title='bbox 1886 3807 2101 3865; x_wconf 75' lang='lat' dir='ltr'>assidue</span> <span class='ocrx_word' id='word_1_290' title='bbox 2148 3809 2282 3863; x_wconf 86' lang='lat' dir='ltr'>mori</span> <span class='ocrx_word' id='word_1_291' title='bbox 2316 3810 2504 3863; x_wconf 81' lang='lat' dir='ltr'>malim</span> <span class='ocrx_word' id='word_1_292' title='bbox 2634 3805 2894 3880; x_wconf 82' lang='lat' dir='ltr'>pereundi</span> 
     </span>
     <span class='ocr_line' id='line_1_37' title="bbox 601 3892 2894 3965; baseline -0.001 -19"><span class='ocrx_word' id='word_1_293' title='bbox 601 3900 814 3965; x_wconf 86' lang='lat' dir='ltr'>tempus</span> <span class='ocrx_word' id='word_1_294' title='bbox 868 3893 1007 3946; x_wconf 87' lang='lat' dir='ltr'>scire</span> <span class='ocrx_word' id='word_1_295' title='bbox 1063 3901 1146 3947; x_wconf 86' lang='lat' dir='ltr'>est</span> <span class='ocrx_word' id='word_1_296' title='bbox 1207 3895 1344 3948; x_wconf 87' lang='lat' dir='ltr'>mori</span> <span class='ocrx_word' id='word_1_297' title='bbox 1402 3892 1834 3965; x_wconf 78' lang='lat' dir='ltr'>frequentissime</span> <span class='ocrx_word' id='word_1_298' title='bbox 1888 3893 1937 3946; x_wconf 87' lang='lat' dir='ltr'><em>T</em></span> <span class='ocrx_word' id='word_1_299' title='bbox 2100 3892 2222 3948; x_wconf 91' lang='grc'>483</span> <span class='ocrx_word' id='word_1_300' title='bbox 2283 3892 2538 3964; x_wconf 87' lang='lat' dir='ltr'>periclum</span> <span class='ocrx_word' id='word_1_301' title='bbox 2595 3892 2894 3947; x_wconf 80' lang='lat' dir='ltr'>Bentleius</span> 
     </span>
     <span class='ocr_line' id='line_1_38' title="bbox 601 3976 2892 4050; baseline 0.002 -22"><span class='ocrx_word' id='word_1_302' title='bbox 601 3976 899 4050; x_wconf 85' lang='lat' dir='ltr'>periculum</span> <span class='ocrx_word' id='word_1_303' title='bbox 947 3977 1003 4029; x_wconf 96' lang='lat' dir='ltr'><em>F</em></span> <span class='ocrx_word' id='word_1_304' title='bbox 1253 3979 1388 4049; x_wconf 86' lang='lat' dir='ltr'>petit</span> <span class='ocrx_word' id='word_1_305' title='bbox 1444 3978 1535 4049; x_wconf 86' lang='lat' dir='ltr'>qui</span> <span class='ocrx_word' id='word_1_306' title='bbox 1581 3978 1829 4032; x_wconf 85' lang='lat' dir='ltr'>irascitur</span> <span class='ocrx_word' id='word_1_307' title='bbox 1885 3976 2183 4050; x_wconf 84' lang='lat' dir='ltr'>perieulum</span> <span class='ocrx_word' id='word_1_308' title='bbox 2228 3976 2329 4031; x_wconf 85' lang='lat' dir='ltr'>sibi</span> <span class='ocrx_word' id='word_1_309' title='bbox 2385 3993 2645 4050; x_wconf 81' lang='lat' dir='ltr'>generare</span> <span class='ocrx_word' id='word_1_310' title='bbox 2696 3977 2767 4032; x_wconf 85' lang='lat' dir='ltr'>T:</span> <span class='ocrx_word' id='word_1_311' title='bbox 2811 3976 2892 4047; x_wconf 65' lang='lat' dir='ltr'>cst</span> 
     </span>
     <span class='ocr_line' id='line_1_39' title="bbox 603 4060 2894 4132; baseline 0 -20"><span class='ocrx_word' id='word_1_312' title='bbox 603 4062 899 4132; x_wconf 83' lang='lat' dir='ltr'>Hauptius</span> <span class='ocrx_word' id='word_1_313' title='bbox 944 4062 1148 4117; x_wconf 75' lang='lat' dir='ltr'>Philet.</span> <span class='ocrx_word' id='word_1_314' title='bbox 1197 4061 1236 4117; x_wconf 92' lang='lat' dir='ltr'><strong><em>I</em></strong></span> <span class='ocrx_word' id='word_1_315' title='bbox 1276 4061 1396 4118; x_wconf 89' lang='grc'>666</span> <span class='ocrx_word' id='word_1_316' title='bbox 1570 4060 1692 4117; x_wconf 87' lang='grc'>484</span> <span class='ocrx_word' id='word_1_317' title='bbox 1740 4062 1894 4117; x_wconf 83' lang='lat' dir='ltr'>multi</span> <span class='ocrx_word' id='word_1_318' title='bbox 1956 4064 2101 4117; x_wconf 83' lang='lat' dir='ltr'>coni.</span> <span class='ocrx_word' id='word_1_319' title='bbox 2151 4063 2438 4117; x_wconf 76' lang='lat' dir='ltr'>Gruterus</span> <span class='ocrx_word' id='word_1_320' title='bbox 2607 4060 2730 4118; x_wconf 84' lang='lat'>485</span> <span class='ocrx_word' id='word_1_321' title='bbox 2779 4061 2894 4114; x_wconf 89' lang='lat' dir='ltr'>uni-</span> 
     </span>
     <span class='ocr_line' id='line_1_40' title="bbox 602 4140 2891 4222; baseline -0.001 -23"><span class='ocrx_word' id='word_1_322' title='bbox 602 4140 795 4222; x_wconf 79' lang='lat' dir='ltr'>uersis]</span> <span class='ocrx_word' id='word_1_323' title='bbox 841 4152 926 4201; x_wconf 89' lang='lat' dir='ltr'>est</span> <span class='ocrx_word' id='word_1_324' title='bbox 970 4145 1261 4201; x_wconf 87' lang='lat' dir='ltr'>multorum</span> <span class='ocrx_word' id='word_1_325' title='bbox 1295 4149 1441 4202; x_wconf 84' lang='lat' dir='ltr'>conl.</span> <span class='ocrx_word' id='word_1_326' title='bbox 1479 4146 1598 4202; x_wconf 87' lang='grc'>356</span> <span class='ocrx_word' id='word_1_327' title='bbox 1645 4148 1793 4202; x_wconf 81' lang='lat' dir='ltr'>coni.</span> <span class='ocrx_word' id='word_1_328' title='bbox 1828 4147 2230 4203; x_wconf 70' lang='lat' dir='ltr'>Buecheler-us</span> <span class='ocrx_word' id='word_1_329' title='bbox 2358 4146 2627 4201; x_wconf 82' lang='lat' dir='ltr'>calamitas</span> <span class='ocrx_word' id='word_1_330' title='bbox 2657 4147 2891 4217; x_wconf 71' lang='lat' dir='ltr'>Inqolst.</span> 
     </span>
    </p>
   </div>
   <div class='ocr_carea' id='block_1_6' title="bbox 501 4229 2808 4303">
    <p class='ocr_par' dir='ltr' id='par_1_6' title="bbox 501 4229 2808 4303">
     <span class='ocr_line' id='line_1_41' title="bbox 501 4229 2808 4303; baseline -0 -18"><span class='ocrx_word' id='word_1_331' title='bbox 501 4280 514 4295; x_wconf 86' lang='grc'><em>,</em></span> <span class='ocrx_word' id='word_1_332' title='bbox 600 4240 684 4286; x_wconf 86' lang='lat' dir='ltr'>est</span> <span class='ocrx_word' id='word_1_333' title='bbox 729 4231 998 4285; x_wconf 83' lang='lat' dir='ltr'>calamitas</span> <span class='ocrx_word' id='word_1_334' title='bbox 1030 4231 1086 4284; x_wconf 90' lang='lat' dir='ltr'><em>F</em></span> <span class='ocrx_word' id='word_1_335' title='bbox 1209 4230 1331 4286; x_wconf 84' lang='lat'>487</span> <span class='ocrx_word' id='word_1_336' title='bbox 1380 4231 1469 4302; x_wconf 80' lang='lat' dir='ltr'>Cf.</span> <span class='ocrx_word' id='word_1_337' title='bbox 1505 4230 1642 4288; x_wconf 82' lang='lat'>238.</span> <span class='ocrx_word' id='word_1_338' title='bbox 1690 4229 1834 4287; x_wconf 87' lang='lat'>394.</span> <span class='ocrx_word' id='word_1_339' title='bbox 1888 4231 2027 4288; x_wconf 85' lang='lat'>535.</span> <span class='ocrx_word' id='word_1_340' title='bbox 2159 4231 2406 4303; x_wconf 85' lang='lat' dir='ltr'>patienda</span> <span class='ocrx_word' id='word_1_341' title='bbox 2440 4231 2504 4286; x_wconf 90' lang='lat' dir='ltr'>G.</span> <span class='ocrx_word' id='word_1_342' title='bbox 2536 4231 2808 4301; x_wconf 73' lang='lat' dir='ltr'>Meyer-us</span> 
     </span>
    </p>
   </div>
   <div class='ocr_carea' id='block_1_7' title="bbox 600 4314 2890 4388">
    <p class='ocr_par' dir='ltr' id='par_1_7' title="bbox 600 4314 2890 4388">
     <span class='ocr_line' id='line_1_42' title="bbox 600 4314 2890 4388; baseline -0.001 -19"><span class='ocrx_word' id='word_1_343' title='bbox 600 4315 738 4370; x_wconf 81' lang='lat' dir='ltr'>haud</span> <span class='ocrx_word' id='word_1_344' title='bbox 785 4317 1012 4370; x_wconf 87' lang='lat' dir='ltr'>ueniunt</span> <span class='ocrx_word' id='word_1_345' title='bbox 1058 4315 1323 4388; x_wconf 75' lang='lat' dir='ltr'>Machly:</span> <span class='ocrx_word' id='word_1_346' title='bbox 1363 4315 1506 4387; x_wconf 77' lang='lat' dir='ltr'>fore.</span> <span class='ocrx_word' id='word_1_347' title='bbox 1556 4317 1815 4371; x_wconf 84' lang='lat' dir='ltr'>eueniunt</span> <span class='ocrx_word' id='word_1_348' title='bbox 2010 4314 2131 4372; x_wconf 82' lang='lat'>488</span> <span class='ocrx_word' id='word_1_349' title='bbox 2180 4315 2381 4372; x_wconf 82' lang='lat' dir='ltr'>luctum</span> <span class='ocrx_word' id='word_1_350' title='bbox 2432 4315 2704 4382; x_wconf 77' lang='lat' dir='ltr'>Bothius,</span> <span class='ocrx_word' id='word_1_351' title='bbox 2750 4316 2890 4369; x_wconf 80' lang='lat' dir='ltr'>benc</span> 
     </span>
    </p>
   </div>
  </div>
 </body>
</html>
