3400 5075
597 283 725 348 230
1219 284 1281 334 L.
1319 282 1739 335 POMPONIVS
1780 280 2268 333 BONONIENSIS

1471 437 2004 504 OITHARISTA

635 559 722 622 30
1893 556 2059 639 noli,
2106 577 2372 639 quaeso,
2417 555 2718 618 iraeiscere:

769 672 950 736 More
997 672 1096 756 fit,
1143 670 1364 736 moriri
1413 693 1594 735 suam
1646 667 1792 757 [uir]
1844 668 2115 754 quisque
2163 673 2237 734 ut
2284 672 2547 735 uxorem
2594 670 2770 734 uelit.

1492 802 2001 868 COLLEGIVM

773 921 849 987 Si
890 921 1041 1006 quid
1090 921 1432 1006 expalpeire
1480 919 1724 1004 possim
1771 920 1853 983 ab
1902 917 2016 984 sslo
2066 969 2331 984 .....

1566 1051 1924 1118 CONCHA

776 1170 914 1235 Vos
962 1170 1105 1234 istic
1152 1172 1435 1234 manete:
1484 1169 1831 1234 eliminabo
1880 1171 2060 1232 extra.
2107 1167 2281 1231 aedis
2329 1168 2686 1253 coniugem.

1451 1299 2041 1380 CONDICIONES

773 1417 904 1483 Vl'x
962 1441 1136 1483 nunc
1193 1419 1363 1503 quod
1420 1419 1588 1482 edim
1643 1416 1935 1482 inuenio:
1993 1416 2146 1501 quid
2193 1439 2344 1481 nam
2392 1416 2537 1502 sset,
2596 1418 2650 1482 si
2698 1441 2890 1502 quam

2197 1532 2483 1597 duxero?

1246 1657 1656 1724 GRETVLA
1703 1657 1807 1721 uel
1855 1656 2237 1722 PETITOR

1655 1774 1687 1838 Ι
1736 1771 1836 1859 (2)

644 1891 731 1955 35
2013 1888 2177 1952 bene
2224 1891 2482 1953 euenat!
2539 1904 2543 1908 ’

785 2009 816 2079 ss'
866 2005 966 2069 Ita
1011 2003 1162 2069 fiat:
1209 2008 1276 2069 et
1318 2005 1440 2069 tibi
1485 2005 1649 2069 bene
1697 2005 1807 2089 sit,
1854 2005 1964 2088 qui
2010 2008 2181 2068 recte
2229 2004 2495 2069 6111111113.

739 2201 1093 2250 Onusam-u
1165 2200 1263 2262 (Cf
1299 2192 1660 2264 Κιθαριστὴς
1684 2197 2018 2263 Antiphanis
2043 2203 2100 2249 et
2125 2198 2435 2262 Menandri)
2483 2202 2697 2252 Nonius
2728 2204 2838 2262 127,
2865 2203 2895 2251 7

602 2270 930 2319 ‘irascere
969 2285 1065 2334 pro
1092 2268 1276 2319 irasci.
1325 2268 1658 2332 Pomponius
1694 2267 2034 2320 Eterista:
2075 2267 2209 2318 noli'
2249 2284 2296 2317 e.
2326 2284 2374 2332 q.
2403 2284 2447 2318 s.
2487 2265 2896 2332 (Citharista

602 2337 881 2387 Mercerus
917 2338 1334 2387 Hetaerisca
1370 2335 1674 2386 Salmasius
1713 2334 2119 2386 Hetaerista
2158 2335 2569 2400 Quicheratius)

736 2405 1074 2454 Connnfflvu
1178 2405 1388 2454 Nonius
1438 2406 1560 2467 104,
1611 2404 1671 2451 12
1720 2402 2152 2467 ‘expalpare,
2201 2403 2482 2459 elicere..
2515 2447 2527 2459 .
2564 2404 2897 2469 Pomponius

610 2472 884 2536 Collegio:
924 2473 994 2522 si’
1036 2489 1084 2520 e.
1122 2487 1173 2534 q.
1214 2487 1260 2523 s.

739 2539 970 2590 Coxcmi
1039 2541 1248 2590 Nonius
1283 2542 1375 2600 39,
1418 2544 1439 2589 1
1483 2539 1875 2590 ‘eliminare
1916 2545 2074 2590 extra
2109 2540 2279 2590 limen
2316 2541 2517 2590 eicere’
2557 2540 2896 2602 (110111οθ-οι

602 2608 819 2670 cire')‘
908 2609 1280 2672 ,Pomponius
1319 2607 1570 2657 Concu:
1607 2610 1724 2657 uos'
1763 2623 1810 2657 e.
1840 2623 1891 2670 q.
1920 2624 1963 2661 s.
2035 2608 2186 2658 Idem
2223 2610 2339 2663 292.
2378 2610 2443 2658 26
2480 2609 2894 2658 ‘eliminare’

603 2675 732 2741 (‘se’
771 2675 896 2725 add.
938 2672 1160 2740 Quich.)
1198 2681 1307 2727 ‘est
1344 2676 1512 2725 exire.
1551 2676 1764 2724 Ennius
1802 2676 2002 2724 Medea
2040 2676 2199 2725 exule
2239 2672 2334 2753 [11]
2373 2676 2573 2726 Accius
2612 2677 2896 2728 Poenissis

605 2740 758 2809 [vn]
805 2742 947 2792 idem
994 2742 1278 2808 Meleagro
1327 2739 1504 2808 [v111]
1554 2742 1730 2792 Varro
1780 2743 2017 2792 Serrano
2070 2740 2197 2807 περὶ
2256 2734 2635 2808 ἀρχαιρεσιῶν
2674 2787 2684 2797 .
2723 2782 2735 2794 .
2774 2781 2786 2793 .
2830 2760 2896 2792 ex

603 2810 790 2861 oraclo
836 2809 1060 2860 elimino
1118 2826 1218 2863 me.
1310 2810 1595 2861 eliminare
1653 2825 1863 2860 rursum
1907 2809 2216 2861 excludere.
2282 2811 2557 2861 Pacuuius
2605 2811 2895 2861 Duloreste

608 2874 784 2944 lxlv]
815 2878 1148 2943 Pomponius
1175 2877 1468 2928 Concha:
1497 2882 1620 2928 uos’
1649 2893 1696 2927 e.
1717 2894 1765 2942 q.
1790 2894 1831 2927 s.
1927 2875 2221 2942 (Concha
2246 2881 2408 2928 Bern
2449 2878 2701 2929 Concla
2727 2880 2897 2941 ceteri

601 2946 729 2995 libri
768 2945 994 2995 Coena
1029 2947 1220 2997 Iunius
1357 2947 1646 2996 Bet-nensis
1684 2947 1718 2995 b
1760 2947 1925 2996 lectio
1961 2963 1993 2995 a
2033 2945 2329 2996 Gerlachio
2376 2946 2576 2996 allata:
2626 2946 2896 3011 Pompo·

603 3015 754 3063 nius
801 3013 1171 3063 eliminabo
1217 3014 1321 3062 huc
1366 3015 1642 3079 pertinere
1690 3014 1939 3076 uidetur,
1987 3019 2047 3063 ut
2092 3014 2319 3065 fabulae
2356 3029 2555 3065 nomen
2594 3022 2649 3064 et
2698 3031 2894 3065 uersus

604 3082 1161 3197 prm‘gglsugciguzgc
1190 3080 1562 3209 3231}ssstss
1593 3081 1874 3199 sssmtgdim
1921 3165 2016 3214 pro
2055 3148 2209 3199 edam
2248 3186 2259 3197 .
2290 3187 2302 3198 .
2333 3188 2344 3199 .
2384 3148 2710 3215 Pomponius
2758 3150 2895 3200 Con-

610 3216 935 3266 ditionibus:
976 3219 1093 3265 uix’
1132 3232 1181 3266 0.
1221 3233 1270 3280 q.
1310 3232 1351 3267 s.

739 3284 1002 3334 Cns'rvmi
1040 3283 1130 3334 uel
1167 3285 1417 3336 Ρετιτοιι
1465 3284 1550 3334 Cf.
1577 3285 1838 3336 Munkius
1862 3288 1929 3335 34
2066 3285 2092 3335 1
2129 3285 2335 3336 Nonius
2371 3287 2487 3347 474,
2526 3288 2558 3336 9
2596 3287 2895 3335 ‘omines

604 3353 939 3417 Pomponius
977 3351 1207 3402 Cretula
1242 3353 1331 3402 uel
1371 3353 1711 3406 Petiture:
1760 3354 1921 3403 bene’
1960 3370 2007 3407 e.
2047 3369 2099 3417 q.
2139 3368 2180 3402 s.
2231 3353 2559 3416 (Petitore
2599 3352 2896 3417 Bentinus)

775 3534 857 3591 30
901 3533 1010 3589 neli
1052 3532 1208 3588 Leicl.
1471 3533 1547 3588 31
1597 3549 1751 3587 moro
1798 3541 1933 3604 post
1991 3530 2049 3587 fit
2094 3533 2274 3588 inseri
2327 3535 2455 3589 uult
2500 3533 2900 3589 Buechelerus

600 3626 803 3691 postea
846 3620 1125 3675 librorum
1170 3624 1335 3673 textu
1381 3624 1616 3673 seruato
1789 3617 2019 3690 quisque
2050 3634 2156 3671 om.
2189 3617 2345 3673 Leid.
2520 3618 2704 3672 moriri
2749 3634 2898 3672 suam

608 3705 690 3758 uir
734 3704 963 3775 quisque
1026 3711 1085 3758 ut
1142 3717 1365 3757 uxorem
1413 3701 1545 3757 uelit
1589 3705 1803 3772 scripsi
1857 3702 2041 3756 moriri
2087 3718 2235 3756 suam
2295 3704 2527 3775 quisque
2573 3718 2793 3757 uxorem
2845 3709 2901 3756 ut

608 3788 740 3843 110111
781 3789 916 3844 libri
957 3804 1107 3842 suam
1151 3786 1338 3843 moriri
1384 3787 1615 3859 quisquc
1662 3794 1722 3841 ιιι
1770 3802 1987 3841 uxorem
2034 3785 2163 3840 uelit
2202 3794 2335 3856 post
2366 3786 2625 3861 Guieium
2658 3786 2903 3842 Bothius

777 3871 854 3928 32
901 3888 1120 3944 possem
1187 3870 1380 3927 Urbin.
1431 3871 1550 3928 307
1810 3870 1888 3927 33
1939 3887 2038 3925 uus
2093 3870 2248 3926 Leid.
2285 3888 2348 3942 p.
2398 3872 2475 3927 39
2535 3878 2715 3926 manet
2767 3873 2904 3926 libri

600 3974 664 4028 p.
698 3955 844 4027 292,
890 3957 961 4012 W
989 3955 1132 4012 Par.
1163 3956 1218 4009 P
1236 3973 1301 4026 p.
1340 3954 1420 4012 39
1581 3954 1834 4011 liminabo
1866 3955 2020 4012 Leia.
2055 3974 2124 4009 m.
2162 3958 2263 4011 all.
2288 3973 2354 4026 p.
2385 3955 2464 4012 39
2641 3953 2721 4011 34
2752 3949 2903 4027 1111ηεῖ

608 4043 811 4097 Bamb.
860 4040 1130 4114 quodnam
1163 4039 1314 4096 Colb.
1489 4040 1567 4096 35
1614 4049 1810 4096 euenat
1840 4042 2054 4111 scripsi
2081 4042 2338 4113 idemque
2366 4043 2630 4097 senarios
2660 4041 2904 4096 distinxi

607 4127 822 4182 eueniat
864 4125 999 4181 libri
1167 4123 1247 4180 36
1295 4122 1386 4179 flat
1415 4127 1627 4196 scripsi
1653 4124 1725 4179 sit
1763 4127 1903 4181 libri
2027 4125 2099 4179 ita
2143 4126 2238 4181 sit:
2285 4133 2340 4180 01
2385 4126 2510 4180 item
2558 4123 2677 4194 (uel
2721 4123 2900 4194 etiam)

609 4211 704 4267 tibi
763 4213 890 4267 olim
938 4212 1289 4267 coniciebam
1474 4209 1718 4265 homin'as
1780 4211 1849 4264 W
2027 4203 2269 4264 'Eueniat
2324 4208 2477 4267 bene.
2538 4202 2572 4275 ff
2615 4208 2685 4264 ila
2730 4209 2801 4264 sit
2846 4216 2900 4263 et

612 4294 703 4351 tibi
752 4312 801 4350 e.
847 4316 900 4369 q.
950 4311 995 4350 s.
1045 4293 1323 4351 Munlcius
