3400 5075
1274 352 1546 403 sexrvs
1583 351 1979 403 rvummvs
2645 350 2763 414 105

1468 508 1598 573 VII
1645 504 1746 593 (5)

649 624 891 688 Tamen
940 624 1141 688 dculis
1188 625 1385 707 longa
1431 622 1906 705 intercapedine
1945 622 2258 706 aeidpetunt
2303 623 2529 707 cupide
2578 622 2762 687 intui.

1464 737 1627 802 VIII
1675 734 1778 822 (4)

477 855 603 918 160
1456 854 1693 939 quaeso
1743 852 1966 916 omitte
2014 874 2089 915 ac
2134 853 2352 918 desere
2399 854 2566 917 hanc

648 966 1080 1049 Meretricem,
1127 988 1289 1051 quae
1336 972 1400 1031 te
1448 968 1641 1031 semel
1688 971 1764 1030 ut
1809 971 2000 1030 nacta
2046 972 2169 1051 est,
2218 970 2468 1051 semper
2516 968 2763 1031 studuit

2170 1083 2432 1167 perdere

653 1196 967 1281 Detegere
1015 1198 1371 1281 despolizire
1420 1199 1805 1282 opplereque
1854 1198 2012 1262 aeideo
2059 1198 2233 1261 fama
2279 1219 2352 1260 ac
2399 1197 2655 1281 flagitis.

1492 1312 1587 1376 IX
1638 1310 1740 1399 (1)

649 1430 734 1490 Vt
778 1427 885 1491 ille
931 1427 1054 1492 hzic
1100 1449 1237 1490 sese
1285 1428 1662 1511 abstineret,
1710 1449 1830 1512 ego
1879 1426 2356 1511 supersederem
2402 1427 2664 1510 nuptiis.

1508 1541 1568 1606 X
1619 1539 1736 1627 (8)

654 1655 933 1740 Nuptias
981 1657 1208 1739 abieci,
1255 1656 1497 1720 amicos
1543 1661 1691 1720 utor
1737 1654 2038 1739 primoris
2085 1657 2276 1721 uiros.

1476 1770 1581 1857 XI⁴
1621 1769 1765 1856 (11)

484 1888 609 1951 165
656 1886 865 1961 Quare
913 1889 1050 1950 esse
1097 1885 1269 1949 dicat
1314 1882 1654 1970 quisquam
1683 1887 1865 1950 illum
1903 1887 2228 1951 hominem
2259 1892 2372 1952 aut
2417 1885 2765 1972 quidquam

1750 2003 1958 2065 facere
2003 2001 2394 2065 humanitus,

1483 2115 1609 2178 ΧΠ
1658 2114 1761 2203 (3)

656 2281 1200 2296 ......
1292 2251 1411 2315 age
1457 2234 1529 2293 tu
1575 2231 1999 2314 hymenaeum
2047 2230 2333 2316 increpa!

516 2452 523 2461 ι
614 2426 717 2475 V11
756 2424 964 2474 Nonius
1001 2426 1117 2483 470,
1152 2426 1217 2472 29
1255 2424 1454 2473 ‘intui
1494 2428 1549 2473 et
1587 2426 1776 2474 eontui
1814 2441 1911 2489 pro
1960 2426 2178 2480 intueri.
2248 2424 2531 2488 Turpilius
2567 2423 2766 2473 Pedio:

478 2496 688 2542 tameu’
730 2507 779 2543 e.
822 2508 869 2557 q.
910 2507 953 2542 s.
1092 2491 1223 2541 VIlI
1262 2491 1468 2542 Nonius
1504 2494 1621 2554 305,
1659 2495 1725 2543 33
1763 2493 1970 2543 ‘fama
2019 2498 2104 2543 est
2149 2508 2333 2543 rursus
2370 2491 2600 2542 infamia
2628 2511 2681 2542 e.
2714 2526 2727 2540 .
2756 2525 2768 2539 .

477 2560 758 2626 Turpilius
796 2561 991 2609 Pedio:
1030 2564 1259 2623 quaeso’
1302 2576 1349 2609 e.
1391 2574 1442 2623 q.
1481 2574 1522 2612 s.
1697 2561 1774 2610 IX
1812 2562 2022 2611 Nonius
2057 2564 2150 2621 40,
2190 2564 2218 2610 7
2270 2559 2769 2625 ‘supersedere‚

478 2644 727 2688 manere,
778 2642 1161 2692 perseuerare,
1211 2629 1371 2690 quasi
1418 2627 1474 2675 in
1510 2627 1800 2677 uoluntate
1850 2636 1906 2679 et
1941 2629 2173 2679 consilio
2221 2628 2419 2677 sidere.
2491 2626 2771 2691 Turpilius

482 2695 676 2745 Pedio:
724 2700 806 2744 ut’
846 2711 891 2744 e.
933 2710 981 2758 q.
1022 2709 1066 2742 s.
1205 2693 1462 2743 ‘Plautus
1510 2695 1765 2759 Epidico:
1815 2696 2113 2760 supersede
2161 2696 2283 2745 istis
2331 2695 2492 2744 rebus
2538 2697 2646 2743 iam
2674 2735 2685 2747 .
2714 2734 2726 2746 .
2755 2731 2767 2743 .

483 2763 721 2813 Sisenna
749 2801 762 2814 .
790 2805 801 2816 .
831 2799 840 2808 .
868 2761 1121 2826 proloqui
1159 2761 1621 2826 supersederunt.’
1693 2764 1855 2812 Vana
1879 2763 2077 2812 docere
2103 2763 2337 2812 Nonium
2367 2763 2571 2811 monuit
2597 2762 2771 2811 Grau·

478 2830 666 2879 toffius
703 2847 755 2895 p.
798 2831 858 2878 17
1021 2828 1066 2876 X
1103 2828 1313 2878 Nonius
1350 2831 1467 2891 497,
1507 2832 1570 2879 15
1607 2831 2080 2881 ‘accusatiuus
2126 2831 2341 2894 positus
2388 2846 2485 2895 pro
2523 2828 2769 2878 ablatiuo

479 2934 490 2945 .
522 2936 531 2945 .
562 2935 573 2945 .
599 2896 877 2961 Turpilius
923 2895 1182 2960 Epiclero
1210 2932 1221 2943 .
1252 2933 1263 2943 .
1292 2937 1303 2948 .
1340 2896 1479 2946 idem
1528 2897 1722 2947 Pedio:
1770 2899 2016 2962 nuptias’
2068 2913 2115 2946 e.
2154 2912 2204 2961 q.
2253 2913 2295 2948 s.
2432 2897 2509 2946 XI
2560 2896 2769 2946 Nonius

478 2968 596 3026 514,
622 2967 683 3014 15
720 2964 1163 3012 ‘humanitem’
1201 2965 1396 3024 (immo
1436 2963 1855 3024 humanitus,
1898 2972 1957 3015 ut
1982 2981 2100 3014 eum
2140 2965 2260 3016 edd.
2300 2970 2427 3015 ante
2466 2964 2769 3014 Mercerum

480 3029 844 3092 Grautosfins)
873 3030 1179 3094 ‘Turpilius
1206 3031 1403 3080 Pedio:
1445 3023 1630 3094 quare'
1660 3048 1707 3081 e.
1737 3049 1786 3095 q.
1812 3048 1861 3085 s,
1929 3033 2181 3083 ‘Cassius
2206 3033 2443 3083 Hemina
2470 3069 2481 3081 .
2505 3069 2515 3080 .
2542 3069 2555 3081 .
2581 3031 2766 3080 burna-

481 3099 648 3148 nitus’
688 3097 1072 3160 (‘humanit’
1112 3098 1325 3160 Barim.)
1365 3103 1646 3162 ‘aguntum
1714 3100 1980 3149 Afranius
2008 3142 2018 3152 .
2050 3138 2062 3150 .
2099 3137 2110 3149 .
2150 3101 2293 3149 ferre
2319 3099 2556 3148 humana
2581 3098 2770 3147 huma·

480 3163 664 3217 nitus)
737 3165 1013 3223 (Poedio
1050 3166 1265 3227 Bamb.)
1437 3166 1542 3215 XII
1578 3165 1790 3216 Nonius
1828 3170 1951 3229 255,
1990 3171 2056 3218 23
2102 3172 2412 3231 ‘crepare
2452 3167 2649 3216 iterum
2690 3167 2765 3213 in·

481 3240 726 3281 cantare.
798 3232 1077 3296 Turpilius
1116 3233 1311 3283 Pedio:
1354 3237 1479 3297 age?
1521 3249 1567 3281 e.
1608 3250 1657 3299 q.
1697 3249 1739 3283 s.
1813 3233 2102 3299 (praelio
2139 3234 2331 3284 Urbin.
2372 3234 2491 3296 308)

481 3410 694 3482 quidem
730 3411 1060 3466 Gulielmius
1108 3411 1287 3466 Veris.
1321 3409 1389 3464 ΙΙ
1433 3409 1511 3467 23
1685 3410 1872 3466 lenibit
1920 3412 2260 3467 Gebhardus
2436 3410 2551 3466 159
2600 3410 2770 3465 oculis

476 3497 629 3564 libri,
676 3513 845 3566 quam
878 3497 1214 3550 nominaliui
1236 3497 1489 3565 pluralis
1513 3495 1765 3566 formum
1798 3493 1948 3569 (uide
1980 3497 2285 3551 Rilsclzelii
2312 3512 2555 3550 monum.
2589 3498 2769 3567 epigr.

482 3584 593 3634 triu
624 3596 683 3649 p.
722 3578 800 3634 18
832 3595 916 3650 sq.
952 3596 1084 3634 nou.
1119 3594 1355 3634 excurs.
1390 3580 1582 3635 Plaul.
1624 3579 1741 3635 113
1774 3578 1920 3652 sqq.)
1951 3582 2109 3636 nolui
2144 3580 2478 3636 oblitterare
2509 3572 2802 3650 quamuis'

480 3670 658 3719 metro
688 3681 800 3720 non
843 3666 1199 3734 stafilanum,
1247 3670 1300 3717 e!
1327 3662 1588 3732 fortasse
1633 3663 1774 3719 oculi
1806 3679 1870 3719 ex
1902 3665 2320 3737 corriyendum.
2384 3663 2525 3718 oculi
2560 3664 2768 3718 Guliel-

481 3751 624 3803 mius
672 3748 847 3802 Veris.
881 3745 955 3803 ΙΙ
994 3747 1071 3802 23
1250 3747 1370 3804 160
1415 3764 1476 3801 ac
1519 3747 1711 3803 desere
1753 3748 1944 3803 Urbin.
1979 3747 2129 3815 308,
2179 3749 2474 3804 Acidalius
2506 3751 2562 3802 in
2603 3747 2767 3801 Truc.

480 3848 530 3886 c.
558 3831 593 3887 9
628 3832 724 3886 hac
753 3830 987 3886 deserite
1016 3832 1151 3887 libri
1284 3832 1394 3886 161
1449 3841 1500 3885 te
1531 3830 1695 3887 semel
1730 3839 1792 3885 ut
1821 3840 1970 3887 nacta
2002 3840 2087 3887 est
2107 3832 2345 3888 Belkius
2375 3841 2428 3887 te
2463 3829 2538 3902 (et
2563 3831 2770 3893 Basil.)

478 3916 642 3970 semel
704 3915 875 3969 inacta
922 3914 1097 3986 (nacta
1144 3913 1340 3987 Harl.)
1399 3922 1483 3970 est
1526 3917 1663 3971 libri
1714 3913 1888 3971 semel
1940 3924 1992 3971 te
2049 3925 2198 3970 nacta
2258 3918 2557 3971 Acidalius
2611 3912 2767 3968 simul

485 3995 695 4070 (semol)
746 4007 803 4053 ut
849 4007 1059 4056 nactast
1102 4000 1165 4055 L.
1216 3998 1469 4056 Mueller
1513 4002 1734 4055 annall.
1780 4001 1999 4070 philoll.
2041 3999 2197 4056 1868
2240 4018 2299 4071 p.
2349 3999 2472 4055 429
2651 3998 2768 4054 162

479 4082 727 4138 deterere
766 4083 1003 4139 Bolhius
1174 4083 1469 4156 oplerequc
1511 4086 1647 4139 libri
1817 4082 2018 4157 flagitis
2053 4085 2316 4153 Bothum,
2364 4085 2772 4139 Lachmannus

478 4171 533 4221 in
580 4168 752 4222 Lucr.
806 4167 926 4223 279
974 4168 1190 4241 flagitiis
1234 4170 1369 4223 libri
1540 4168 1708 4222 famae
1754 4183 1813 4222 ac
1859 4167 2028 4240 flagiti
2065 4167 2495 4224 CFWMueller
2533 4169 2768 4238 prosod.

478 4252 668 4306 Plaul.
715 4251 836 4308 464
1100 4251 1215 4308 164
1265 4245 1544 4325 primoris]
1595 4252 1675 4321 cf.
1725 4252 2134 4307 Lachmannus
2190 4256 2246 4308 in
2291 4254 2466 4307 Lucr.
2515 4251 2592 4306 57

485 4335 602 4390 165
662 4336 967 4390 humanitus
1033 4337 1228 4391 Bamb.
1287 4335 1443 4390 Leid.
1497 4334 1636 4405 116,
1693 4337 1818 4392 edd.
1878 4344 2014 4392 unte
2070 4337 2400 4393 Met-cerum
2467 4336 2770 4392 humaniter
