3400 5075
1464 334 1820 397 ADDENDA
2606 335 2804 393 CXXV

493 500 877 566 memoriam
908 499 1264 583 respexerit
1293 500 1394 564 vix
1425 490 1651 565 contra
1689 499 1876 583 dicet,
1908 500 2062 583 quin
2090 499 2259 564 hunc
2291 501 2522 564 saltem
2560 501 2798 565 rectius

495 608 831 673 ediderim:
885 607 1037 671 hinc
1099 609 1316 670 autem
1371 607 1438 670 in
1486 606 1716 672 ceteris
1765 606 2182 670 emendandis
2232 607 2612 672 ordiendum
2659 629 2799 671 esse

493 715 740 798 putavi.

678 820 804 885 179
855 841 992 905 sqq.
1074 818 1348 884 Ordines
1409 820 1861 903 anapaesticos
1920 821 2058 885 sine
2114 821 2249 885 ulla
2304 844 2499 887 causa
2558 822 2651 886 sic
2707 821 2799 886 di-

496 927 701 992 scindi
749 927 932 992 iubet
977 925 1297 1011 Bergkius
1344 924 1579 990 Philol.
1623 924 1908 991 XXXIII
1955 929 2112 994 287:

922 1052 1114 1136 itera,
1159 1050 1230 1114 in
1275 1049 1510 1135 quibus
1549 1051 1847 1134 partibus
1892 1049 2202 1139 (namque

925 1154 1146 1221 audire
1192 1155 1373 1241 volu,

925 1263 979 1327 si
1027 1266 1155 1347 est,
1202 1284 1393 1348 quem
1440 1230 1736 1349 exopto,)
1784 1266 1850 1327 et
1896 1287 2021 1349 quo
2060 1269 2290 1351 captus
2338 1268 2532 1333 modo

922 1314 1296 1472 Fortunane
1346 1392 1428 1433 an
1474 1370 1644 1434 forte
1691 1374 2004 1455 repertus,

682 1497 806 1563 181
855 1496 1092 1561 modost
1133 1494 1478 1581 proposuit
1521 1492 1642 1558 Ed.
1687 1492 1936 1559 Becker
1983 1497 2149 1562 stud.
2196 1498 2226 1562 I
2277 1498 2421 1563 140.

687 1604 808 1667 191
883 1601 966 1666 ah
1045 1603 1180 1666 m‘de
1261 1606 1328 1665 tu
1406 1602 1560 1682 quid
1637 1622 1791 1685 ayas
1867 1602 2038 1667 idem
2112 1626 2173 1687 p.
2246 1605 2374 1669 228
2451 1605 2800 1670 secundum

505 1709 890 1793 Vsenerum,
945 1707 1131 1772 valde
1188 1706 1514 1771 audacter.
1605 1709 1733 1772 tam
1777 1709 2000 1788 subito,
2044 1709 2146 1795 ha,
2192 1712 2346 1792 quid
2386 1712 2565 1794 agis?
2619 1710 2799 1776 Mad-

504 1815 718 1901 vigius
764 1814 1035 1879 AdverS.
1080 1812 1146 1877 H
1193 1814 1319 1877 667
1369 1812 1562 1877 nimis
1610 1817 1872 1878 temere.

485 1909 495 1917 ’
687 1921 814 1986 194
867 1921 1170 2002 beneficiis
1223 1925 1477 2001 yratum
1529 1920 1961 1987 hostimentum
2013 1926 2450 2007 repperistc's
2512 1930 2569 1988 et
2614 1947 2802 2008 yrare

505 2028 822 2113 Bergkius
869 2028 912 2092 l.
955 2026 999 2091 1.
1044 2026 1208 2090 26οε
1255 2029 1324 2089 at
1366 2012 1557 2090 initio
1605 2027 1930 2108 benefacte's
1974 2033 2172 2113 poeta
2217 2032 2561 2114 posuisset.

690 2134 813 2198 196
870 2137 1074 2215 erepta
1126 2153 1304 2196 socru
1358 2132 1527 2196 idem
1582 2156 1642 2216 p.
1698 2135 1827 2199 299
1888 2139 1953 2200 et
2011 2141 2275 2202 accentu
2334 2138 2678 2203 durissimo
2736 2143 2801 2202 et

509 2243 835 2305 structura
880 2238 1298 2304 intolerabili.

682 2366 813 2429 214
862 2364 1237 2430 Ciceronem
1284 2385 1400 2446 pro
1429 2362 1693 2429 Plancio
1724 2367 1837 2450 24,
1875 2367 1959 2432 59
2007 2368 2166 2433 haec
2195 2367 2559 2453 reliquisse:
2604 2372 2800 2435 nosti-s

505 2477 698 2536 cetera
708 2474 754 2548 ;'
784 2492 940 2553 quae
992 2471 1240 2553 som'psit
1284 2519 1297 2533 .
1329 2519 1342 2533 .
1373 2520 1387 2534 .
1422 2476 1631 2553 poeta,
1685 2493 1813 2536 uon
1864 2478 1937 2537 ut
1980 2495 2035 2539 e.
2079 2498 2138 2559 q.
2186 2497 2235 2539 S.
2291 2474 2567 2540 coniecit
2620 2475 2797 2541 Mad-

505 2579 717 2664 vigius
773 2578 1044 2644 AdverS.
1096 2577 1162 2641 II
1217 2579 1374 2661 231,
1444 2577 1728 2642 iudicum
1784 2580 2361 2665 interrogationem
2426 2583 2669 2648 norme?
2734 2589 2801 2648 et

506 2689 815 2769 quattuor
862 2685 1161 2768 deinceps
1208 2688 1441 2766 poetae
1491 2685 1687 2747 verba
1715 2685 1783 2748 in
1811 2687 2105 2770 margine
2137 2687 2376 2752 codicis
2408 2712 2447 2752 a
2475 2710 2797 2774 gramma-

507 2793 635 2857 tico
686 2793 996 2858 adnotata
1044 2813 1202 2854 esse.

687 2899 817 2963 255
863 2901 1042 2965 viden
1086 2903 1156 2962 ut
1190 2897 1509 2982 Bergkius
1557 2897 1789 2962 Philol.
1836 2898 2115 2966 XXXIII
2163 2903 2320 2988 253,
2363 2902 2736 2968 violentius.

682 3006 813 3070 262
861 3029 955 3091 sq.
1002 3004 1126 3080 Qui
1171 3026 1379 3087 nuper
1425 3005 1726 3069 senarios
1764 3006 1977 3072 effecit
2018 3007 2167 3072 hos:

638 3151 844 3214 neque
890 3128 1233 3214 quisquam
1281 3151 1320 3192 3
1364 3127 1513 3192 telis
1562 3129 1827 3215 vacuus,
1876 3132 1987 3196 sed
2032 3132 2130 3196 uti
2178 3153 2339 3216 quae
2386 3132 2647 3197 obviam

640 3236 920 3321 fuerant,
965 3236 1207 3299 ferrum
1256 3234 1465 3318 alieis,
1513 3234 1696 3298 alieis
1745 3238 1921 3301 saxei
1965 3237 2161 3301 nidus
2209 3241 2311 3303 est

507 3362 678 3425 certe
723 3360 1006 3445 plurales
1059 3362 1313 3442 fumant
1366 3363 1431 3423 et
1476 3360 1653 3457 alieis
1699 3365 1926 3425 contra
1971 3362 2286 3426 librorum
2342 3360 2795 3427 auctoritatem

359 3489 368 3494 ·
505 3490 818 3551 perquam
865 3468 1080 3550 inepte
1127 3467 1382 3532 videtur
1426 3465 1743 3531 intulisse.

687 3575 816 3637 272
863 3574 941 3638 cf.
976 3572 1374 3638 Philemonis
1421 3572 1498 3635 fr.
1550 3573 1694 3637 189.

687 3680 815 3744 293
834 3679 1268 3744 Verissimum
1297 3701 1436 3744 esse
1465 3678 1636 3763 quod
1664 3683 1946 3745 testatur
1965 3677 2216 3744 Nonius
2243 3680 2371 3744 ullo
2400 3679 2797 3745 demonstra-

506 3788 604 3851 vit
649 3785 1079 3851 Buechelerus
1117 3808 1281 3850 mus.
1309 3784 1512 3849 Rhen.
1539 3784 1791 3851 XXVII
1836 3787 1967 3851 476
2007 3809 2123 3869 sq.:
2172 3787 2251 3850 cf.
2281 3785 2540 3871 Sophus
2569 3785 2797 3872 Bugge

511 3894 770 3958 annall.-
789 3892 1039 3978 philoll.
1092 3893 1260 3956 1872
1306 3914 1368 3976 p.
1420 3894 1564 3957 108.

684 4016 874 4082 Novo
922 4038 1284 4081 sermonem
1320 4017 1641 4102 tragicum
1678 4018 1877 4083 verbo
1906 4038 2095 4101 camo,
2142 4016 2313 4101 quod
2348 4013 2618 4102 κάμπτω
2657 4038 2796 4082 csse

508 4123 673 4210 vult,
725 4124 1152 4226 locupletavit
1197 4122 1306 4208 qui
1353 4146 1499 4188 vere
1547 4122 1815 4208 dignum
1861 4124 2177 4190 cothurno
2225 4123 2620 4208 colloquium
2666 4124 2797 4188 tale

504 4253 713 4315 nuper
754 4230 955 4298 Accio
1000 4255 1059 4295 V.
1104 4231 1233 4295 302
1280 4229 1581 4295 reddidit:

597 4337 752 4424 quid
781 4338 960 4403 cesso
988 4337 1081 4402 ire
1112 4337 1193 4402 ad
1220 4337 1408 4405 eam?
1438 4336 1591 4409 [sem
1618 4338 1966 4424 praestost.
1993 4339 2026 4418 [Γ
2045 4360 2229 4403 camo
2258 4336 2497 4403 collum
2515 4357 2800 4425 gravem.
