<?xml version="1.0" encoding="UTF-8"?>
<!DOCTYPE html PUBLIC "-//W3C//DTD XHTML 1.0 Transitional//EN"
    "http://www.w3.org/TR/xhtml1/DTD/xhtml1-transitional.dtd">
<html xmlns="http://www.w3.org/1999/xhtml" xml:lang="en" lang="en">
 <head>
  <title>
</title>
<meta http-equiv="Content-Type" content="text/html;charset=utf-8" />
  <meta name='ocr-system' content='tesseract 3.04.00' />
  <meta name='ocr-capabilities' content='ocr_page ocr_carea ocr_par ocr_line ocrx_word'/>
</head>
<body>
  <div class='ocr_page' id='page_1' title='image "./comicorumromano00teregoog_0428.png"; bbox 0 0 3400 5075; ppageno 0'>
   <div class='ocr_carea' id='block_1_1' title="bbox 645 355 2154 423">
    <p class='ocr_par' dir='ltr' id='par_1_1' title="bbox 645 355 2154 423">
     <span class='ocr_line' id='line_1_1' title="bbox 645 355 2154 423; baseline -0.009 -2"><span class='ocrx_word' id='word_1_1' title='bbox 645 357 772 423; x_wconf 78' lang='grc'><strong>286</strong></span> <span class='ocrx_word' id='word_1_2' title='bbox 1427 356 1753 411; x_wconf 72' lang='grc' dir='ltr'><strong>ΒΕοιΜνε</strong></span> <span class='ocrx_word' id='word_1_3' title='bbox 1793 355 2154 411; x_wconf 77' lang='lat' dir='ltr'><strong>LABEmvs</strong></span> 
     </span>
    </p>
   </div>
   <div class='ocr_carea' id='block_1_2' title="bbox 1653 514 1937 718">
    <p class='ocr_par' dir='ltr' id='par_1_2' title="bbox 1653 514 1937 718">
     <span class='ocr_line' id='line_1_2' title="bbox 1653 514 1937 580; baseline 0 0"><span class='ocrx_word' id='word_1_4' title='bbox 1653 514 1937 580; x_wconf 87' lang='lat' dir='ltr'><strong>FVLLO</strong></span> 
     </span>
     <span class='ocr_line' id='line_1_3' title="bbox 1710 629 1893 718; baseline 0.005 -1"><span class='ocrx_word' id='word_1_5' title='bbox 1710 631 1742 695; x_wconf 90' lang='grc' dir='ltr'>Ι</span> <span class='ocrx_word' id='word_1_6' title='bbox 1790 629 1893 718; x_wconf 79' lang='lat'><strong>(2)</strong></span> 
     </span>
    </p>
   </div>
   <div class='ocr_carea' id='block_1_3' title="bbox 829 743 2448 831">
    <p class='ocr_par' dir='ltr' id='par_1_3' title="bbox 829 743 2448 831">
     <span class='ocr_line' id='line_1_4' title="bbox 829 743 2448 831; baseline -0.001 -20"><span class='ocrx_word' id='word_1_7' title='bbox 829 798 842 812; x_wconf 91' lang='lat'><strong>.</strong></span> <span class='ocrx_word' id='word_1_8' title='bbox 920 748 1216 812; x_wconf 63' lang='lat' dir='ltr'><strong>meinum‘i</strong></span> <span class='ocrx_word' id='word_1_9' title='bbox 1309 799 1322 811; x_wconf 89' lang='lat'><strong>.</strong></span> <span class='ocrx_word' id='word_1_10' title='bbox 1415 799 1429 812; x_wconf 94' lang='lat'><strong>.</strong></span> <span class='ocrx_word' id='word_1_11' title='bbox 1511 789 1538 813; x_wconf 84' lang='lat'><strong>-.</strong></span> <span class='ocrx_word' id='word_1_12' title='bbox 1628 797 1640 811; x_wconf 91' lang='lat'><strong>.</strong></span> <span class='ocrx_word' id='word_1_13' title='bbox 1734 748 2047 831; x_wconf 74' lang='lat' dir='ltr'><strong>pudorem</strong></span> <span class='ocrx_word' id='word_1_14' title='bbox 2093 743 2448 830; x_wconf 68' lang='lat' dir='ltr'><strong>perdidsslzi.</strong></span> 
     </span>
    </p>
   </div>
   <div class='ocr_carea' id='block_1_4' title="bbox 1035 887 2947 1204">
    <p class='ocr_par' dir='ltr' id='par_1_4' title="bbox 1035 887 2947 1204">
     <span class='ocr_line' id='line_1_5' title="bbox 1692 889 1875 953; baseline 0.005 -1"><span class='ocrx_word' id='word_1_15' title='bbox 1692 889 1759 953; x_wconf 93' lang='lat' dir='ltr'><strong>II</strong></span> <span class='ocrx_word' id='word_1_16' title='bbox 1844 891 1875 953; x_wconf 97' lang='grc'>1</span> 
     </span>
     <span class='ocr_line' id='line_1_6' title="bbox 1035 887 2947 1089; baseline -0.003 -18"><span class='ocrx_word' id='word_1_17' title='bbox 1035 1056 1053 1071; x_wconf 93' lang='grc'><strong>.</strong></span> <span class='ocrx_word' id='word_1_18' title='bbox 1143 1010 1362 1072; x_wconf 76' lang='lat' dir='ltr'><strong>utrum</strong></span> <span class='ocrx_word' id='word_1_19' title='bbox 1405 1009 1478 1069; x_wconf 77' lang='lat' dir='ltr'><strong>tu</strong></span> <span class='ocrx_word' id='word_1_20' title='bbox 1524 1005 1696 1068; x_wconf 74' lang='lat' dir='ltr'><strong>hune</strong></span> <span class='ocrx_word' id='word_1_21' title='bbox 1745 887 1971 1089; x_wconf 71' lang='lat' dir='ltr'><strong>gr(ue)m</strong></span> <span class='ocrx_word' id='word_1_22' title='bbox 2016 1003 2420 1069; x_wconf 48' lang='lat' dir='ltr'><strong>Balearicum</strong></span> <span class='ocrx_word' id='word_1_23' title='bbox 2482 1025 2566 1066; x_wconf 84' lang='lat' dir='ltr'><strong>an</strong></span> <span class='ocrx_word' id='word_1_24' title='bbox 2620 1003 2947 1067; x_wconf 72' lang='lat' dir='ltr'><strong>hominem</strong></span> 
     </span>
     <span class='ocr_line' id='line_1_7' title="bbox 2243 1123 2436 1204; baseline -0.01 -20"><span class='ocrx_word' id='word_1_25' title='bbox 2243 1123 2436 1204; x_wconf 80' lang='lat' dir='ltr'><strong>putas</strong></span> 
     </span>
    </p>
   </div>
   <div class='ocr_carea' id='block_1_5' title="bbox 824 1206 1927 1381">
    <p class='ocr_par' dir='ltr' id='par_1_5' title="bbox 824 1206 1927 1381">
     <span class='ocr_line' id='line_1_8' title="bbox 824 1206 1051 1275; baseline 0.004 -1"><span class='ocrx_word' id='word_1_26' title='bbox 824 1206 1004 1274; x_wconf 85' lang='lat' dir='ltr'><strong>&#39;Esse</strong></span> <span class='ocrx_word' id='word_1_27' title='bbox 1017 1210 1051 1275; x_wconf 70' lang='grc' dir='ltr'>Ῥ</span> 
     </span>
     <span class='ocr_line' id='line_1_9' title="bbox 1661 1315 1927 1381; baseline 0.004 -1"><span class='ocrx_word' id='word_1_28' title='bbox 1661 1315 1927 1381; x_wconf 85' lang='lat' dir='ltr'><strong>GALLI</strong></span> 
     </span>
    </p>
   </div>
   <div class='ocr_carea' id='block_1_6' title="bbox 698 1430 2638 1620">
    <p class='ocr_par' dir='ltr' id='par_1_6' title="bbox 698 1430 2638 1620">
     <span class='ocr_line' id='line_1_10' title="bbox 1820 1430 2638 1516; baseline -0.001 -20"><span class='ocrx_word' id='word_1_29' title='bbox 1820 1433 1897 1496; x_wconf 91' lang='lat' dir='ltr'><strong>de</strong></span> <span class='ocrx_word' id='word_1_30' title='bbox 1945 1430 2201 1516; x_wconf 71' lang='lat' dir='ltr'><strong>integro</strong></span> <span class='ocrx_word' id='word_1_31' title='bbox 2247 1431 2638 1516; x_wconf 77' lang='lat' dir='ltr'><strong>patrimonio</strong></span> 
     </span>
     <span class='ocr_line' id='line_1_11' title="bbox 698 1546 2270 1620; baseline 0 -8"><span class='ocrx_word' id='word_1_32' title='bbox 698 1547 785 1612; x_wconf 86' lang='lat'><strong>50</strong></span> <span class='ocrx_word' id='word_1_33' title='bbox 829 1546 978 1611; x_wconf 74' lang='lat' dir='ltr'><strong>Meo</strong></span> <span class='ocrx_word' id='word_1_34' title='bbox 1023 1547 1335 1612; x_wconf 88' lang='lat' dir='ltr'><strong>memordi</strong></span> <span class='ocrx_word' id='word_1_35' title='bbox 1383 1551 1717 1620; x_wconf 73' lang='lat' dir='ltr'><strong>nummum</strong></span> <span class='ocrx_word' id='word_1_36' title='bbox 1765 1551 2025 1612; x_wconf 77' lang='lat' dir='ltr'><strong>centum</strong></span> <span class='ocrx_word' id='word_1_37' title='bbox 2070 1546 2270 1612; x_wconf 81' lang='lat' dir='ltr'><strong>mssia.</strong></span> 
     </span>
    </p>
   </div>
   <div class='ocr_carea' id='block_1_7' title="bbox 1603 1706 1994 1771">
    <p class='ocr_par' dir='ltr' id='par_1_7' title="bbox 1603 1706 1994 1771">
     <span class='ocr_line' id='line_1_12' title="bbox 1603 1706 1994 1771; baseline 0 -1"><span class='ocrx_word' id='word_1_38' title='bbox 1603 1706 1994 1771; x_wconf 85' lang='lat' dir='ltr'><strong>GEMELLI</strong></span> 
     </span>
    </p>
   </div>
   <div class='ocr_carea' id='block_1_8' title="bbox 825 1821 2723 1915">
    <p class='ocr_par' dir='ltr' id='par_1_8' title="bbox 825 1821 2723 1915">
     <span class='ocr_line' id='line_1_13' title="bbox 825 1821 2723 1915; baseline 0 -29"><span class='ocrx_word' id='word_1_39' title='bbox 825 1821 890 1886; x_wconf 88' lang='grc' dir='ltr'><strong>Ν</strong></span> <span class='ocrx_word' id='word_1_40' title='bbox 893 1825 979 1887; x_wconf 84' lang='lat' dir='ltr'><strong>6n</strong></span> <span class='ocrx_word' id='word_1_41' title='bbox 1023 1822 1249 1907; x_wconf 73' lang='lat' dir='ltr'><strong>putaui</strong></span> <span class='ocrx_word' id='word_1_42' title='bbox 1297 1823 1419 1888; x_wconf 87' lang='lat' dir='ltr'><strong>hoc</strong></span> <span class='ocrx_word' id='word_1_43' title='bbox 1468 1825 1609 1915; x_wconf 72' lang='lat' dir='ltr'><strong>eaim</strong></span> <span class='ocrx_word' id='word_1_44' title='bbox 1654 1824 1977 1888; x_wconf 78' lang='lat' dir='ltr'><strong>facturum</strong></span> <span class='ocrx_word' id='word_1_45' title='bbox 2068 1872 2723 1888; x_wconf 91' lang='grc'><strong>.......</strong></span> 
     </span>
    </p>
   </div>
   <div class='ocr_carea' id='block_1_9' title="bbox 649 2043 2947 2573">
    <p class='ocr_par' dir='ltr' id='par_1_9' title="bbox 649 2043 2944 2380">
     <span class='ocr_line' id='line_1_14' title="bbox 784 2043 2944 2106; baseline 0 -12"><span class='ocrx_word' id='word_1_46' title='bbox 784 2045 979 2095; x_wconf 70' lang='grc' dir='ltr'>Ρνιιο</span> <span class='ocrx_word' id='word_1_47' title='bbox 1086 2047 1108 2097; x_wconf 94' lang='lat'>1</span> <span class='ocrx_word' id='word_1_48' title='bbox 1151 2045 1363 2096; x_wconf 79' lang='lat' dir='ltr'>Gellius</span> <span class='ocrx_word' id='word_1_49' title='bbox 1399 2045 1529 2095; x_wconf 88' lang='lat' dir='ltr'><strong>XVI</strong></span> <span class='ocrx_word' id='word_1_50' title='bbox 1575 2048 1630 2106; x_wconf 80' lang='lat'><strong>7,</strong></span> <span class='ocrx_word' id='word_1_51' title='bbox 1678 2049 1709 2096; x_wconf 83' lang='lat'>3</span> <span class='ocrx_word' id='word_1_52' title='bbox 1755 2045 2051 2095; x_wconf 76' lang='lat' dir='ltr'><strong>‘Laberius</strong></span> <span class='ocrx_word' id='word_1_53' title='bbox 2089 2082 2137 2096; x_wconf 91' lang='lat'><strong>..</strong></span> <span class='ocrx_word' id='word_1_54' title='bbox 2168 2082 2178 2093; x_wconf 90' lang='lat'><strong>.</strong></span> <span class='ocrx_word' id='word_1_55' title='bbox 2214 2045 2345 2093; x_wconf 76' lang='lat' dir='ltr'><strong>item</strong></span> <span class='ocrx_word' id='word_1_56' title='bbox 2392 2045 2449 2092; x_wconf 86' lang='lat' dir='ltr'><strong>in</strong></span> <span class='ocrx_word' id='word_1_57' title='bbox 2488 2043 2723 2094; x_wconf 83' lang='lat' dir='ltr'><strong>Pullone</strong></span> <span class='ocrx_word' id='word_1_58' title='bbox 2773 2043 2944 2094; x_wconf 87' lang='lat' dir='ltr'><strong>furem</strong></span> 
     </span>
     <span class='ocr_line' id='line_1_15' title="bbox 649 2111 2943 2179; baseline 0 -18"><span class='ocrx_word' id='word_1_59' title='bbox 649 2115 1064 2162; x_wconf 78' lang='lat' dir='ltr'><strong>manuarium</strong></span> <span class='ocrx_word' id='word_1_60' title='bbox 1129 2114 1392 2179; x_wconf 75' lang='lat' dir='ltr'><strong>appellat.</strong></span> <span class='ocrx_word' id='word_1_61' title='bbox 1486 2115 1823 2174; x_wconf 79' lang='lat' dir='ltr'><strong>Manuari‚</strong></span> <span class='ocrx_word' id='word_1_62' title='bbox 1888 2114 2094 2178; x_wconf 80' lang='lat' dir='ltr'><strong>inquit,</strong></span> <span class='ocrx_word' id='word_1_63' title='bbox 2165 2112 2482 2176; x_wconf 86' lang='lat' dir='ltr'><strong>pudorem</strong></span> <span class='ocrx_word' id='word_1_64' title='bbox 2550 2111 2943 2177; x_wconf 82' lang='lat' dir='ltr'><strong>perdidisti,</strong></span> 
     </span>
     <span class='ocr_line' id='line_1_16' title="bbox 653 2180 2944 2244; baseline 0 -16"><span class='ocrx_word' id='word_1_65' title='bbox 653 2180 937 2243; x_wconf 79' lang='lat' dir='ltr'><strong>multaque</strong></span> <span class='ocrx_word' id='word_1_66' title='bbox 984 2181 1099 2231; x_wconf 78' lang='lat' dir='ltr'><strong>alia</strong></span> <span class='ocrx_word' id='word_1_67' title='bbox 1135 2181 1361 2231; x_wconf 84' lang='lat' dir='ltr'><strong>huiusce</strong></span> <span class='ocrx_word' id='word_1_68' title='bbox 1400 2182 1544 2230; x_wconf 88' lang='lat' dir='ltr'><strong>modi</strong></span> <span class='ocrx_word' id='word_1_69' title='bbox 1591 2185 1805 2231; x_wconf 81' lang='lat' dir='ltr'><strong>nouat.’</strong></span> <span class='ocrx_word' id='word_1_70' title='bbox 2011 2180 2063 2229; x_wconf 91' lang='lat'><strong>11</strong></span> <span class='ocrx_word' id='word_1_71' title='bbox 2102 2181 2310 2230; x_wconf 84' lang='lat' dir='ltr'><strong>Nonius</strong></span> <span class='ocrx_word' id='word_1_72' title='bbox 2346 2181 2460 2238; x_wconf 73' lang='lat'>⁶208,</span> <span class='ocrx_word' id='word_1_73' title='bbox 2501 2183 2563 2228; x_wconf 87' lang='lat'><strong>19</strong></span> <span class='ocrx_word' id='word_1_74' title='bbox 2600 2184 2824 2244; x_wconf 76' lang='lat' dir='ltr'><strong>‘grues</strong></span> <span class='ocrx_word' id='word_1_75' title='bbox 2850 2216 2862 2228; x_wconf 90' lang='lat'><strong>.</strong></span> <span class='ocrx_word' id='word_1_76' title='bbox 2892 2219 2904 2230; x_wconf 94' lang='lat'><strong>.</strong></span> <span class='ocrx_word' id='word_1_77' title='bbox 2931 2215 2944 2229; x_wconf 91' lang='lat'><strong>.</strong></span> 
     </span>
     <span class='ocr_line' id='line_1_17' title="bbox 652 2245 2943 2312; baseline -0 -16"><span class='ocrx_word' id='word_1_78' title='bbox 652 2249 958 2298; x_wconf 76' lang='lat' dir='ltr'><strong>masculino</strong></span> <span class='ocrx_word' id='word_1_79' title='bbox 985 2249 1257 2299; x_wconf 75' lang='lat' dir='ltr'><strong>Laberius</strong></span> <span class='ocrx_word' id='word_1_80' title='bbox 1296 2251 1352 2298; x_wconf 84' lang='lat' dir='ltr'><strong>iu</strong></span> <span class='ocrx_word' id='word_1_81' title='bbox 1387 2248 1806 2299; x_wconf 81' lang='lat' dir='ltr'><strong>Fullonicis:</strong></span> <span class='ocrx_word' id='word_1_82' title='bbox 1846 2248 2045 2297; x_wconf 86' lang='lat' dir='ltr'><strong>uirum’</strong></span> <span class='ocrx_word' id='word_1_83' title='bbox 2083 2263 2129 2298; x_wconf 88' lang='lat' dir='ltr'><strong>e.</strong></span> <span class='ocrx_word' id='word_1_84' title='bbox 2156 2262 2207 2311; x_wconf 88' lang='lat' dir='ltr'><strong>q.</strong></span> <span class='ocrx_word' id='word_1_85' title='bbox 2235 2262 2277 2298; x_wconf 75' lang='grc' dir='ltr'><strong>ε.</strong></span> <span class='ocrx_word' id='word_1_86' title='bbox 2350 2245 2692 2312; x_wconf 60' lang='lat' dir='ltr'><strong>(pilonico</strong></span> <span class='ocrx_word' id='word_1_87' title='bbox 2728 2247 2943 2300; x_wconf 85' lang='lat' dir='ltr'><strong>Iunius:</strong></span> 
     </span>
     <span class='ocr_line' id='line_1_18' title="bbox 658 2315 1344 2380; baseline 0.001 -15"><span class='ocrx_word' id='word_1_88' title='bbox 658 2315 731 2367; x_wconf 81' lang='lat' dir='ltr'><strong>cs.</strong></span> <span class='ocrx_word' id='word_1_89' title='bbox 769 2317 932 2366; x_wconf 78' lang='lat' dir='ltr'><strong>Nouii</strong></span> <span class='ocrx_word' id='word_1_90' title='bbox 969 2315 1344 2380; x_wconf 82' lang='lat' dir='ltr'><strong>Fullonicum)</strong></span> 
     </span>
    </p>

    <p class='ocr_par' dir='ltr' id='par_1_10' title="bbox 652 2400 2947 2534">
     <span class='ocr_line' id='line_1_19' title="bbox 786 2400 2947 2464; baseline -0.002 -13"><span class='ocrx_word' id='word_1_91' title='bbox 786 2401 963 2451; x_wconf 58' lang='lat' dir='ltr'><strong>Gaium</strong></span> <span class='ocrx_word' id='word_1_92' title='bbox 1038 2401 1251 2452; x_wconf 75' lang='lat' dir='ltr'><strong>Gellius</strong></span> <span class='ocrx_word' id='word_1_93' title='bbox 1294 2403 1366 2452; x_wconf 91' lang='lat' dir='ltr'><strong>VI</strong></span> <span class='ocrx_word' id='word_1_94' title='bbox 1402 2400 1555 2464; x_wconf 87' lang='lat' dir='ltr'>(vn)</span> <span class='ocrx_word' id='word_1_95' title='bbox 1591 2404 1649 2464; x_wconf 84' lang='lat'><strong>9,</strong></span> <span class='ocrx_word' id='word_1_96' title='bbox 1689 2406 1722 2452; x_wconf 83' lang='lat'><strong>3</strong></span> <span class='ocrx_word' id='word_1_97' title='bbox 1773 2401 1862 2463; x_wconf 71' lang='grc' dir='ltr'><strong>Ὦ.</strong></span> <span class='ocrx_word' id='word_1_98' title='bbox 1900 2401 2111 2451; x_wconf 79' lang='lat' dir='ltr'><strong>Ennius</strong></span> <span class='ocrx_word' id='word_1_99' title='bbox 2162 2403 2215 2451; x_wconf 88' lang='lat' dir='ltr'><strong>in</strong></span> <span class='ocrx_word' id='word_1_100' title='bbox 2263 2401 2467 2450; x_wconf 78' lang='lat' dir='ltr'><strong>saturis</strong></span> <span class='ocrx_word' id='word_1_101' title='bbox 2514 2400 2947 2450; x_wconf 69' lang='lat' dir='ltr'><strong>memorderi&#39;t</strong></span> 
     </span>
     <span class='ocr_line' id='line_1_20' title="bbox 652 2464 2945 2573; baseline -0.001 -55"><span class='ocrx_word' id='word_1_102' title='bbox 652 2469 792 2518; x_wconf 77' lang='lat' dir='ltr'><strong>dixit</strong></span> <span class='ocrx_word' id='word_1_103' title='bbox 824 2486 923 2534; x_wconf 87' lang='lat' dir='ltr'><strong>per</strong></span> <span class='ocrx_word' id='word_1_104' title='bbox 960 2486 989 2518; x_wconf 85' lang='lat' dir='ltr'><strong>e</strong></span> <span class='ocrx_word' id='word_1_105' title='bbox 1029 2470 1303 2533; x_wconf 76' lang='lat' dir='ltr'><strong>litteram,</strong></span> <span class='ocrx_word' id='word_1_106' title='bbox 1341 2485 1451 2573; x_wconf 65' lang='lat' dir='ltr'><strong>nlon</strong></span> <span class='ocrx_word' id='word_1_107' title='bbox 1488 2469 1839 2520; x_wconf 82' lang='lat' dir='ltr'><strong>momorderit</strong></span> <span class='ocrx_word' id='word_1_108' title='bbox 1865 2506 1878 2519; x_wconf 92' lang='lat'><strong>.</strong></span> <span class='ocrx_word' id='word_1_109' title='bbox 1907 2507 1920 2520; x_wconf 91' lang='lat'><strong>.</strong></span> <span class='ocrx_word' id='word_1_110' title='bbox 1950 2512 1961 2523; x_wconf 90' lang='lat'><strong>.</strong></span> <span class='ocrx_word' id='word_1_111' title='bbox 1998 2473 2130 2519; x_wconf 82' lang='lat' dir='ltr'><strong>item</strong></span> <span class='ocrx_word' id='word_1_112' title='bbox 2168 2468 2442 2518; x_wconf 81' lang='lat' dir='ltr'><strong>Laberius</strong></span> <span class='ocrx_word' id='word_1_113' title='bbox 2490 2470 2544 2520; x_wconf 88' lang='lat' dir='ltr'><strong>iu</strong></span> <span class='ocrx_word' id='word_1_114' title='bbox 2582 2464 2821 2517; x_wconf 76' lang='lat' dir='ltr'><strong>Gallie:</strong></span> <span class='ocrx_word' id='word_1_115' title='bbox 2869 2468 2945 2516; x_wconf 91' lang='lat' dir='ltr'><strong>de</strong></span> 
     </span>
    </p>
   </div>
   <div class='ocr_carea' id='block_1_10' title="bbox 650 2534 2945 2773">
    <p class='ocr_par' dir='ltr' id='par_1_11' title="bbox 650 2534 2945 2773">
     <span class='ocr_line' id='line_1_21' title="bbox 650 2534 2939 2637; baseline -0 -18"><span class='ocrx_word' id='word_1_116' title='bbox 650 2573 944 2634; x_wconf 81' lang='lat' dir='ltr'><strong>integro’</strong></span> <span class='ocrx_word' id='word_1_117' title='bbox 984 2587 1030 2619; x_wconf 90' lang='lat' dir='ltr'><strong>e.</strong></span> <span class='ocrx_word' id='word_1_118' title='bbox 1069 2586 1119 2634; x_wconf 90' lang='lat' dir='ltr'><strong>q.</strong></span> <span class='ocrx_word' id='word_1_119' title='bbox 1156 2586 1200 2621; x_wconf 77' lang='lat' dir='ltr'><strong>s.</strong></span> <span class='ocrx_word' id='word_1_120' title='bbox 1241 2534 1469 2637; x_wconf 81' lang='lat' dir='ltr'><strong>(galis;</strong></span> <span class='ocrx_word' id='word_1_121' title='bbox 1510 2572 1572 2621; x_wconf 90' lang='lat' dir='ltr'><strong>le</strong></span> <span class='ocrx_word' id='word_1_122' title='bbox 1611 2574 1877 2637; x_wconf 84' lang='lat' dir='ltr'><strong>integro</strong></span> <span class='ocrx_word' id='word_1_123' title='bbox 1915 2574 2066 2622; x_wconf 75' lang='lat' dir='ltr'><strong>Rott.</strong></span> <span class='ocrx_word' id='word_1_124' title='bbox 2173 2556 2408 2621; x_wconf 77' lang='lat' dir='ltr'><strong>Caldis</strong></span> <span class='ocrx_word' id='word_1_125' title='bbox 2444 2568 2675 2621; x_wconf 80' lang='lat' dir='ltr'><strong>Bothius</strong></span> <span class='ocrx_word' id='word_1_126' title='bbox 2710 2570 2765 2635; x_wconf 78' lang='lat'><strong>2)</strong></span> <span class='ocrx_word' id='word_1_127' title='bbox 2832 2570 2939 2618; x_wconf 87' lang='lat' dir='ltr'><strong>No·</strong></span> 
     </span>
     <span class='ocr_line' id='line_1_22' title="bbox 651 2638 2945 2719; baseline -0.001 -32"><span class='ocrx_word' id='word_1_128' title='bbox 651 2640 774 2687; x_wconf 82' lang='lat' dir='ltr'><strong>nius</strong></span> <span class='ocrx_word' id='word_1_129' title='bbox 813 2641 1028 2703; x_wconf 81' lang='lat' dir='ltr'><strong>p.14o</strong></span> <span class='ocrx_word' id='word_1_130' title='bbox 1074 2641 1141 2688; x_wconf 80' lang='lat'><strong>24</strong></span> <span class='ocrx_word' id='word_1_131' title='bbox 1188 2640 1529 2690; x_wconf 80' lang='lat' dir='ltr'><strong>‘memordi</strong></span> <span class='ocrx_word' id='word_1_132' title='bbox 1565 2645 1789 2705; x_wconf 82' lang='lat' dir='ltr'><strong>peposci</strong></span> <span class='ocrx_word' id='word_1_133' title='bbox 1826 2642 2029 2719; x_wconf 83' lang='lat' dir='ltr'><strong>pepugi</strong></span> <span class='ocrx_word' id='word_1_134' title='bbox 2075 2638 2347 2704; x_wconf 82' lang='lat' dir='ltr'><strong>spepondi</strong></span> <span class='ocrx_word' id='word_1_135' title='bbox 2385 2640 2441 2687; x_wconf 88' lang='lat' dir='ltr'><strong>in</strong></span> <span class='ocrx_word' id='word_1_136' title='bbox 2476 2639 2761 2689; x_wconf 77' lang='lat' dir='ltr'><strong>ueteribus</strong></span> <span class='ocrx_word' id='word_1_137' title='bbox 2797 2638 2945 2691; x_wconf 63' lang='lat' dir='ltr'><strong>lecta</strong></span> 
     </span>
     <span class='ocr_line' id='line_1_23' title="bbox 657 2702 2215 2773; baseline 0.001 -19"><span class='ocrx_word' id='word_1_138' title='bbox 657 2711 820 2755; x_wconf 79' lang='lat' dir='ltr'><strong>sunt.</strong></span> <span class='ocrx_word' id='word_1_139' title='bbox 892 2706 1205 2755; x_wconf 70' lang='lat' dir='ltr'><strong>,Laberius</strong></span> <span class='ocrx_word' id='word_1_140' title='bbox 1241 2708 1297 2756; x_wconf 89' lang='lat' dir='ltr'><strong>in</strong></span> <span class='ocrx_word' id='word_1_141' title='bbox 1334 2706 1580 2757; x_wconf 80' lang='lat' dir='ltr'><strong>Callis.</strong></span> <span class='ocrx_word' id='word_1_142' title='bbox 1618 2707 1685 2757; x_wconf 87' lang='lat' dir='ltr'><strong>de</strong></span> <span class='ocrx_word' id='word_1_143' title='bbox 1726 2702 1960 2773; x_wconf 73' lang='lat' dir='ltr'><strong>integro*</strong></span> <span class='ocrx_word' id='word_1_144' title='bbox 1998 2723 2046 2756; x_wconf 86' lang='lat' dir='ltr'><strong>e.</strong></span> <span class='ocrx_word' id='word_1_145' title='bbox 2088 2723 2136 2771; x_wconf 91' lang='lat' dir='ltr'><strong>q.</strong></span> <span class='ocrx_word' id='word_1_146' title='bbox 2173 2723 2215 2755; x_wconf 81' lang='lat' dir='ltr'><strong>s.</strong></span> 
     </span>
    </p>
   </div>
   <div class='ocr_carea' id='block_1_11' title="bbox 652 2789 2947 3129">
    <p class='ocr_par' dir='ltr' id='par_1_12' title="bbox 652 2789 2947 3129">
     <span class='ocr_line' id='line_1_24' title="bbox 786 2789 2946 2856; baseline 0 -18"><span class='ocrx_word' id='word_1_147' title='bbox 786 2789 1040 2838; x_wconf 60' lang='lat' dir='ltr'><strong>Genuum</strong></span> <span class='ocrx_word' id='word_1_148' title='bbox 1115 2790 1324 2841; x_wconf 84' lang='lat' dir='ltr'><strong>Gellius</strong></span> <span class='ocrx_word' id='word_1_149' title='bbox 1350 2793 1376 2842; x_wconf 91' lang='lat'>1</span> <span class='ocrx_word' id='word_1_150' title='bbox 1404 2794 1540 2850; x_wconf 79' lang='lat'>7,12</span> <span class='ocrx_word' id='word_1_151' title='bbox 1565 2792 1641 2856; x_wconf 88' lang='lat' dir='ltr'><strong>(in</strong></span> <span class='ocrx_word' id='word_1_152' title='bbox 1667 2793 1817 2843; x_wconf 81' lang='lat' dir='ltr'><strong>hisce</strong></span> <span class='ocrx_word' id='word_1_153' title='bbox 1845 2793 2030 2843; x_wconf 85' lang='lat' dir='ltr'><strong>uerbis</strong></span> <span class='ocrx_word' id='word_1_154' title='bbox 2057 2792 2342 2842; x_wconf 81' lang='lat' dir='ltr'><strong>Ciceronis</strong></span> <span class='ocrx_word' id='word_1_155' title='bbox 2370 2808 2436 2841; x_wconf 83' lang='lat' dir='ltr'><strong>ex</strong></span> <span class='ocrx_word' id='word_1_156' title='bbox 2464 2792 2715 2842; x_wconf 74' lang='lat' dir='ltr'><strong>oratione</strong></span> <span class='ocrx_word' id='word_1_157' title='bbox 2753 2791 2946 2853; x_wconf 80' lang='lat' dir='ltr'><strong>quinta</strong></span> 
     </span>
     <span class='ocr_line' id='line_1_25' title="bbox 657 2857 2946 2926; baseline -0.001 -18"><span class='ocrx_word' id='word_1_158' title='bbox 657 2859 712 2908; x_wconf 91' lang='lat' dir='ltr'><strong>in</strong></span> <span class='ocrx_word' id='word_1_159' title='bbox 759 2859 1010 2907; x_wconf 88' lang='lat' dir='ltr'><strong>Verrem.</strong></span> <span class='ocrx_word' id='word_1_160' title='bbox 1059 2858 1203 2908; x_wconf 83' lang='lat' dir='ltr'><strong>hanc</strong></span> <span class='ocrx_word' id='word_1_161' title='bbox 1247 2860 1355 2909; x_wconf 84' lang='lat' dir='ltr'><strong>sibi</strong></span> <span class='ocrx_word' id='word_1_162' title='bbox 1405 2876 1516 2910; x_wconf 87' lang='lat' dir='ltr'><strong>rem</strong></span> <span class='ocrx_word' id='word_1_163' title='bbox 1556 2861 1828 2926; x_wconf 83' lang='lat' dir='ltr'><strong>praesidio</strong></span> <span class='ocrx_word' id='word_1_164' title='bbox 1874 2865 2106 2926; x_wconf 78' lang='lat' dir='ltr'><strong>sperant</strong></span> <span class='ocrx_word' id='word_1_165' title='bbox 2153 2859 2421 2922; x_wconf 78' lang='lat' dir='ltr'><strong>futurum,</strong></span> <span class='ocrx_word' id='word_1_166' title='bbox 2467 2874 2645 2923; x_wconf 88' lang='lat' dir='ltr'><strong>neque</strong></span> <span class='ocrx_word' id='word_1_167' title='bbox 2693 2857 2946 2908; x_wconf 87' lang='lat' dir='ltr'><strong>mendum</strong></span> 
     </span>
     <span class='ocr_line' id='line_1_26' title="bbox 652 2924 2946 2992; baseline -0.001 -17"><span class='ocrx_word' id='word_1_168' title='bbox 652 2940 774 2976; x_wconf 75' lang='lat' dir='ltr'><strong>esse</strong></span> <span class='ocrx_word' id='word_1_169' title='bbox 819 2941 998 2991; x_wconf 86' lang='lat' dir='ltr'><strong>neque</strong></span> <span class='ocrx_word' id='word_1_170' title='bbox 1046 2924 1261 2991; x_wconf 85' lang='lat' dir='ltr'><strong>uitium)</strong></span> <span class='ocrx_word' id='word_1_171' title='bbox 1309 2929 1467 2977; x_wconf 80' lang='lat' dir='ltr'><strong>‘item</strong></span> <span class='ocrx_word' id='word_1_172' title='bbox 1508 2929 1781 2978; x_wconf 79' lang='lat' dir='ltr'><strong>Laberius</strong></span> <span class='ocrx_word' id='word_1_173' title='bbox 1825 2930 1880 2978; x_wconf 90' lang='lat' dir='ltr'><strong>in</strong></span> <span class='ocrx_word' id='word_1_174' title='bbox 1931 2928 2219 2979; x_wconf 74' lang='lat' dir='ltr'><strong>Gemellis:</strong></span> <span class='ocrx_word' id='word_1_175' title='bbox 2267 2942 2393 2977; x_wconf 88' lang='lat' dir='ltr'><strong>non</strong></span> <span class='ocrx_word' id='word_1_176' title='bbox 2441 2927 2704 2992; x_wconf 79' lang='lat' dir='ltr'><strong>putaui,</strong></span> <span class='ocrx_word' id='word_1_177' title='bbox 2751 2926 2946 2990; x_wconf 85' lang='lat' dir='ltr'><strong>inquit,</strong></span> 
     </span>
     <span class='ocr_line' id='line_1_27' title="bbox 653 2993 2946 3059; baseline -0 -17"><span class='ocrx_word' id='word_1_178' title='bbox 653 2994 771 3043; x_wconf 90' lang='lat' dir='ltr'><strong>hoc</strong></span> <span class='ocrx_word' id='word_1_179' title='bbox 809 3010 949 3043; x_wconf 80' lang='lat' dir='ltr'><strong>eam</strong></span> <span class='ocrx_word' id='word_1_180' title='bbox 989 2993 1027 3051; x_wconf 81' lang='lat' dir='ltr'><strong>s.</strong></span> <span class='ocrx_word' id='word_1_181' title='bbox 1164 2995 1285 3043; x_wconf 88' lang='lat' dir='ltr'><strong>Non</strong></span> <span class='ocrx_word' id='word_1_182' title='bbox 1324 3011 1453 3059; x_wconf 77' lang='lat' dir='ltr'><strong>erg-0</strong></span> <span class='ocrx_word' id='word_1_183' title='bbox 1490 2997 1587 3046; x_wconf 78' lang='lat' dir='ltr'><strong>ist-i</strong></span> <span class='ocrx_word' id='word_1_184' title='bbox 1622 3012 1810 3046; x_wconf 75' lang='lat' dir='ltr'><strong>omnes</strong></span> <span class='ocrx_word' id='word_1_185' title='bbox 1846 2996 2207 3046; x_wconf 72' lang='lat' dir='ltr'><strong>soloecismus</strong></span> <span class='ocrx_word' id='word_1_186' title='bbox 2253 2995 2382 3059; x_wconf 87' lang='lat' dir='ltr'><strong>quid</strong></span> <span class='ocrx_word' id='word_1_187' title='bbox 2421 3000 2569 3045; x_wconf 74' lang='lat' dir='ltr'><strong>esset</strong></span> <span class='ocrx_word' id='word_1_188' title='bbox 2604 2996 2946 3058; x_wconf 77' lang='lat' dir='ltr'><strong>ignorarunt,</strong></span> 
     </span>
     <span class='ocr_line' id='line_1_28' title="bbox 652 3060 2947 3129; baseline -0.002 -17"><span class='ocrx_word' id='word_1_189' title='bbox 652 3060 750 3112; x_wconf 85' lang='lat' dir='ltr'><strong>sed</strong></span> <span class='ocrx_word' id='word_1_190' title='bbox 787 3066 845 3112; x_wconf 85' lang='lat' dir='ltr'><strong>et</strong></span> <span class='ocrx_word' id='word_1_191' title='bbox 871 3060 1156 3112; x_wconf 82' lang='lat' dir='ltr'><strong>Gracchus</strong></span> <span class='ocrx_word' id='word_1_192' title='bbox 1192 3061 1461 3112; x_wconf 78' lang='lat' dir='ltr'><strong>dicturum</strong></span> <span class='ocrx_word' id='word_1_193' title='bbox 1488 3069 1544 3113; x_wconf 83' lang='lat' dir='ltr'><strong>et</strong></span> <span class='ocrx_word' id='word_1_194' title='bbox 1568 3064 1970 3129; x_wconf 74' lang='lat' dir='ltr'><strong>Quadrigarius</strong></span> <span class='ocrx_word' id='word_1_195' title='bbox 2006 3064 2251 3114; x_wconf 78' lang='lat' dir='ltr'><strong>futurum</strong></span> <span class='ocrx_word' id='word_1_196' title='bbox 2277 3070 2334 3113; x_wconf 85' lang='lat' dir='ltr'><strong>et</strong></span> <span class='ocrx_word' id='word_1_197' title='bbox 2374 3062 2647 3112; x_wconf 77' lang='lat' dir='ltr'><strong>sucturum</strong></span> <span class='ocrx_word' id='word_1_198' title='bbox 2673 3066 2729 3110; x_wconf 80' lang='lat' dir='ltr'><strong>et</strong></span> <span class='ocrx_word' id='word_1_199' title='bbox 2753 3061 2947 3111; x_wconf 71' lang='lat' dir='ltr'><strong>Antias</strong></span> 
     </span>
    </p>
   </div>
   <div class='ocr_carea' id='block_1_12' title="bbox 657 3128 2948 3247">
    <p class='ocr_par' dir='ltr' id='par_1_13' title="bbox 657 3128 2948 3247">
     <span class='ocr_line' id='line_1_29' title="bbox 661 3128 2948 3247; baseline -0.001 -68"><span class='ocrx_word' id='word_1_200' title='bbox 661 3144 1041 3247; x_wconf 55' lang='lat' dir='ltr'><strong>progeegurum</strong></span> <span class='ocrx_word' id='word_1_201' title='bbox 1079 3134 1148 3247; x_wconf 56' lang='grc' dir='ltr'><strong>ξι</strong></span> <span class='ocrx_word' id='word_1_202' title='bbox 1171 3129 1405 3179; x_wconf 75' lang='lat' dir='ltr'><strong>Plautus</strong></span> <span class='ocrx_word' id='word_1_203' title='bbox 1449 3133 1754 3181; x_wconf 79' lang='lat' dir='ltr'><strong>occisurum</strong></span> <span class='ocrx_word' id='word_1_204' title='bbox 1801 3137 1858 3182; x_wconf 84' lang='lat' dir='ltr'><strong>et</strong></span> <span class='ocrx_word' id='word_1_205' title='bbox 1896 3131 2237 3183; x_wconf 75' lang='lat' dir='ltr'><strong>Laberius</strong></span> <span class='ocrx_word' id='word_1_206' title='bbox 2283 3131 2615 3180; x_wconf 79' lang='lat' dir='ltr'><strong>facturum</strong></span> <span class='ocrx_word' id='word_1_207' title='bbox 2664 3128 2948 3179; x_wconf 81' lang='lat' dir='ltr'><strong>indefinito</strong></span> 
     </span>
     <span class='ocr_line' id='line_1_30' title="bbox 657 3212 1082 3246; baseline 0 0"><span class='ocrx_word' id='word_1_208' title='bbox 657 3213 742 3246; x_wconf 91' lang='lat' dir='ltr'><strong>mo</strong></span> <span class='ocrx_word' id='word_1_209' title='bbox 786 3212 818 3246; x_wconf 93' lang='lat' dir='ltr'><strong>o</strong></span> <span class='ocrx_word' id='word_1_210' title='bbox 889 3212 1082 3246; x_wconf 86' lang='lat' dir='ltr'><strong>ixerun</strong></span> 
     </span>
    </p>
   </div>
   <div class='ocr_carea' id='block_1_13' title="bbox 651 3427 2956 4441">
    <p class='ocr_par' dir='ltr' id='par_1_14' title="bbox 651 3427 2954 4441">
     <span class='ocr_line' id='line_1_31' title="bbox 821 3427 2943 3505; baseline 0.001 -21"><span class='ocrx_word' id='word_1_211' title='bbox 821 3427 903 3485; x_wconf 84' lang='lat'><strong>47</strong></span> <span class='ocrx_word' id='word_1_212' title='bbox 949 3430 1039 3485; x_wconf 84' lang='lat' dir='ltr'><strong>An</strong></span> <span class='ocrx_word' id='word_1_213' title='bbox 1083 3434 1355 3488; x_wconf 81' lang='lat' dir='ltr'><strong>senarius</strong></span> <span class='ocrx_word' id='word_1_214' title='bbox 1399 3439 1487 3488; x_wconf 78' lang='lat' dir='ltr'><strong>est</strong></span> <span class='ocrx_word' id='word_1_215' title='bbox 1530 3441 1710 3487; x_wconf 73' lang='lat' dir='ltr'><strong>utrum</strong></span> <span class='ocrx_word' id='word_1_216' title='bbox 1760 3439 1818 3487; x_wconf 83' lang='lat' dir='ltr'><strong>tu</strong></span> <span class='ocrx_word' id='word_1_217' title='bbox 1864 3431 2006 3487; x_wconf 76' lang='lat' dir='ltr'><strong>huuc</strong></span> <span class='ocrx_word' id='word_1_218' title='bbox 2051 3447 2100 3488; x_wconf 84' lang='lat' dir='ltr'><strong>e.</strong></span> <span class='ocrx_word' id='word_1_219' title='bbox 2133 3452 2188 3505; x_wconf 82' lang='lat' dir='ltr'><strong>q.</strong></span> <span class='ocrx_word' id='word_1_220' title='bbox 2221 3436 2315 3488; x_wconf 53' lang='lat' dir='ltr'><strong>sd&gt;</strong></span> <span class='ocrx_word' id='word_1_221' title='bbox 2370 3430 2452 3502; x_wconf 82' lang='lat' dir='ltr'><strong>cf.</strong></span> <span class='ocrx_word' id='word_1_222' title='bbox 2499 3430 2771 3488; x_wconf 77' lang='lat' dir='ltr'><strong>Mueller-i</strong></span> <span class='ocrx_word' id='word_1_223' title='bbox 2806 3447 2943 3501; x_wconf 83' lang='lat' dir='ltr'><strong>pro-</strong></span> 
     </span>
     <span class='ocr_line' id='line_1_32' title="bbox 654 3514 2945 3593; baseline 0 -25"><span class='ocrx_word' id='word_1_224' title='bbox 654 3515 774 3593; x_wconf 61' lang='lat' dir='ltr'><strong>aod.</strong></span> <span class='ocrx_word' id='word_1_225' title='bbox 831 3514 1022 3570; x_wconf 79' lang='lat' dir='ltr'><strong>Plaut.</strong></span> <span class='ocrx_word' id='word_1_226' title='bbox 1074 3516 1193 3571; x_wconf 84' lang='lat'><strong>152</strong></span> <span class='ocrx_word' id='word_1_227' title='bbox 1412 3526 1591 3573; x_wconf 79' lang='lat' dir='ltr'><strong>utrum</strong></span> <span class='ocrx_word' id='word_1_228' title='bbox 1651 3517 1983 3574; x_wconf 78' lang='lat' dir='ltr'><strong>Gulielmius</strong></span> <span class='ocrx_word' id='word_1_229' title='bbox 2039 3521 2096 3573; x_wconf 78' lang='lat' dir='ltr'><strong>in</strong></span> <span class='ocrx_word' id='word_1_230' title='bbox 2155 3518 2357 3573; x_wconf 78' lang='lat' dir='ltr'><strong>Plauti</strong></span> <span class='ocrx_word' id='word_1_231' title='bbox 2399 3517 2532 3572; x_wconf 78' lang='lat' dir='ltr'><strong>Cist.</strong></span> <span class='ocrx_word' id='word_1_232' title='bbox 2581 3534 2631 3572; x_wconf 84' lang='lat' dir='ltr'><strong>c.</strong></span> <span class='ocrx_word' id='word_1_233' title='bbox 2676 3515 2713 3570; x_wconf 84' lang='lat'>4</span> <span class='ocrx_word' id='word_1_234' title='bbox 2774 3516 2945 3571; x_wconf 78' lang='lat' dir='ltr'><strong>uirum</strong></span> 
     </span>
     <span class='ocr_line' id='line_1_33' title="bbox 651 3599 2947 3670; baseline 0 -17"><span class='ocrx_word' id='word_1_235' title='bbox 651 3600 788 3653; x_wconf 82' lang='lat' dir='ltr'><strong>libri</strong></span> <span class='ocrx_word' id='word_1_236' title='bbox 986 3608 1098 3654; x_wconf 77' lang='lat' dir='ltr'><strong>tum</strong></span> <span class='ocrx_word' id='word_1_237' title='bbox 1148 3601 1287 3657; x_wconf 83' lang='lat' dir='ltr'><strong>Par.</strong></span> <span class='ocrx_word' id='word_1_238' title='bbox 1340 3601 1385 3669; x_wconf 82' lang='lat' dir='ltr'><em>Q</em></span> <span class='ocrx_word' id='word_1_239' title='bbox 1584 3602 1665 3658; x_wconf 82' lang='lat'><strong>48</strong></span> <span class='ocrx_word' id='word_1_240' title='bbox 1714 3618 1834 3657; x_wconf 87' lang='lat' dir='ltr'><strong>esse</strong></span> <span class='ocrx_word' id='word_1_241' title='bbox 1878 3603 1989 3657; x_wconf 83' lang='lat' dir='ltr'><strong>del.</strong></span> <span class='ocrx_word' id='word_1_242' title='bbox 2038 3602 2448 3670; x_wconf 78' lang='lat' dir='ltr'><strong>Quicheratius</strong></span> <span class='ocrx_word' id='word_1_243' title='bbox 2646 3600 2823 3655; x_wconf 85' lang='lat' dir='ltr'><strong>uirum</strong></span> <span class='ocrx_word' id='word_1_244' title='bbox 2867 3599 2947 3654; x_wconf 80' lang='lat' dir='ltr'><strong>Tu</strong></span> 
     </span>
     <span class='ocr_line' id='line_1_34' title="bbox 654 3682 2949 3759; baseline 0 -22"><span class='ocrx_word' id='word_1_245' title='bbox 654 3699 772 3737; x_wconf 83' lang='lat' dir='ltr'><strong>esse</strong></span> <span class='ocrx_word' id='word_1_246' title='bbox 829 3682 974 3739; x_wconf 80' lang='lat' dir='ltr'><strong>hunc</strong></span> <span class='ocrx_word' id='word_1_247' title='bbox 1030 3701 1221 3758; x_wconf 85' lang='lat' dir='ltr'><strong>gruem</strong></span> <span class='ocrx_word' id='word_1_248' title='bbox 1265 3686 1592 3743; x_wconf 80' lang='lat' dir='ltr'><strong>Balearicum</strong></span> <span class='ocrx_word' id='word_1_249' title='bbox 1648 3703 1785 3742; x_wconf 84' lang='lat' dir='ltr'><strong>aune</strong></span> <span class='ocrx_word' id='word_1_250' title='bbox 1842 3686 2110 3742; x_wconf 85' lang='lat' dir='ltr'><strong>hominem</strong></span> <span class='ocrx_word' id='word_1_251' title='bbox 2167 3686 2360 3759; x_wconf 77' lang='lat' dir='ltr'><strong>putas?</strong></span> <span class='ocrx_word' id='word_1_252' title='bbox 2418 3687 2658 3742; x_wconf 72' lang='lat' dir='ltr'><strong>Bomius</strong></span> <span class='ocrx_word' id='word_1_253' title='bbox 2705 3684 2949 3739; x_wconf 81' lang='lat' dir='ltr'><strong>uirumue</strong></span> 
     </span>
     <span class='ocr_line' id='line_1_35' title="bbox 655 3767 2949 3844; baseline 0 -22"><span class='ocrx_word' id='word_1_254' title='bbox 655 3777 714 3822; x_wconf 78' lang='lat' dir='ltr'><strong>tu</strong></span> <span class='ocrx_word' id='word_1_255' title='bbox 772 3767 915 3823; x_wconf 86' lang='lat' dir='ltr'><strong>hunc</strong></span> <span class='ocrx_word' id='word_1_256' title='bbox 971 3768 1292 3825; x_wconf 80' lang='lat' dir='ltr'><strong>Balearicum</strong></span> <span class='ocrx_word' id='word_1_257' title='bbox 1349 3788 1540 3844; x_wconf 80' lang='lat' dir='ltr'><strong>gruem</strong></span> <span class='ocrx_word' id='word_1_258' title='bbox 1597 3788 1662 3825; x_wconf 89' lang='lat' dir='ltr'><strong>an</strong></span> <span class='ocrx_word' id='word_1_259' title='bbox 1719 3781 1877 3843; x_wconf 74' lang='lat' dir='ltr'><strong>putas</strong></span> <span class='ocrx_word' id='word_1_260' title='bbox 1931 3787 2051 3826; x_wconf 81' lang='lat' dir='ltr'><strong>esse</strong></span> <span class='ocrx_word' id='word_1_261' title='bbox 2110 3771 2414 3826; x_wconf 76' lang='lat' dir='ltr'><strong>hominem?</strong></span> <span class='ocrx_word' id='word_1_262' title='bbox 2468 3773 2611 3826; x_wconf 79' lang='lat' dir='ltr'><strong>idem</strong></span> <span class='ocrx_word' id='word_1_263' title='bbox 2669 3769 2705 3823; x_wconf 82' lang='lat'>2</span> <span class='ocrx_word' id='word_1_264' title='bbox 2766 3778 2949 3824; x_wconf 81' lang='lat' dir='ltr'><strong>utrum</strong></span> 
     </span>
     <span class='ocr_line' id='line_1_36' title="bbox 658 3852 2949 3930; baseline 0 -23"><span class='ocrx_word' id='word_1_265' title='bbox 658 3853 800 3908; x_wconf 82' lang='lat' dir='ltr'><strong>ln&#39;mc</strong></span> <span class='ocrx_word' id='word_1_266' title='bbox 852 3870 937 3927; x_wconf 83' lang='lat' dir='ltr'><strong>gr.</strong></span> <span class='ocrx_word' id='word_1_267' title='bbox 988 3853 1038 3908; x_wconf 86' lang='lat' dir='ltr'><strong>B.</strong></span> <span class='ocrx_word' id='word_1_268' title='bbox 1069 3871 1162 3914; x_wconf 15' lang='lat' dir='ltr'><strong>*an</strong></span> <span class='ocrx_word' id='word_1_269' title='bbox 1219 3854 1488 3911; x_wconf 74' lang='lat' dir='ltr'><strong>homiuem</strong></span> <span class='ocrx_word' id='word_1_270' title='bbox 1547 3857 1740 3930; x_wconf 74' lang='lat' dir='ltr'><strong>putas?</strong></span> <span class='ocrx_word' id='word_1_271' title='bbox 1797 3856 2197 3912; x_wconf 75' lang='lat' dir='ltr'><strong>Buecheler-us</strong></span> <span class='ocrx_word' id='word_1_272' title='bbox 2376 3855 2460 3913; x_wconf 86' lang='lat'><strong>50</strong></span> <span class='ocrx_word' id='word_1_273' title='bbox 2514 3856 2633 3909; x_wconf 84' lang='lat' dir='ltr'><strong>nieo</strong></span> <span class='ocrx_word' id='word_1_274' title='bbox 2691 3852 2949 3909; x_wconf 83' lang='lat' dir='ltr'><strong>momordi</strong></span> 
     </span>
     <span class='ocr_line' id='line_1_37' title="bbox 656 3935 2948 3996; baseline -0 -5"><span class='ocrx_word' id='word_1_275' title='bbox 656 3954 928 3993; x_wconf 88' lang='lat' dir='ltr'><strong>nummum</strong></span> <span class='ocrx_word' id='word_1_276' title='bbox 986 3946 1200 3993; x_wconf 78' lang='lat' dir='ltr'><strong>centum</strong></span> <span class='ocrx_word' id='word_1_277' title='bbox 1245 3940 1387 3994; x_wconf 85' lang='lat' dir='ltr'><strong>milia</strong></span> <span class='ocrx_word' id='word_1_278' title='bbox 1434 3940 1677 3996; x_wconf 75' lang='lat' dir='ltr'><strong>Bollu’us</strong></span> <span class='ocrx_word' id='word_1_279' title='bbox 1733 3957 1851 3995; x_wconf 88' lang='lat' dir='ltr'><strong>meo</strong></span> <span class='ocrx_word' id='word_1_280' title='bbox 1897 3948 2113 3996; x_wconf 78' lang='lat' dir='ltr'><strong>centum</strong></span> <span class='ocrx_word' id='word_1_281' title='bbox 2161 3939 2300 3995; x_wconf 85' lang='lat' dir='ltr'><strong>milia</strong></span> <span class='ocrx_word' id='word_1_282' title='bbox 2357 3956 2631 3995; x_wconf 87' lang='lat' dir='ltr'><strong>nummum</strong></span> <span class='ocrx_word' id='word_1_283' title='bbox 2690 3935 2948 3994; x_wconf 78' lang='lat' dir='ltr'><strong>memor-di</strong></span> 
     </span>
     <span class='ocr_line' id='line_1_38' title="bbox 652 4023 2945 4096; baseline -0.001 -20"><span class='ocrx_word' id='word_1_284' title='bbox 652 4023 817 4092; x_wconf 72' lang='lat' dir='ltr'><strong>libri,</strong></span> <span class='ocrx_word' id='word_1_285' title='bbox 884 4025 991 4078; x_wconf 82' lang='lat' dir='ltr'><strong>sed</strong></span> <span class='ocrx_word' id='word_1_286' title='bbox 1052 4040 1328 4080; x_wconf 89' lang='lat' dir='ltr'><strong>nummum</strong></span> <span class='ocrx_word' id='word_1_287' title='bbox 1386 4043 1489 4085; x_wconf 90' lang='lat' dir='ltr'><strong>om.</strong></span> <span class='ocrx_word' id='word_1_288' title='bbox 1554 4024 1696 4080; x_wconf 82' lang='lat' dir='ltr'><strong>Par.</strong></span> <span class='ocrx_word' id='word_1_289' title='bbox 1756 4027 1809 4082; x_wconf 84' lang='lat' dir='ltr'><em>P</em></span> <span class='ocrx_word' id='word_1_290' title='bbox 1900 4025 2096 4081; x_wconf 78' lang='lat' dir='ltr'><strong>Minus</strong></span> <span class='ocrx_word' id='word_1_291' title='bbox 2140 4026 2461 4096; x_wconf 78' lang='lat' dir='ltr'><strong>probabilis</strong></span> <span class='ocrx_word' id='word_1_292' title='bbox 2525 4025 2664 4079; x_wconf 86' lang='lat' dir='ltr'><strong>ordo</strong></span> <span class='ocrx_word' id='word_1_293' title='bbox 2731 4029 2945 4078; x_wconf 80' lang='lat' dir='ltr'><strong>centum</strong></span> 
     </span>
     <span class='ocr_line' id='line_1_39' title="bbox 656 4106 2951 4181; baseline -0.001 -20"><span class='ocrx_word' id='word_1_294' title='bbox 656 4123 931 4162; x_wconf 87' lang='lat' dir='ltr'><strong>nummum</strong></span> <span class='ocrx_word' id='word_1_295' title='bbox 988 4106 1157 4178; x_wconf 87' lang='lat' dir='ltr'><strong>milia,</strong></span> <span class='ocrx_word' id='word_1_296' title='bbox 1216 4112 1308 4165; x_wconf 83' lang='lat' dir='ltr'><strong>uel</strong></span> <span class='ocrx_word' id='word_1_297' title='bbox 1361 4110 1509 4165; x_wconf 78' lang='lat' dir='ltr'><strong>haec</strong></span> <span class='ocrx_word' id='word_1_298' title='bbox 1565 4126 1935 4166; x_wconf 81' lang='lat' dir='ltr'><strong>numerorum</strong></span> <span class='ocrx_word' id='word_1_299' title='bbox 1990 4111 2340 4166; x_wconf 71' lang='lat' dir='ltr'><strong>distributio.-</strong></span> <span class='ocrx_word' id='word_1_300' title='bbox 2393 4108 2461 4164; x_wconf 87' lang='lat' dir='ltr'><strong>de</strong></span> <span class='ocrx_word' id='word_1_301' title='bbox 2516 4108 2731 4181; x_wconf 75' lang='lat' dir='ltr'><strong>integro</strong></span> <span class='ocrx_word' id='word_1_302' title='bbox 2785 4106 2951 4161; x_wconf 79' lang='lat' dir='ltr'><strong>Paui-</strong></span> 
     </span>
     <span class='ocr_line' id='line_1_40' title="bbox 655 4189 2956 4277; baseline -0 -32"><span class='ocrx_word' id='word_1_303' title='bbox 655 4189 837 4247; x_wconf 76' lang='lat' dir='ltr'><strong>monio</strong></span> <span class='ocrx_word' id='word_1_304' title='bbox 882 4208 1004 4247; x_wconf 91' lang='lat' dir='ltr'><strong>meo</strong></span> <span class='ocrx_word' id='word_1_305' title='bbox 1049 4190 1265 4248; x_wconf 71' lang='lat' dir='ltr'><strong>centum</strong></span> <span class='ocrx_word' id='word_1_306' title='bbox 1311 4210 1586 4249; x_wconf 88' lang='lat' dir='ltr'><strong>nummum</strong></span> <span class='ocrx_word' id='word_1_307' title='bbox 1632 4194 1773 4249; x_wconf 86' lang='lat' dir='ltr'><strong>milia</strong></span> <span class='ocrx_word' id='word_1_308' title='bbox 1804 4192 2080 4250; x_wconf 64' lang='lat' dir='ltr'><strong>Memordi</strong></span> <span class='ocrx_word' id='word_1_309' title='bbox 2172 4194 2578 4266; x_wconf 80' lang='lat' dir='ltr'><strong>Septenarmm</strong></span> <span class='ocrx_word' id='word_1_310' title='bbox 2621 4192 2686 4248; x_wconf 85' lang='lat' dir='ltr'><strong>de</strong></span> <span class='ocrx_word' id='word_1_311' title='bbox 2732 4192 2956 4277; x_wconf 78' lang='lat' dir='ltr'><strong>integro</strong></span> 
     </span>
     <span class='ocr_line' id='line_1_41' title="bbox 656 4263 2956 4354; baseline -0 -24"><span class='ocrx_word' id='word_1_312' title='bbox 656 4293 710 4347; x_wconf 86' lang='lat' dir='ltr'><strong>p.</strong></span> <span class='ocrx_word' id='word_1_313' title='bbox 759 4274 1016 4331; x_wconf 72' lang='lat' dir='ltr'><strong>memor-di</strong></span> <span class='ocrx_word' id='word_1_314' title='bbox 1072 4287 1287 4333; x_wconf 83' lang='lat' dir='ltr'><strong>centum</strong></span> <span class='ocrx_word' id='word_1_315' title='bbox 1350 4279 1489 4334; x_wconf 83' lang='lat' dir='ltr'><strong>milia</strong></span> <span class='ocrx_word' id='word_1_316' title='bbox 1537 4279 1937 4336; x_wconf 75' lang='lat' dir='ltr'><strong>Buecleelerus</strong></span> <span class='ocrx_word' id='word_1_317' title='bbox 1995 4281 2349 4336; x_wconf 78' lang='lat' dir='ltr'><strong>commendat</strong></span> <span class='ocrx_word' id='word_1_318' title='bbox 2521 4278 2597 4333; x_wconf 82' lang='lat'><strong>51</strong></span> <span class='ocrx_word' id='word_1_319' title='bbox 2645 4269 2787 4354; x_wconf 85' lang='lat' dir='ltr'><strong>eam]</strong></span> <span class='ocrx_word' id='word_1_320' title='bbox 2847 4263 2956 4329; x_wconf 82' lang='lat' dir='ltr'><strong>eu‘a</strong></span> 
     </span>
     <span class='ocr_line' id='line_1_42' title="bbox 667 4360 1749 4441; baseline 0 -22"><span class='ocrx_word' id='word_1_321' title='bbox 667 4360 857 4419; x_wconf 83' lang='lat' dir='ltr'><strong>Urbin.</strong></span> <span class='ocrx_word' id='word_1_322' title='bbox 904 4360 1027 4420; x_wconf 84' lang='lat'><strong>309</strong></span> <span class='ocrx_word' id='word_1_323' title='bbox 1074 4377 1189 4417; x_wconf 85' lang='lat' dir='ltr'><strong>eam</strong></span> <span class='ocrx_word' id='word_1_324' title='bbox 1234 4364 1390 4421; x_wconf 77' lang='lat' dir='ltr'><strong>Bou.</strong></span> <span class='ocrx_word' id='word_1_325' title='bbox 1437 4380 1560 4418; x_wconf 89' lang='lat' dir='ltr'><strong>eum</strong></span> <span class='ocrx_word' id='word_1_326' title='bbox 1608 4365 1749 4441; x_wconf 65' lang='grc' dir='ltr'><strong>Περ.</strong></span> 
     </span>
    </p>
   </div>
  </div>
 </body>
</html>
