3400 5075
674 317 722 372 X
1539 314 2071 369 COROLLARIVM

653 482 937 562 prima-m
976 480 1278 563 quadrat:
1325 480 1479 543 illuc
1528 499 1761 559 caepas
1837 476 2138 540 Ceterum
2186 479 2477 541 ordinem
2517 479 2859 541 verborum
2898 481 2964 541 in

666 588 1035 671 septenario
1095 609 1355 649 servare
1413 586 1567 651 licet
1625 585 1945 648 facillimo
1993 589 2147 667 post
2191 584 2456 666 Appella
2503 584 2765 648 titulum
2816 607 2960 667 sup-

666 697 1027 778 plemento:

730 802 858 881 [cil]
900 806 968 864 ut
1003 801 1185 864 illu-m
1221 800 1287 863 di
1312 800 1599 880 perdant,
1638 800 1748 879 qui
1775 799 2056 880 primam
2091 797 2317 861 ho'litor
2353 819 2603 878 cacpam
2628 797 2929 879 protulit!

667 908 873 972 Paulo
912 906 1287 970 violentius:
1348 906 1417 968 u't
1460 906 1637 969 illum
1683 906 1752 969 cli
1804 905 1965 969 male
2007 905 2293 985 perdant.
2368 904 2530 968 Tam
2571 908 2787 967 autem
2836 904 2960 967 sol-

665 1014 900 1078 lemnis
940 1012 1278 1077 execrandi
1316 1010 1600 1075 formula
1639 1014 1739 1073 est
1783 1016 1855 1074 ut
1903 1011 2081 1074 illum
2125 1012 2193 1073 di
2238 1007 2525 1093 (deaeque
2561 1010 2793 1095 omnes)
2821 1033 2964 1092 per-

668 1123 836 1197 dant,
884 1124 957 1183 ut
994 1123 1060 1182 et
1091 1120 1303 1199 ferant
1338 1120 1695 1194 insolitum,
1734 1117 1904 1199 quod
1941 1139 2059 1199 per
2102 1116 2408 1180 librarios
2449 1118 2762 1179 traditum
2804 1117 2961 1179 Ver-

665 1227 912 1311 giliano
951 1226 1065 1289 illo
1116 1226 1368 1288 ‘omnia
1406 1226 1535 1288 fert
1573 1224 2100 1306 aetasranimum
2141 1226 2427 1306 quoque'
2475 1223 2729 1287 defendi
2770 1246 2962 1306 posse

666 1334 822 1397 olim
872 1338 1281 1416 putaveram,
1329 1335 1394 1395 et
1440 1332 1593 1395 Aldi
1643 1336 1846 1395 terant
1891 1333 1956 1394 et
2002 1329 2309 1415 quidquid
2368 1329 2517 1393 aliis
2565 1330 2632 1393 in
2681 1334 2963 1393 mentem
3086 1403 3090 1408 ,

665 1440 845 1503 venit
890 1441 1285 1504 confidenter
1332 1439 1726 1503 reiciendum
1777 1438 1880 1501 sit.

844 1545 921 1609 V.
962 1546 1046 1609 23
1087 1569 1178 1629 sq.
1240 1546 1501 1610 Excidit
1547 1545 1997 1609 testimonium
2056 1544 2260 1607 libros
2316 1543 2385 1606 in
2444 1546 2716 1626 utroque
2772 1566 2959 1606 versu

665 1676 794 1718 non
842 1654 1025 1716 altris
1071 1653 1402 1736 exhibere,
1464 1654 1575 1715 sed
1631 1652 1860 1715 alteris.
1935 1650 2094 1714 illud
2143 1650 2298 1733 quin
2355 1654 2526 1713 recte
2584 1650 2962 1713 restitutum

667 1760 754 1822 sit
804 1782 936 1824 non
991 1759 1244 1840 dubito,
1301 1760 1413 1822 sed
1460 1759 1617 1822 olim
1667 1781 1707 1821 a
1754 1781 1855 1822 me
1910 1781 2041 1822 non
2100 1757 2455 1820 admissum
2510 1756 2712 1819 fuisse
2771 1779 2955 1819 excu-

669 1866 860 1949 sabit,
907 1867 1015 1949 qui
1065 1888 1232 1929 anno
1281 1866 1445 1928 1854
1495 1888 1702 1949 neque
1751 1887 2108 1949 syncopam
2157 1864 2339 1926 illam
2388 1885 2593 1946 neque
2640 1863 2960 1946 pyrrichi-
3048 1861 3055 1866 ’

667 1996 809 2036 cam
868 1972 1045 2035 vocis
1100 1974 1272 2053 apud
1325 1994 1693 2035 mensuram
1752 1976 1856 2035 sat
1909 1971 2418 2035 demonstratam
2477 1969 2680 2032 fuisse
2737 1970 2960 2032 memi-

665 2079 855 2143 nerit.
912 2101 1061 2141 nam
1104 2079 1169 2143 in
1210 2078 1582 2160 anapaestis
1621 2078 2022 2142 Bacchidum
2067 2079 2236 2140 1184
2273 2078 2507 2141 altrum
2553 2080 2794 2139 tantum
2831 2098 2957 2139 non

663 2206 930 2251 meream
983 2185 1540 2268 pronuntiandum
1597 2207 1737 2248 esse
1785 2185 1954 2268 quod
2010 2187 2351 2248 monuerat
2396 2182 2821 2265 Ritsehelius‚
2881 2205 2962 2246 ne

664 2295 804 2376 ipse
834 2291 1094 2376 quidem
1125 2292 1202 2354 de
1233 2292 1507 2354 senariis
1539 2292 1764 2354 statim
1795 2292 2010 2354 valere
2040 2294 2194 2354 tunc
2224 2291 2511 2373 volebat3
2541 2312 2658 2351 nec
2690 2289 2962 2372 agnovit

666 2421 1025 2483 syncopam
1082 2398 1147 2461 in
1198 2397 1430 2460 Persae
1496 2421 1551 2460 v,
1601 2400 1731 2460 :226
1786 2399 1894 2460 ubi
1939 2398 2053 2461 illa
2107 2397 2359 2460 alterast
2406 2397 2703 2477 furtifica*
2743 2396 2959 2459 laeva?

665 2529 828 2592 quae
876 2528 1071 2589 quam
1118 2509 1290 2569 recte
1341 2504 1726 2588 Spengelius
1777 2504 1982 2567 Plaut.
2030 2526 2089 2586 p.
2121 2503 2244 2566 105
2303 2503 2382 2566 ad
2427 2502 2773 2567 trochaeos
2824 2502 2959 2565 red-

662 2614 868 2698 egerit
932 2612 1117 2675 valde
1192 2612 1436 2675 dubito.
1529 2611 1858 2675 dubitavit
1922 2610 2317 2674 Bitschelius
2384 2610 2582 2673 etiam
2649 2610 2715 2673 in
2787 2632 2957 2672 com-

667 2719 1065 2784 mentatione
1113 2718 1190 2781 de
1246 2717 1441 2781 titulo
1490 2717 1955 2781 Aletrinatium
2004 2713 2088 2798 (a.
2142 2717 2382 2800 1852χὸ
2429 2738 2490 2798 p.
2538 2715 2685 2799 XI),
2741 2718 2958 2778 utrum

666 2827 936 2891 Plautus
1002 2825 1071 2888 in
1138 2823 1432 2907 Captivis
1498 2846 1554 2886 v.
1600 2826 1742 2887 ‘303
1804 2824 1944 2907 ‘qui
2013 2822 2309 2905 inperare
2375 2822 2728 2903 insumam,
2791 2843 2959 2884 nunc

664 2933 890 2997 altrices
945 2931 1198 3013 inperio
1258 2932 1609 3014 obsequor’
1660 2954 1770 3013 an,
1830 2935 1901 2994 ut
1946 2929 2402 2993 Fleckeisenus
2450 2928 2765 3010 ediderat,
2811 2926 2957 2990 altc'-

665 3040 800 3102 rius
838 3037 1227 3120 scripsisset,
1264 3037 1374 3100 ubi
1415 3060 1494 3100 ne
1531 3037 1696 3101 alius
1734 3037 1990 3120 quidem
2033 3037 2315 3099 alienum
2365 3058 2403 3097 a
2439 3035 2762 3097 sententia
2801 3037 2957 3096 erat.

666 3145 864 3229 quid?
911 3144 1081 3227 quod
1120 3144 1243 3206 hoc
1282 3144 1497 3226 ipsum
1538 3142 1903 3226 argumenti
1936 3141 2360 3224 Captivorum
2396 3142 2622 3204 auctor
2652 3139 2961 3222 praetulit

666 3273 723 3314 v.
772 3253 838 3314 2:
887 3251 1119 3314 ‘alium
1165 3249 1573 3334 quadrimum
1620 3249 1879 3332 fugiens
1937 3271 2157 3313 servos
2216 3247 2557 3328 vendidit'‚
2604 3246 2762 3308 item
2812 3268 2867 3308 v.
2915 3247 2957 3307 9

667 3357 939 3421 ‘indicio
987 3357 1216 3440 quoius
1262 3357 1460 3420 alium
1499 3356 1799 3441 agnoscit
1855 3357 2111 3419 filium’.
2187 3352 2492 3436 repetivit
2534 3351 2696 3414 illud
2732 3350 2955 3414 Fleck-

668 3464 921 3528 eisenus
987 3463 1056 3526 in
1120 3462 1326 3547 ipsius
1391 3463 1651 3526 fabulae
1710 3485 1767 3526 v.
1817 3464 1856 3524 8
1915 3462 2146 3524 ‘alium
2210 3458 2616 3542 quadrimum
2684 3479 2954 3540 puerum

668 3592 888 3634 servos
938 3569 1245 3653 surpuit',
1293 3568 1403 3632 ubi
1452 3592 1619 3633 nunc
1666 3570 1982 3632 librorum
2023 3566 2411 3649 scripturam
2449 3565 2714 3627 aeterum
2759 3564 2954 3626 inter-

665 3680 1004 3760 pretantur
1039 3678 1274 3740 altrum
1311 3676 1755 3740 consentiente
1795 3674 1992 3737 etiam
2042 3671 2401 3736 Bit-schelio
2449 3693 2666 3753 opusc.
2703 3657 2768 3732 ΙΙ
2807 3671 2955 3734 674.

668 3783 874 3846 multo
915 3782 1113 3846 etiam
1153 3783 1683 3846 memorabiliora
1720 3805 1884 3864 quae
1931 3781 1999 3842 in
2039 3777 2455 3860 anthologiae
2496 3777 2956 3860 epigraphicae

666 3888 939 3952 Latinae
987 3890 1338 3971 specimine
1385 3888 1413 3951 I
1465 3911 1504 3951 a
1549 3887 1947 3951 Buechelero
1998 3908 2164 3949 anno
2219 3885 2389 3947 1870
2434 3883 2607 3947 edito
2655 3885 2956 3968 leguntur

668 3994 755 4078 (n.
794 3994 920 4058 XX·
955 4017 1011 4058 v.
1050 3994 1092 4058 5
1132 3994 1251 4080 sq.)

1536 4100 1783 4165 horunc
1828 4099 2092 4164 ciltemm

989 4208 1056 4271 in
1097 4207 1268 4270 terra
1315 4205 1570 4288 linquit,
1614 4206 1814 4269 alium
1860 4206 1979 4269 sub
2028 4209 2202 4268 terra
2250 4204 2439 4268 locat.

668 4314 900 4380 Restat
926 4337 1090 4382 unus
1120 4311 1492 4380 Truculenti
1521 4311 1880 4378 versiculus
1909 4312 1941 4375 Ι
1975 4314 2030 4398 1,
2061 4314 2142 4380 27
2177 4311 2270 4375 sic
2300 4310 2367 4373 in
2395 4308 2581 4372 libris
2611 4308 2951 4392 corruptus
