3400 5075
648 357 732 420 46
1431 357 1817 409 cascnnvs
1861 355 2164 407 srA‘rlvs

830 679 1268 692 .....
1318 632 1481 712 quae
1528 650 1792 693 narrare
1841 629 2047 712 inepti
2093 631 2193 692 est
2236 628 2521 692 feruenti
2565 633 2797 693 scutra.

828 744 856 815 [Γ
925 743 1268 807 Machaera
1343 744 1500 827 quin
1584 745 1817 808 lieitsri
1901 744 2242 808 aduersum
2325 744 2604 808 ahenum
2680 744 2953 828 coepisti

1905 859 2138 923 sciens
2185 859 2316 921 —-‘?

1754 947 1849 1012 IV

698 1065 781 1126 70
827 1061 992 1126 Mshi
1023 1084 1133 1126 sex
1161 1083 1414 1125 menses
1443 1063 1601 1126 setis
1631 1067 1787 1126 sunt
1815 1063 2016 1144 uitae,
2063 1063 2406 1145 septimum
2436 1061 2600 1127 Orco
2643 1062 2949 1146 spondeo.

1692 1176 1753 1240 V
1803 1175 1903 1262 (3)

832 1287 1022 1378 [Em]
1074 1291 1218 1355 uide
1266 1293 1778 1357 luculentitatem
1827 1290 1971 1355 esus
2019 1296 2084 1355 et
2130 1293 2698 1377 magnificentiam!

653 1488 665 1500 .
693 1486 706 1498 .
734 1493 745 1505 ‚
773 1449 1029 1501 blateres.
1102 1450 1384 1502 Caecilius
1422 1451 1688 1517 Hymni:
1729 1451 1945 1501 desine’
1981 1466 2027 1511 e.
2059 1466 2109 1514 q.
2140 1467 2182 1500 s.
2223 1452 2443 1512 (imnis
2481 1452 2566 1501 W.
2603 1451 2791 1507 imni,
2830 1466 2948 1516 sup.

650 1533 692 1580 s,
729 1517 887 1568 Leid.
925 1518 1238 1581 hymnide
1275 1518 1568 1583 Bentinus)
1709 1518 1793 1568 111
1830 1519 2042 1568 Nonius
2081 1521 2195 1578 134,
2235 1521 2299 1569 15
2335 1518 2631 1567 ‘licitari
2667 1518 2946 1583 congredi,

649 1599 893 1649 pugnare
931 1624 941 1634 .
969 1620 983 1634 .
1010 1624 1021 1634 .
1060 1580 1342 1636 Caecilius
1390 1585 1687 1648 Hymnide:
1737 1589 1903 1650 quae'
1950 1601 1997 1635 e.
2049 1600 2100 1649 q.
2139 1602 2180 1637 s.
2229 1584 2558 1649 (himmide
2607 1585 2800 1635 Urbiu.
2834 1587 2949 1645 307,

651 1653 684 1702 i.
725 1668 772 1703 e.
812 1652 1159 1717 himinide)
1295 1654 1371 1703 1v
1407 1653 1601 1704 Cicero
1638 1654 1705 1704 de
1743 1652 1833 1703 fin.
1856 1653 1912 1702 11
1948 1655 1996 1715 7,
2035 1656 2099 1702 22
2137 1654 2316 1716 ‘atqui
2340 1654 2678 1717 reperiemus
2716 1659 2949 1703 asotos

650 1721 881 1784 primum
915 1720 999 1770 ita
1035 1736 1143 1771 non
1180 1720 1495 1786 religiosos,
1535 1728 1598 1771 ut
1634 1721 1790 1770 edint
1826 1720 1895 1769 de
1933 1720 2168 1786 patella,
2215 1720 2412 1770 deinde
2461 1720 2544 1770 ita
2579 1725 2803 1770 mortem
2839 1736 2949 1769 non

651 1787 934 1850 timentes,
971 1792 1034 1837 ut
1071 1787 1204 1837 illud
1242 1790 1298 1837 in
1334 1803 1426 1838 ore
1460 1788 1707 1838 habeant
1741 1804 1806 1838 ex
1831 1787 2132 1853 Hymnide:
2169 1788 2323 1838 mihi’
2362 1804 2408 1837 e.
2438 1803 2488 1852 q.
2518 1802 2560 1837 s.
2606 1788 2702 1851 (ex
2747 1787 2946 1837 hui-de

651 1856 687 1904 i.
714 1871 761 1904 e.
792 1855 1106 1905 humnide
1132 1855 1253 1909 Pal.
1278 1855 1314 1905 b
1354 1855 1738 1906 exonimide
1763 1855 1981 1905 Monac.
2009 1855 2400 1905 exenemide
2427 1855 2582 1908 Leid.
2623 1870 2699 1905 ex
2737 1855 2947 1904 himni

650 1923 727 1972 de
765 1922 886 1973 Pal.
927 1938 961 1972 a
1002 1928 1075 1971 ut
1123 1921 1413 1971 exiunde
1452 1922 1684 1987 Morem.
1767 1922 1916 1972 Hinc
1964 1922 2234 1973 Lucilium
2280 1938 2382 1972 sua
2429 1924 2756 1987 sumpsisse,
2808 1937 2949 1986 quae

650 1994 842 2038 extant
879 1988 1021 2054 apud
1060 1989 1294 2041 Nonium
1331 1992 1448 2051 526,
1488 1993 1550 2040 13
1588 1989 2009 2053 (hemistichium
2050 1997 2230 2040 sutem
2270 1990 2461 2039 mutilo
2496 1990 2620 2039 loco
2647 2006 2697 2054 p.
2722 1985 2950 2053 283,25)

651 2056 929 2107 ‘Lucilius
964 2055 1061 2107 lib.
1098 2056 1306 2107 xxv1:
1345 2058 1438 2121 qui
1476 2072 1571 2107 sex
1609 2072 1827 2109 menses
1864 2059 2030 2107 uitam
2070 2057 2302 2117 ducunt,
2340 2058 2481 2107 Orco
2518 2057 2791 2122 spondent
2828 2073 2949 2122 sep·

656 2125 869 2173 timum’
896 2124 1106 2173 monuit
1130 2126 1381 2174 Muretus
1420 2124 1488 2175 sd
1515 2125 1718 2175 Catull.
1746 2141 1800 2190 p.
1826 2126 1924 2175 726
2029 2126 2076 2174 V
2114 2125 2324 2175 Nonius
2354 2128 2466 2187 135,
2493 2128 2523 2173 2
2551 2124 2950 2174 ‘luculenti-

651 2195 864 2240 tatem
904 2208 937 2240 a
962 2190 1285 2241 luculento.’
1324 2189 1657 2257 (himmide
1682 2192 1876 2245 Urbin.
1902 2194 2018 2254 307,
2045 2192 2080 2240 i.
2107 2207 2154 2241 e.
2185 2191 2540 2253 himinide)
2645 2192 2718 2243 VI
2745 2194 2950 2242 Festus

651 2274 703 2323 p,
741 2260 836 2308 177
878 2258 950 2309 Μ.
988 2259 1280 2309 ‘nictare
1318 2264 1375 2309 et
1411 2258 1687 2310 oculorum
1725 2265 1784 2310 et
1817 2259 2046 2310 aliorum
2083 2260 2442 2310 membrorum
2480 2260 2603 2309 nisu
2640 2274 2810 2324 saepe
2848 2259 2951 2308 ali-

649 2327 779 2390 quid
828 2327 1017 2376 conari
1062 2325 1269 2376 dictum
1315 2331 1400 2377 est
1445 2327 1514 2377 ab
1562 2328 1808 2392 antiquis
1844 2360 1909 2368 —
1947 2325 2224 2377 Caecilius
2272 2328 2330 2377 in
2366 2326 2673 2390 Hymnidet
2720 2327 2949 2394 garruli’

648 2487 862 2552 addidi,
911 2505 1017 2544 om.
1055 2488 1192 2544 libri
1319 2486 1392 2544 nil
1440 2487 1685 2546 Bothius
1814 2486 2016 2543 desiste
2059 2485 2340 2544 blaterare.
2388 2480 2611 2563 [edepol
2647 2480 2949 2562 uei-unist:]

650 2571 721 2628 nil
752 2573 863 2644 agit
892 2574 1038 2628 conl.
1079 2572 1209 2628 Ter.
1243 2573 1504 2629 hautont.
1542 2572 1664 2629 879
1712 2572 1799 2627 W.
1830 2572 2173 2643 Wagner-us.
2265 2573 2391 2628 Non
2413 2574 2601 2643 probo
2631 2574 2786 2644 quod
2822 2575 2949 2628 olim

649 2660 953 2727 temptaui.-
997 2654 1182 2710 desine
1240 2655 1556 2728 blanditiae,
1614 2655 1687 2710 nil
1732 2658 1850 2730 agis
1895 2655 1950 2710 ln
1998 2655 2193 2711 ambre.
2252 2657 2490 2711 inermus
2547 2655 2777 2712 blateras

650 2739 729 2796 68
776 2738 1011 2795 feruenti
1045 2746 1225 2794 scutra
1255 2743 1470 2812 scripsi
1497 2749 1708 2796 scutras
1757 2739 1933 2812 (corr.
1967 2755 2045 2798 εει·
2087 2747 2335 2796 scrutans
2383 2740 2479 2810 W)
2526 2738 2787 2795 set-uentis
2816 2739 2955 2795 libri

810 2822 899 2880 ’69
947 2824 1078 2896 quin
1127 2840 1331 2879 macera
1374 2826 1511 2888 libri
1554 2826 1683 2897 quin
1733 2825 2005 2880 machaera
2050 2827 2200 2894 edd.⁹
2249 2828 2587 2896 transposui
2757 2822 2949 2878 licitari

648 2910 772 2964 edd.
835 2907 1061 2963 licitaria
1115 2908 1252 2963 libri
1419 2925 1645 2964 aeneum
1700 2910 1868 2980 libri,
1926 2910 2081 2981 quod
2130 2910 2183 2965 si
2223 2924 2472 2966 seruare
2515 2912 2686 2977 uelis,
2743 2908 2950 2981 coepsti

648 2994 1012 3048 scribendum
1059 2996 1163 3062 sit,
1210 3011 1381 3065 quam
1420 2993 1672 3065 formam
1710 2999 1847 3065 post
1892 2993 2222 3049 Maduicum
2255 3009 2463 3063 opusc.
2511 2993 2584 3048 ΙΙ
2636 2991 2714 3049 68
2761 3009 2846 3066 sq.
2898 2999 2952 3047 et

650 3077 892 3133 Neuium
921 3095 1159 3149 qramm.
1190 3078 1292 3132 lat.
1323 3077 1397 3133 II
1417 3094 1477 3148 p.
1495 3077 1622 3134 420
1650 3079 1948 3134 damnauit
1979 3078 2246 3135 Klotzius
2275 3078 2353 3132 ad
2386 3076 2517 3133 Ter.
2535 3079 2714 3133 Andr.
2744 3094 2804 3148 p.
2839 3076 2949 3131 43:

648 3161 720 3216 cle
763 3162 860 3217 illo
908 3161 990 3232 cs.
1036 3160 1335 3218 Bentleius
1389 3163 1469 3218 ad
1510 3163 1657 3218 Hor.
1718 3178 1887 3218 serm.
1943 3162 2017 3218 II
2053 3161 2114 3233 3,
2165 3160 2302 3218 183.
2479 3177 2617 3235 quae
2671 3179 2722 3216 n.
2784 3161 2821 3217 i.
2866 3167 2950 3214 est

649 3261 864 3300 uersum
922 3244 1186 3301 sementis
1243 3255 1471 3302 scutras.
1561 3242 1593 3312 [Γ
1638 3245 1776 3313 Quin
1823 3263 1892 3301 m.
1941 3246 2133 3302 licitari
2178 3245 2406 3301 ahenum
2451 3246 2678 3319 coepisti
2734 3245 2951 3301 sciens?

650 3325 992 3403 Spenyblius
1021 3332 1114 3403 qui
1160 3337 1212 3384 te
1258 3332 1449 3385 armari
1494 3332 1673 3403 inepte
1717 3332 1843 3385 iusti
1891 3330 2127 3386 feruenti
2171 3338 2368 3385 scutra.
2461 3329 2600 3396 Quin
2646 3345 2716 3384 m.
2766 3328 2802 3383 Ι.
2858 3327 2950 3382 ad·

651 3429 867 3469 uersum
909 3429 1132 3469 aeneum
1164 3416 1371 3487 coepsti
1404 3415 1636 3470 insciens
1669 3413 1914 3472 Bothius
1944 3414 1980 3468 2
2026 3416 2097 3471 de
2142 3413 2423 3481 Qusaeoceo
2469 3417 2659 3486 aliquo
2689 3415 2950 3484 coyitans

650 3506 995 3571 praecantare
1053 3499 1221 3572 inepti
1280 3507 1364 3554 est
1410 3498 1685 3554 feruentes
1730 3507 1973 3554 scutras:
2031 3497 2170 3566 Quin
2218 3515 2284 3553 m.
2333 3497 2370 3553 Ι.
2419 3498 2711 3555 aduersum
2757 3513 2948 3551 aenum

648 3584 877 3656 coepisti
908 3583 1121 3637 sciens?
1168 3582 1493 3639 Grauertus
1525 3584 1690 3640 Anal.
1732 3600 1794 3654 p.
1831 3583 1953 3641 100
1984 3600 2121 3655 quae
2154 3597 2370 3638 narrare
2414 3582 2582 3656 inepti
2630 3589 2712 3636 est
2757 3580 2947 3636 Scutrai

651 3666 881 3723 feruenti
916 3707 1171 3726 ......
1207 3669 1335 3741 quin
1367 3667 1645 3723 machaera
1676 3665 1888 3723 Licitari
1919 3666 2204 3722 aduersum
2247 3657 2446 3724 ae‘nurn
2474 3665 2702 3738 coepisti
2732 3662 2950 3721 sciens?

651 3754 778 3808 olim
809 3756 867 3808 in
896 3750 1096 3823 praef.
1119 3768 1185 3823 p.
1218 3752 1317 3808 XI
1334 3767 1779 3823 proposueram.
1872 3752 2061 3808 Etiam
2091 3753 2239 3808 haec
2267 3757 2324 3808 in
2358 3758 2598 3808 mentem
2631 3755 2951 3807 uenerunt:

649 3837 855 3906 (morus
914 3834 1025 3907 es)
1070 3838 1192 3910 quia
1249 3836 1528 3891 exanclare
1584 3838 1698 3907 (uel
1745 3836 1992 3904 euomre)
2048 3835 2232 3909 inepti
2272 3843 2359 3891 est
2401 3835 2622 3891 Scutras
2669 3834 2949 3890 sementis,

650 3915 683 3983 [Γ
725 3915 867 3995 [ipse
912 3929 1029 3975 tute
1073 3919 1270 3994 ineptis
1287 3915 1333 3997 ‚]
1382 3921 1512 3992 quin
1558 3920 1835 3976 machaera
1865 3919 2079 3976 Licitari
2125 3919 2415 3976 aduersum
2447 3917 2675 3975 ahenum
2721 3919 2949 3991 coepisti

649 4006 844 4060 sciens,
938 4002 1104 4061 Certe
1146 4008 1206 4060 in
1251 4007 1421 4060 simili
1461 4004 1610 4059 haec
1654 4007 1897 4078 imaqine
1944 4008 2180 4061 uersari
2221 4006 2493 4061 uidentur
2536 4011 2711 4076 atque
2762 4003 2954 4058 Titinii

651 4107 707 4144 u.
743 4089 860 4145 127
894 4105 979 4162 sq.
1158 4089 1231 4145 71
1283 4105 1367 4144 em
1399 4106 1502 4144 om.
1532 4088 1669 4145 libri
1680 4113 1697 4143 .-
1741 4091 1998 4161 exempli
2024 4105 2206 4145 causa
2238 4107 2414 4146 unum
2444 4104 2523 4144 ex
2551 4090 2741 4143 multis
2785 4087 2946 4156 eleqi,

651 4175 857 4247 quibus
900 4177 1132 4245 expleri
1170 4180 1413 4229 metrum
1453 4176 1665 4244 possil,·
1710 4177 1828 4230 alia
1860 4181 1996 4230 sunt
2025 4172 2149 4229 uide
2184 4175 2292 4245 sis,
2340 4191 2392 4228 ιι.
2444 4188 2608 4242 nunc,
2656 4188 2708 4226 ιι.
2755 4172 2946 4225 istanc.

820 4257 1166 4314 luculentiam
1198 4262 1253 4314 in
1286 4261 1520 4314 senario
1552 4260 1910 4315 commendat
1949 4258 2371 4326 Buce-helerus,
2417 4259 2475 4311 in
2517 4258 2776 4310 lemmate
2807 4268 2945 4324 quo-

651 4357 762 4414 que
808 4343 981 4397 Nonii
1022 4341 1365 4397 luculentiam
1412 4350 1465 4396 et
1513 4349 1649 4398 ante
1685 4341 2115 4398 luculentitatem
2152 4346 2403 4411 periisse
2447 4341 2782 4409 suspicatus
