3400 5075
62 4963 206 4973 n-r—-f
249 4963 396 4972 —ss-..ss-

1268 183 1653 237 CAEcimvs
1691 185 1995 237 STATIVS
2148 226 2151 227 ν
2685 186 2773 249 45

1490 340 1584 404 VI
1631 339 1734 426 (6)
2254 392 2257 395 ¹

1749 454 1904 539 quid
1953 457 2072 520 tibi
2119 456 2462 540 aucupatio
2511 462 2611 521 est

645 567 1140 657 'Argumentum
1188 575 1302 635 aut
1356 570 1433 634 de
1490 593 1633 635 meo
1683 593 1901 635 amore
1958 571 2355 636 uerbificatio
2404 573 2502 636 est
2556 573 2769 656 patri?

1451 711 1797 777 HYMNIS

1526 828 1556 891 1
1605 825 1705 912 (7)

2172 917 2371 1000 habes

507 1030 593 1095 65
638 1029 1022 1094 Miletidam:
1080 1050 1201 1115 ego
1252 1030 1431 1094 illam
1478 1030 1628 1094 huie
1676 1029 2119 1114 despondebo‚
2165 1035 2231 1095 et
2277 1032 2477 1115 gnato
2527 1033 2764 1096 saltum

1746 1144 2083 1228 obsipiam.

1510 1259 1576 1324 II
1623 1259 1723 1344 (1)

638 1373 879 1440 Desine
924 1375 1306 1459 blanditiae,
1355 1372 1587 1461 [nugas
1633 1375 1916 1439 blateras
1926 1371 1965 1460 ‚]
2016 1373 2184 1439 m'hil
2216 1376 2371 1460 agit

639 1489 719 1554 In
765 1493 981 1554 am6re
1028 1491 1334 1554 inermuS.
1922 1464 1926 1473 ‚

468 1675 543 1725 VI
569 1664 834 1725 'Donatus
884 1675 941 1724 in
975 1674 1102 1725 Ter.
1140 1689 1263 1729 eun.
1299 1674 1396 1737 IV,
1431 1676 1482 1737 4,
1519 1676 1553 1725 4
1591 1673 1744 1738 ‘quid
1782 1675 1958 1725 uestis
1994 1675 2259 1725 mutatio?
2324 1675 2406 1725 sic
2443 1680 2692 1729 ueteres.
2715 1716 2727 1727 .
2752 1713 2764 1727 .

466 1741 750 1792 Caecilius
786 1736 1178 1809 ἁρπαζομένης
1228 1741 1379 1806 quid’
1418 1758 1465 1797 e.
1504 1758 1553 1806 q.
1590 1756 1634 1791 s.
1708 1739 2008 1808 (Caelius
2047 1741 2129 1795 ed.
2165 1742 2254 1792 Me
2296 1778 2309 1791 .
2354 1742 2587 1793 Celius
2636 1745 2764 1798 Par.

464 1809 642 1874 Lugd.
681 1809 900 1873 Dresd„
941 1808 1061 1859 edd.
1104 1810 1256 1860 Rom.
1300 1809 1461 1860 vind.
1507 1810 1677 1859 Taru.
1851 1800 2323 1878 ἆρπαζομένῃ]
2370 1811 2435 1859 in
2485 1852 2498 1865 .
2533 1849 2546 1863 .
2583 1847 2595 1861 .
2641 1811 2768 1863 Par.

467 1876 643 2009 Lugd).
669 1876 889 1941 Dresd„
930 1877 1059 1926 item
1085 1875 1289 1927 lacuna
1315 1876 1669 1942 interposita,
1706 1875 1803 1927 sed
1840 1892 1943 1926 om.
1979 1877 2049 1926 in
2088 1876 2208 1928 edd.
2234 1879 2388 1931 Rom.
2415 1876 2568 1928 vind.
2601 1878 2767 1930 Taru.

465 1943 605 1994 Med.

600 2011 830 2061 Hrums
876 2011 967 2061 uel
1013 2012 1268 2062 Hvunus
1318 2010 1700 2075 (Menandri?)
1782 2012 2126 2062 Meretricem
2175 2011 2452 2075 Hymnida
2495 2027 2596 2064 suo
2639 2029 2766 2065 aere

466 2083 702 2144 emptam
748 2094 919 2130 senex
966 2084 1124 2144 pater
1173 2079 1275 2129 alii
1322 2078 1695 2144 desponsurus
1742 2084 1854 2142 est,
1904 2083 1966 2128 ut
2003 2080 2213 2128 amanti
2257 2078 2369 2129 filio
2411 2094 2565 2144 spem
2601 2082 2769 2131 inter-

466 2145 679 2208 cludat,
728 2147 794 2199 fr.
831 2148 876 2197 1.
946 2145 1139 2212 Itaque
1184 2146 1506 2212 deprecanti
1546 2146 1890 2197 adulescenti
1937 2145 2064 2196 leno
2102 2146 2166 2195 fr.
2206 2146 2260 2196 11
2294 2146 2611 2210 respondet.
2683 2149 2767 2199 De

469 2212 846 2278 disputatione
875 2214 1019 2264 inter
1045 2213 1459 2264 adulescentem
1499 2219 1555 2264 et
1590 2228 1809 2264 seruum
1847 2218 2024 2263 restat
2059 2212 2127 2264 fr.
2151 2214 2253 2263 111.
2316 2213 2769 2280 Philosophantis

467 2275 608 2330 enim
648 2282 705 2330 in
742 2281 992 2331 maximis
1031 2296 1209 2331 rerum
1235 2282 1509 2346 angustiis
1546 2282 1695 2331 serui
1732 2281 2007 2331 inscitiam
2036 2281 2317 2345 inpatiens
2340 2279 2434 2330 ille
2473 2282 2768 2346 reprehen-

464 2347 571 2411 dit,
625 2348 717 2398 hic
772 2352 956 2398 autem
1000 2347 1248 2398 inridens
1296 2349 1538 2413 quaerit,
1586 2347 1715 2413 quid
1761 2349 1820 2398 ni
1864 2349 2011 2413 ipse,
2061 2362 2181 2397 cum
2229 2348 2310 2397 ita
2356 2349 2633 2399 animatus
2678 2352 2766 2412 sit,

467 2414 653 2480 gladio
700 2415 883 2481 potius
929 2417 984 2465 in
1030 2415 1337 2466 feruentem
1381 2415 1537 2467 illam
1579 2421 1822 2466 scutram
1868 2416 2075 2468 inruat.
2144 2414 2214 2465 Ni
2258 2417 2449 2465 mirum
2500 2416 2769 2467 uiolentia

468 2482 608 2532 nihil
643 2482 738 2533 hic
774 2482 987 2548 profici.
1057 2484 1227 2534 Porro
1267 2489 1482 2534 asotum
1520 2482 1934 2534 adulescentem
1973 2482 2135 2533 audis
2185 2482 2251 2531 fr.
2289 2482 2363 2531 IV
2402 2482 2477 2532 VI
2514 2484 2637 2547 VII,
2677 2501 2769 2551 pa·

467 2556 605 2599 trem
641 2555 827 2600 autem
864 2551 931 2600 fr.
970 2550 1114 2602 VIII.
1257 2552 1282 2601 1
1320 2551 1618 2602 Diomedes
1655 2567 1707 2617 p.
1733 2554 1834 2603 378
1858 2551 1917 2601 P.
1956 2550 2123 2616 ‘quod
2159 2549 2326 2616 uulgo
2363 2552 2594 2616 obsepio
2629 2552 2764 2603 dici-

467 2633 614 2682 mus,
649 2622 873 2668 ueteres
911 2617 1175 2684 obeipio
1213 2618 1489 2673 dixerunt.
1560 2618 1841 2669 Caecilius
1877 2620 1934 2668 in
1971 2617 2274 2682 Hymnide:
2313 2618 2511 2669 habes’
2549 2636 2596 2670 e.
2636 2637 2687 2683 q.
2724 2636 2767 2675 s.

467 2683 788 2746 (cecilius
814 2686 938 2739 Par.
967 2686 1010 2735 B
1037 2687 1252 2737 Monac.
1332 2688 1412 2736 im
1437 2685 1752 2750 hymnide
1787 2686 1910 2736 Par.
1935 2685 1982 2734 A
2007 2691 2088 2747 et,
2126 2685 2236 2735 nisi
2260 2686 2402 2750 quod
2429 2686 2522 2748 in,
2546 2688 2766 2738 Monac.

465 2751 594 2805 Par.
630 2753 674 2801 B
713 2753 796 2802 im
831 2751 1132 2817 hymnita
1166 2752 1285 2805 cod.
1324 2752 1594 2819 Scioppii,
1641 2768 1744 2803 om.
1783 2752 1905 2803 edd.
1941 2751 2105 2819 uett.)
2250 2753 2308 2802 11
2342 2753 2555 2804 Nonius
2598 2757 2689 2816 79,
2737 2758 2764 2804 1

468 2818 867 2879 ‘blaten-are,
905 2820 1221 2886 confingere
1259 2836 1357 2885 per
1394 2821 1703 2871 mendacia.
1772 2820 2035 2871 Afranius
2061 2857 2074 2871 .
2100 2857 2113 2870 .
2139 2857 2152 2870 .
2181 2819 2458 2871 blaterare
2487 2857 2499 2871 .
2526 2861 2537 2872 .
2564 2857 2577 2871 .
2617 2821 2764 2872 idem

638 2996 717 3054 62
765 2997 892 3070 quid
937 2995 1033 3054 tibi
1079 3016 1197 3056 una
1244 3014 1372 3056 cum
1410 2998 1658 3070 fabulae
1702 3001 1927 3055 nomine
1966 3001 2185 3056 lacuna
2239 3002 2532 3056 intercidit
2574 3000 2632 3055 in
2679 3003 2766 3057 ed.

460 3081 618 3138 Med.
805 3082 1048 3156 acceptio
1102 3084 1246 3139 Par.
1292 3083 1473 3157 Luyd.
1520 3083 1729 3139 Dresd.
1902 3090 1985 3139 est
2041 3101 2146 3140 om.
2201 3084 2326 3139 edd.
2376 3083 2539 3140 Rom.
2605 3084 2766 3141 Vind.
2806 3085 2809 3088 ’

472 3166 651 3222 Taru.
840 3165 919 3224 63
966 3168 1273 3241 argumenti
1329 3168 1472 3224 Par.
1530 3167 1735 3241 Luqd„
1793 3168 1880 3223 ed.
1942 3167 2118 3223 Taru.
2205 3166 2583 3223 adiumentum·
2623 3172 2766 3225 miro

468 3256 777 3306 commento
831 3250 1070 3322 Maeth
1112 3253 1150 3308 1.
1195 3255 1236 3308 l.
1280 3258 1661 3326 argumentum
1704 3267 1834 3325 qen.
1874 3253 2036 3323 plur.
2086 3267 2211 3307 esse
2269 3267 2385 3307 non
2429 3254 2767 3326 intelleqens

635 3328 750 3410 aut]
800 3342 858 3390 ut
903 3337 990 3390 ed.
1024 3335 1176 3391 Med.
1354 3351 1472 3391 meo
1520 3352 1626 3392 om.
1660 3335 1866 3405 GamL,
1912 3336 2036 3391 edd.
2072 3337 2236 3392 Rom.
2286 3334 2448 3391 γῦπα.
2487 3336 2666 3393 Tarte.

470 3417 763 3473 uerilicatio
810 3421 897 3475 ed.
934 3419 1086 3475 Med.
1135 3418 1410 3475 uerificato
1465 3421 1591 3475 edd.
1637 3421 1802 3476 Rom.
1866 3419 2029 3475 Vina.
2094 3420 2271 3476 Taru.
2475 3419 2553 3477 64
2600 3420 2764 3476 habes

468 3502 611 3558 Par.
663 3501 716 3556 A
759 3502 1011 3573 Monac„
1056 3504 1201 3559 Par.
1254 3502 1310 3557 B
1351 3522 1425 3560 m.
1473 3502 1544 3574 2,
1591 3506 1716 3560 cod.
1766 3503 2029 3575 Scioppii
2069 3502 2347 3577 (loquitur
2389 3520 2516 3560 cum
2561 3507 2767 3562 lenone

467 3585 672 3659 senex)
727 3585 838 3642 abis
895 3587 1038 3644 Par.
1088 3587 1144 3642 B
1187 3606 1257 3644 m.
1302 3605 1420 3659 pr.,
1478 3605 1583 3644 om.
1645 3589 1771 3645 edd.
1830 3594 1966 3644 πιθα.
2150 3587 2229 3645 65
2275 3586 2561 3643 Miletidam
2604 3590 2764 3656 libri,

469 3674 736 3741 ser-naui,
784 3675 920 3744 quia
967 3688 1167 3729 uerum
1213 3689 1341 3729 esse
1381 3678 1593 3744 potest.
1657 3672 1892 3728 Miletida
1938 3672 2184 3730 Botkius
2227 3672 2594 3728 mulierculam
2640 3674 2766 3729 edd.

469 3762 607 3812 neu.
778 3755 1116 3829 dispoudebo
1160 3757 1304 3812 Par.
1351 3756 1406 3811 B
1534 3765 1588 3811 et
1632 3765 1760 3812 nato
1798 3754 1987 3830 (gnato
2020 3756 2381 3831 Spenyelius)
2411 3759 2581 3830 uulyo
2616 3764 2669 3812 et
2701 3773 2764 3812 ex

469 3847 596 3896 nato
628 3841 827 3913 Parr„
875 3843 999 3897 cod.
1046 3840 1303 3911 Scioppii
1329 3848 1385 3896 et
1429 3856 1492 3896 ex
1536 3847 1687 3896 tanto
1736 3841 1968 3899 Monac.
2016 3859 2079 3898 ex
2123 3848 2251 3896 nato
2298 3842 2423 3898 edd.
2457 3848 2593 3897 uett.

468 3922 665 3980 saltum
694 3924 874 3980 Parr.
907 3924 1141 3981 Monac.
1193 3933 1306 3980 tum
1336 3926 1460 3982 cod.
1496 3923 1755 3996 Scioppii
1794 3926 1987 3991 saltem
2019 3928 2144 3988 edd.
2178 3933 2315 3982 neu.
2492 3925 2570 3981 66
2616 3924 2767 3981 blan-

469 4006 628 4063 ditiae
656 4010 793 4066 libri
808 4034 822 4062 .·
866 4007 1096 4065 blandiri
1128 4010 1378 4080 obuium,
1408 4010 1513 4065 sed
1532 4025 1747 4079 aarum
1776 4018 2105 4084 probabile.
2193 4009 2455 4065 blaterare
2486 4010 2641 4079 edd„
2669 4010 2772 4064 sed

467 4091 549 4163 cf.
584 4091 938 4149 Ritschelius
963 4094 1123 4150 Prol.
1169 4097 1229 4149 in
1266 4094 1422 4150 Trin.
1467 4111 1526 4164 p.
1564 4090 1830 4149 CCXCII
1857 4116 1948 4186 sq·
2042 4104 2274 4169 blatrare
2317 4109 2627 4164 syncopam
2658 4111 2770 4148 non

471 4177 889 4234 demonstrauit
921 4177 1247 4249 Geppertus
1276 4180 1346 4232 (Ie
1374 4186 1649 4247 pronum.
1679 4195 1742 4248 p.
1777 4179 1860 4240 65
1976 4205 2155 4289 nugas
2177 4185 2294 4240 siue
2326 4178 2518 4232 frustra
2548 4175 2775 4231 blateras
