3400 5075
693 273 873 327 XVIII
1573 277 2104 333 COROLLARIVM

691 437 913 501 iussit:
1002 431 1375 501 Theodotum
1446 438 1599 503 (lum
1681 439 1906 521 Ape'lla
1995 461 2347 522 σουψανας,
2433 444 2542 523 qui
2626 442 2983 526 Compitali-

691 544 801 608 bus
847 568 897 609 e.
947 568 1004 629 q.
1054 568 1101 609 s.

869 669 946 733 V.
1000 671 1120 732 107
1179 692 1311 734 11011
1360 668 1764 753 Saturnium,
1814 672 1921 734 sed
1970 674 2374 736 octonarium
2427 674 2775 739 iambicum
2827 699 2987 760 esse,

691 782 764 839 ut
823 778 981 840 011111
1041 777 1590 860 significaveram,
1646 778 1939 841 Andreas
1999 777 2695 865 Spengeliusaquoque
2753 783 2984 847 Philol.

691 883 911 946 XXIII
967 884 1091 946 100
1139 884 1355 947 sensit.
1431 882 1789 947 Dictatoris
1838 888 2072 966 autem,
2121 886 2299 948 velut
2344 888 2480 949 eius
2529 888 2637 969 qui
2687 890 2983 952 ludorum

690 990 1133 1053 faciendorum
1173 1012 1369 1052 causa
1407 989 1609 1053 creari
1651 991 1922 1074 solebat,
1958 996 2033 1054 ut
2070 992 2214 1073 ipsa
2244 992 2478 1056 Naevii
2518 997 2731 1056 aetate
2772 1018 2826 1057 a.
2858 996 2985 1057 546

691 1095 863 1179 (Liv.
911 1095 1163 1159 XXVII
1211 1093 1333 1178 33)
1390 1096 1633 1159 factum
1693 1102 1810 1179 est,
1871 1098 1936 1159 in
1985 1100 2319 1161 comoedia
2383 1100 2778 1162 mentionem
2844 1100 2981 1163 fie'ri

692 1204 981 1286 potuisse
1028 1204 1099 1266 in
1145 1202 1345 1285 praef.
1394 1203 1821 1285 proecdoseos
1871 1227 1932 1286 p.
1982 1203 2071 1266 XI
2120 1205 2362 1268 monui.
2438 1209 2629 1288 atque
2679 1203 2985 1289 ad'ipsos

692 1332 978 1373 carceres
1029 1310 1182 1373 circi
1229 1309 1769 1393 pe1·vehi⁸dicitur
1815 1310 2096 1373 dictator
2141 1311 2208 1374 in
2254 1312 2462 1374 frusto
2510 1317 2755 1395 nostro,
2803 1314 2983 1376 euius

688 1439 805 1480 nec
863 1416 1396 1479 Friedlaenderus
1444 1416 1513 1478 in
1557 1415 1829 1479 Beckeri
1889 1420 1953 1477 et
1999 1416 2400 1500 Marquardti
2451 1422 2610 1482 autt.
2659 1418 2842 1482 Rom.
2889 1419 2982 1482 IV

690 1546 750 1606 p.
798 1523 927 1585 499
983 1544 1102 1585 nec
1150 1521 1591 1585 Mommsenus
1649 1523 1716 1584 in
1767 1523 2050 1585 eiusdem
2109 1524 2321 1606 operis
2377 1526 2565 1587 novis
2614 1525 2782 1588 curis
2832 1550 2870 1588 a
2916 1548 2983 1587 se

690 1630 1028 1693 retractati
1079 1629 1202 1693 vol.
1250 1628 1279 1691 Ι
1330 1652 1388 1711 p.
1438 1630 1567 1692 312
1616 1650 1932 1691 memores
1979 1629 2255 1693 fuerunt.

862 1754 1105 1818 Versus
1152 1754 1273 1815 108
1333 1775 1477 1815 cum
1526 1756 1589 1813 et
1644 1775 1947 1815 numeros
1996 1776 2035 1816 a
2083 1777 2348 1818 caesura
2393 1755 2691 1820 laborare
2733 1762 2797 1821 ct
2843 1759 2976 1822 lan-

687 1883 880 1944 guere
936 1862 1006 1924 in
1062 1861 1266 1924 tantis
1328 1859 1674 1922 clarissimi
1736 1859 1856 1921 viri
1923 1860 2221 1924 laudibus
2266 1883 2443 1943 saepe
2503 1865 2835 1948 sentirem,
2889 1866 2979 1928 nil

688 1968 905 2031 inveni
955 1966 1122 2050 quod
1170 1969 1305 2028 tam
1356 1965 1695 2047 probabile
1742 1969 1914 2028 esset
1959 1989 2151 2049 quam
2193 1988 2305 2047 per
2344 1967 2630 2033 adverbii
2678 1972 2822 2034 loco
2869 1994 2981 2054 po-

687 2076 902 2137 situm.
986 2095 1137 2136 nam
1193 2094 1309 2136 sua
1365 2095 1557 2154 quam
1617 2072 1896 2133 otiosum
1957 2072 2043 2134 sit
2098 2073 2290 2136 facile
2351 2075 2752 2158 intellegitur
2812 2101 2980 2140 00111-

688 2179 934 2263 paratis
976 2179 1128 2261 illis,
1176 2200 1337 2260 quae
1377 2178 1453 2240 de
1494 2177 1717 2240 Aiacis
1757 2178 1993 2241 virtute
2035 2180 2100 2241 in
2140 2180 2478 2261 tragoedia
2516 2178 2664 2265 (inc.
2697 2183 2815 2247 inc.
2853 2184 2979 2245 fab.

686 2285 999 2370 XXXIII)
1046 2284 1423 2368 praedicata
1471 2289 1644 2348 sunt:

953 2410 1205 2472 facinus
1252 2409 1410 2472 fecit
1456 2409 1832 2491 maximum,
1880 2431 2025 2471 011111
2073 2408 2321 2473 Danais
2369 2411 2831 2475 inclinantibus

824 2518 1147 2582 summam
1194 2515 1469 2599 perfecit
1514 2515 1667 2597 10111,
1716 2536 1912 2578 manu
1959 2517 2075 2579 sua
2124 2516 2412 2582 restituit
2456 2517 2791 2601 proelium.

690 2645 849 2708 haec
900 2643 1374 2730 enimfsumma
1423 2641 1558 2703 eius
1605 2640 1747 2702 laus
1793 2640 1938 2722 fuit,
1986 2662 2131 2704 cum
2179 2641 2409 2704 ceteris
2459 2642 2729 2705 devictis
2778 2647 2843 2705 et
2889 2645 2979 2706 la-

691 2750 1001 2814 bantibus
1051 2748 1227 2812 solus
1268 2771 1383 2810 sua
1422 2747 1659 2810 virtute
1709 2747 1930 2810 hostes
1969 2748 2400 2828 sustinuisset,
2446 2749 2508 2810 id
2549 2750 2716 2831 quod
2763 2752 2977 2812 tamen

687 2879 727 2919 a
781 2855 990 2918 nostri
1049 2855 1173 2917 loci
1232 2854 1555 2916 sententia
1612 2854 1893 2917 alienum
1952 2859 2066 2917 est.
2156 2854 2264 2916 sed
2323 2854 2528 2916 multo
2585 2854 2782 2916 etiam
2839 2876 2976 2935 per·

686 2962 933 3026 versior
979 2958 1086 3044 (ne
1135 2961 1474 3024 audaciam
1512 2960 1809 3045 tangam)
1858 2961 1985 3024 ista
2025 2961 2395 3023 coniectura
2432 2965 2550 3043 est,
2596 2982 2722 3042 qua
2768 2966 2974 3024 trans-

683 3069 891 3131 fertur
950 3091 987 3130 a
1041 3067 1253 3150 primo
1311 3089 1500 3130 versu
1563 3069 1643 3130 ad
1702 3067 1968 3130 tertium
2028 3088 2228 3148 saepe,
2288 3071 2362 3130 ut
2416 3067 2585 3150 quod
2640 3088 2770 3130 non
2831 3066 2976 3149 plus

676 3175 884 3238 semel
932 3175 1177 3237 factum
1218 3195 1356 3237 esse
1404 3197 1506 3236 res
1554 3175 1698 3256 ipsa
1739 3175 1995 3254 clamat,
2043 3174 2244 3256 pallio
2282 3196 2412 3237 uno
2453 3174 2685 3236 misere
2735 3177 2976 3236 tectum

684 3282 889 3344 filium
947 3283 1133 3363 pater
1177 3283 1251 3344 ut
1304 3284 1501 3344 1100111
1550 3281 1631 3342 111)
1681 3279 1892 3343 amica
1938 3280 2304 3362 abduxerit,
2366 3281 2524 3342 illud
2574 3303 2764 3362 saepe
2813 3280 2975 3341 acci-

683 3388 854 3450 disse
904 3387 1269 3450 incredibili
1320 3390 1385 3448 et
1429 3386 1623 3449 nimis
1672 3386 1945 3452 ridicula
1992 3385 2350 3467 hyperbole.
2398 3371 2708 3447 narretur.

862 3529 1140 3593 Versum
1188 3527 1310 3590 115
1367 3529 1453 3610 is,
1492 3530 1601 3612 qui
1640 3551 1848 3612 nuper
1896 3526 2360 3591 commentario
2404 3526 2484 3588 ad
2523 3524 2757 3588 Lucilii
2803 3525 2975 3608 frag-

686 3640 908 3700 menta
955 3635 1263 3699 conviciis
1314 3635 1715 3718 inficeti-sque
1754 3634 2040 3697 dicteriis
2080 3632 2393 3722 adornato
2431 3655 2670 3696 novum
2711 3633 2977 3716 puerilis

685 3743 1082 3827 petulantiae
1138 3747 1627 3806 monumentum
1686 3742 1913 3822 edidit,
1970 3762 2046 3802 ea
2092 3761 2218 3822 qua
2265 3761 2457 3802 sanos
2516 3762 2736 3802 omnes
2786 3741 2977 3824 longe

686 3854 949 3934 superat
1005 3849 1394 3912 confidentia
1450 3853 1514 3911 et
1561 3847 1784 3912 Colaci
1841 3847 2089 3909 addixit
2145 3843 2323 3928 (quia
2379 3846 2629 3910 scilicet
2689 3845 2976 3912 Corolla-

689 3958 853 4020 riam
901 3978 1218 4038 nusquam
1267 3955 1426 4018 alibi
1470 3954 1725 4018 Nonius
1773 3953 2152 4034 laudaverit,
2200 3990 2283 3997 —
2331 3952 2514 4035 quasi
2560 3976 2691 4016 11011
2738 3955 2978 4016 multos

687 4064 853 4127 alios
902 4063 1104 4124 libros
1155 4062 1351 4124 semel
1399 4061 1466 4123 in
1515 4059 1838 4143 glossario
1888 4060 2024 4122 eius
2081 4060 2576 4122 commemorari
2624 4057 2977 4138 constaret)

684 4174 750 4233 et
796 4168 1040 4252 expleri
1098 4167 1290 4230 iussit
1334 4186 1551 4228 uerum
1611 4166 1951 4229 scribendo
2013 4188 2130 4249 pro
2180 4188 2254 4228 eo
2304 4165 2472 4247 quod
2518 4164 2831 4226 traditum
2879 4164 2979 4222 est

684 4282 750 4338 et
798 4274 1156 4338 sententiae
1205 4274 1510 4336 convenit
1554 4278 1784 4336 vetrum.
1854 4294 2006 4336 nam
2054 4272 2331 4356 primam
2381 4267 2729 4351 septenarii
2778 4266 2972 4347 sylla—
