3400 5075
1333 288 1858 343 coaoLLAva
2563 256 2742 344 xxm

625 453 1305 518 Plauto-versiculum
1364 452 1658 535 relinquo
1715 452 1816 515 bis
1874 475 1913 515 a
1969 451 2185 515 Nonio
2241 474 2301 535 p.
2355 453 2506 535 149,
2553 455 2593 516 9
2652 452 2744 537 (v.

444 558 758 644 petilum)
823 565 887 622 et
943 560 1101 641 205,
1149 560 1190 621 3
1247 556 1340 642 (v.
1386 557 1707 644 frontem)
1772 558 2132 640 laudatum,
2194 559 2304 621 sed
2372 565 2745 643 corruptum

444 673 722 751 utroque
784 667 957 748 loc0,
1018 666 1199 729 cuius
1247 664 1498 728 medela
1545 668 1715 728 certe
1761 664 2009 746 Oedipo
2066 665 2555 747 Petropolitano
2614 689 2745 732 non

446 774 743 858 contigit.
828 772 992 837 mihi
1062 777 1307 835 certum
1374 771 1629 834 videtur
1692 770 1854 834 haec
1918 771 2288 835 coloratum
2348 772 2745 857 (coloratum)

443 882 709 960 fron-tem
764 879 943 943 habet
997 878 1395 942 emendanda
1443 899 1611 942 esse:
1665 878 2024 941 corollatum
2069 878 2174 941 ille
2223 878 2491 958 frontem
2536 880 2742 956 haben

449 992 663 1049 cetera
699 985 1098 1050 Bitschelius
1148 984 1462 1047 absolvat.

626 1092 863 1156 Merito
893 1093 1060 1155 inter
1089 1090 1288 1169 Caeli-i
1315 1090 1643 1171 Antipatri
1679 1089 2051 1175 fragmenta
2087 1092 2417 1156 rettulisse
2451 1093 2745 1158 videntur

451 1220 613 1282 quae
643 1199 813 1281 apud
843 1198 1105 1261 Petrum
1136 1199 1205 1260 in
1242 1196 1703 1260 historicorum
1733 1195 2173 1261 Romanorum
2203 1198 2495 1281 reliquiis
2526 1222 2584 1281 p.
2620 1201 2743 1264 148

445 1328 509 1367 n.
556 1307 599 1367 ἴ)
654 1328 713 1387 p.
768 1305 892 1368 163
938 1327 998 1367 n.
1047 1306 1128 1368 57
1190 1306 1439 1386 extant,
1496 1324 1884 1385 quamquam
1945 1304 2126 1386 prior
2179 1305 2359 1369 locus
2417 1304 2482 1387 (a
2527 1304 2744 1368 Nonio

446 1435 512 1495 p.
559 1412 675 1493 80,
722 1412 808 1474 32
856 1411 1156 1474 laudatus
1205 1410 1584 1491 ‘bellosum,
1632 1408 2044 1485 bellicosum..
2109 1408 2406 1474 Caecius:
2454 1411 2743 1476 tantum'

446 1541 500 1581 e.
548 1540 609 1600 q.
659 1516 735 1602 S.)
780 1539 911 1581 non
960 1518 1268 1581 abhorret
1315 1539 1353 1579 a
1399 1515 1708 1596 numeria,
1756 1515 1811 1577 si
1859 1516 2159 1581 lacunam
2206 1522 2484 1581 statuas:

715 1625 971 1687 tantum
1020 1623 1262 1686 bellum
1310 1622 1627 1685 suscitare
1675 1622 1894 1685 ednari
1942 1623 2349 1686 aduersarios

718 1778 1537 1795 ........
1643 1731 1870 1791 contra
1919 1727 2238 1791 belloslim
2285 1749 2486 1812 genus

450 1843 803 1919 notumque
851 1840 951 1898 est
998 1857 1190 1918 quam
1242 1856 1435 1916 saepe
1481 1834 1547 1897 in
1588 1832 1923 1897 comoedia
1971 1834 2356 1898 astutiarum
2406 1834 2743 1898 machinae

448 1967 591 2006 cum
644 1943 816 2006 bello
863 1945 1334 2024 comparentur.
1424 1940 1769 2003 Librorum
1818 1940 2077 2023 quidem
2124 1941 2501 2005 testimonia
2545 1939 2744 2024 (apud

448 2048 735 2112 Nonium
784 2049 1013 2112 caelius
1059 2047 1238 2111 Harl.
1278 2046 1454 2109 Leid.
1502 2046 1725 2109 melius
1761 2046 1992 2110 Bamb.
2032 2044 2213 2110 Colb.
2255 2048 2417 2112 Dan.
2464 2049 2746 2112 caecilius

446 2153 537 2216 W
584 2153 726 2217 Par.
775 2154 826 2216 P
872 2154 1098 2218 Urbin.
1139 2152 1296 2239 307)
1344 2174 1574 2235 parum
1622 2152 1769 2215 fidei
1820 2158 2171 2218 merentur:
2220 2160 2392 2217 certe
2439 2156 2506 2217 in
2543 2154 2743 2219 Nonii

446 2265 515 2322 et
575 2260 893 2323 Prisciani
956 2260 1286 2323 codicibus
1347 2259 1683 2323 sollemnis
1745 2260 1879 2322 fere
1940 2260 2137 2325 Caelii
2196 2265 2261 2324 et
2319 2260 2573 2324 Caecilii
2629 2283 2741 2325 no-

448 2365 697 2429 minum
748 2370 848 2427 est
893 2366 1319 2429 commutatio
1367 2364 1541 2448 (vide
1588 2366 1766 2429 Petri
1824 2367 1967 2431 adn.
2017 2367 2157 2429 crit.
2206 2367 2286 2429 ad
2344 2367 2420 2429 fr.
2469 2367 2527 2429 5.
2578 2368 2633 2431 7.
2682 2368 2740 2430 8.

449 2472 511 2534 9.
559 2473 662 2536 23.
709 2473 811 2536 26.
859 2473 963 2539 30.
1010 2473 1114 2536 36.
1153 2472 1255 2535 37.
1302 2472 1406 2535 43.
1454 2472 1558 2535 45.
1605 2473 1709 2535 57.
1758 2471 1889 2556 62).
1963 2472 2194 2536 addere
2251 2495 2516 2556 possum
2571 2473 2741 2556 apud

447 2579 737 2644 Nonium
787 2603 845 2662 p.
875 2582 978 2661 87,
1008 2581 1068 2662 6,
1106 2580 1216 2642 ubi
1257 2580 1451 2643 ceteri
1495 2579 1646 2642 libri
1676 2579 1924 2643 Caelius
1967 2602 2308 2663 perperam
2346 2603 2463 2663 pro
2493 2578 2746 2644 Claudii

449 2686 709 2749 nomine
767 2684 1059 2769 (Uandii
1119 2685 1531 2768 Quadrigarii
1587 2684 1664 2749 fr.
1721 2687 1816 2748 24·
1865 2709 1924 2768 p.
1971 2687 2098 2749 217
2151 2685 2239 2772 P)
2296 2687 2621 2768 exhibent,
2675 2687 2742 2750 in

450 2792 771 2856 Urbinate
817 2794 943 2856 307
995 2792 1193 2856 etiam
1240 2793 1406 2856 cecili
1452 2792 1552 2855 lib.
1598 2791 1647 2854 I
1688 2792 1959 2855 laudari.

627 3005 1052 3072 IVVENTIO
1100 3006 1201 3070 vel
1259 3009 1429 3071 certe
1486 3006 1736 3070 comico
1784 3006 2068 3090 cuipiam
2126 3013 2356 3090 poetae
2419 3030 2533 3072 eur
2578 3030 2742 3092 quae

448 3112 621 3195 apud
671 3112 1035 3177 Varronem
1083 3113 1159 3176 de
1206 3113 1246 3177 l.
1294 3114 1333 3177 l.
1382 3112 1507 3176 VII
1566 3114 1688 3175 104
1735 3112 1820 3177 Μ.
1866 3114 2099 3177 misere
2156 3119 2463 3197 corrupta
2519 3120 2742 3179 extant

449 3220 711 3282 mallem
751 3243 943 3303 quam
985 3219 1178 3283 Sueio
1218 3221 1560 3302 ascribere,
1598 3220 1663 3282 in
1707 3243 1930 3283 museo
1969 3220 2282 3284 Rhe-‚nano
2321 3220 2570 3284 XXVII
2617 3222 2740 3284 183

450 3327 611 3390 satis
675 3327 962 3409 exposui.
1052 3324 1169 3390 nec
1230 3327 1432 3389 miror
1491 3327 1662 3410 quod
1723 3328 1833 3410 qui
1898 3349 2105 3409 nuper
2166 3325 2313 3389 Suei
2382 3327 2737 3389 carminum

449 3433 757 3515 reliquias
804 3433 1056 3495 iteratis
1097 3434 1268 3496 curis
1315 3434 1698 3517 recognovit
1744 3456 1886 3496 mea
1932 3453 2049 3495 nec
2088 3453 2445 3494 memorare
2482 3455 2598 3495 nec
2646 3455 2739 3495 re-

448 3539 662 3602 futare
716 3540 1021 3624 dignatus
1078 3540 1416 3622 inquinare
1484 3541 1692 3604 saliva
1747 3562 1864 3603 sua
1920 3542 1992 3602 ut
2047 3538 2214 3601 solet
2273 3537 2433 3600 satis
2494 3538 2741 3602 habuit.

448 3667 653 3729 neque
701 3646 890 3709 istius
938 3667 1060 3728 ego
1106 3645 1363 3709 facetiis
1401 3647 1750 3730 quidquam
1796 3667 2107 3728 reponam
2153 3647 2410 3729 praeter
2454 3644 2738 3726 lepidum

450 3753 858 3835 versiculum,
904 3774 1094 3835 quem
1143 3776 1431 3816 summus
1480 3757 1674 3836 poeta
1710 3756 1933 3816 noster
1976 3733 2109 3817 non
2154 3751 2253 3816 sui
2300 3755 2554 3816 tantum
2604 3752 2738 3834 opi-

451 3881 571 3923 nor
616 3858 992 3923 consolandi
1034 3881 1234 3922 causa
1278 3860 1345 3922 in
1395 3860 1898 3922 obtrectatorem
1946 3859 2218 3924 lividum
2256 3863 2323 3922 et
2367 3863 2735 3942 protervum

451 3966 628 4029 iecit:

629 4071 988 4155 holopzinto
1019 4095 1170 4137 suus
1201 4074 1325 4138 sibi
1361 4071 1542 4155 pedis
1572 4077 1689 4155 est,
1720 4077 1785 4136 et
1814 4073 1975 4137 mihi
2006 4074 2115 4156 pol
2153 4095 2333 4137 meus
2363 4071 2648 4137 debetur.

451 4176 646 4241 libuit
691 4179 861 4242 enim
922 4180 1161 4244 bellum
1206 4181 1648 4264 septenarium
1695 4180 1927 4243 Latine.
1983 4180 2261 4244 reddere.
2342 4202 2494 4242 nam
2540 4180 2736 4243 etiam

451 4283 684 4364 quibus
734 4285 799 4348 in
848 4286 977 4349 alio
1036 4287 1321 4350 carmine
1371 4287 1685 4350 Goethius
1735 4288 2002 4350 eundem
2058 4284 2383 4350 hominem
2435 4286 2736 4368 pestilen-
