3400 5075
1349 326 1411 374 L.
1453 325 1809 377 AFRANIVS
2610 325 2728 389 189

1458 480 1552 546 IV
1640 484 1668 544 1

612 597 777 662 Ilhid
828 601 1183 672 memento,
1231 599 1312 660 ne
1359 598 1510 681 quid
1559 479 2007 681 isspiudentius

441 713 564 777 195
613 713 920 778 Blatere&

1302 884 1307 892 .
1472 801 1533 866 V
1582 798 1684 887 (4)

607 915 852 1002 'Itaque
903 914 1100 1003 [quia]
1152 917 1427 1000 spissum
1477 918 1732 981 uidetur
1778 916 1949 998 fieri,
1997 939 2130 981 non
2176 921 2441 1000 possdm
2488 918 2659 982 domi

608 1032 822 1096 Metim
880 1033 1088 1096 uirum
1146 1034 1506 1115 expectere,
1563 1055 1752 1116 quem
1810 1033 1968 1096 mihi
2025 1032 2250 1096 stlideo
2309 1034 2436 1096 iam
2484 1032 2723 1096 dudtim

2132 1148 2286 1213 dari

1458 1235 1552 1300 VI
1600 1235 1700 1323 (6)

608 1351 758 1415 Non
809 1358 1008 1435 iisque
1056 1374 1308 1436 quaque
1357 1352 1658 1415 id6neum
1709 1352 2003 1416 inuenies
2050 1351 2279 1435 locum,

611 1466 738 1531 Vbi
791 1468 1134 1552 derepente
1183 1474 1328 1532 clim
1375 1466 1535 1529 uelis
1583 1466 1784 1529 facies
1832 1467 2057 1530 lutum.

1438 1581 1567 1646 VII
1647 1583 1686 1644 3

427 1698 559 1760 200
605 1698 820 1781 Atque
868 1698 1062 1761 etiam
1110 1697 1349 1762 incedit
1393 1697 1545 1760 hdc:
1595 1579 1817 1779 grgcul
1864 1698 2254 1761 concessere.

1413 1809 1737 1875 INIMICI

1552 1926 1582 1990 I

605 2041 746 2106 Hoc
797 2043 1062 2108 6bsecro
1110 2043 1307 2127 igitur
1354 2043 1526 2126 zigite
1573 2045 1639 2104 et
1686 2064 1786 2104 me
1834 2042 2232 2107 adiutdmini.

1543 2157 1608 2222 II

607 2234 846 2338 Multa.x
864 2241 1259 2340 zic‘molesta
1305 2294 1400 2337 es:
1448 2273 1650 2357 p6tin’
1697 2277 1771 2336 ut
1816 2273 1967 2336 hinc
2015 2255 2338 2338 facessas?
2385 2325 2399 2338 .
2448 2325 2461 2338 .
2509 2325 2523 2339 .
2572 2326 2586 2339 .

423 2451 543 2501 dio:
581 2456 636 2500 o’
676 2468 722 2504 e.
749 2466 800 2514 q,
827 2466 868 2500 s.
941 2445 1362 2514 (Africanius
1398 2452 1614 2514 Bamb.)
1756 2451 1831 2500 IV
1870 2450 2078 2500 Nonius
2105 2451 2186 2510 78,
2222 2453 2286 2500 33
2324 2450 2716 2510 ‘blaterare‚

424 2519 738 2585 confingere
776 2535 871 2585 per
907 2518 1209 2568 mendacia.
1292 2519 1568 2569 Afranius
1593 2521 1815 2585 Augure
1857 2513 1981 2584 [lv]
2031 2517 2173 2567 idem
2220 2519 2511 2570 lucendio:
2561 2521 2717 2571 illud’

424 2604 472 2643 e,
511 2604 560 2651 q.
601 2603 642 2638 s.
787 2589 827 2635 V
866 2587 1075 2636 Nonius
1100 2589 1218 2649 392,
1262 2589 1321 2637 16
1360 2589 1671 2652 ‘spissum
1711 2585 1993 2650 significat
2030 2586 2186 2636 tarde
2215 2623 2226 2635 .
2253 2622 2266 2636 .
2295 2625 2306 2636 .
2334 2588 2597 2638 Afranius
2634 2588 2720 2638 In·

421 2656 641 2704 cendio:
680 2656 892 2720 itaque’
933 2670 980 2704 e.
1022 2669 1075 2719 q.
1111 2669 1154 2704 s.
1331 2657 1403 2706 Vi
1445 2656 1652 2705 Nonius
1688 2657 1808 2716 518,
1846 2656 1877 2703 6
1907 2649 2297 2719 ‘derepente
2328 2692 2339 2704 .
2372 2694 2383 2704 .
2413 2692 2426 2704 .
2461 2657 2718 2707 Afranius

423 2722 710 2772 lucendio:
750 2726 881 2772 non’
921 2737 969 2769 e.
996 2736 1050 2785 q.
1079 2738 1120 2771 a.
1262 2723 1366 2772 VII
1409 2724 1615 2771 Nonius
1643 2725 1761 2780 ⁶270,
1800 2725 1831 2772 6
1870 2722 2283 2784 ‘concedere‚
2326 2724 2586 2775 recedere
2626 2725 2714 2774 uel

422 2790 617 2840 cedere
646 2829 656 2839 .
687 2827 700 2840 .
729 2831 741 2844 .
770 2789 1031 2839 Afranius
1068 2790 1123 2838 iu
1161 2790 1448 2840 lucendio:
1487 2795 1678 2853 atque’
1721 2807 1767 2843 e.
1806 2806 1856 2855 q.
1893 2804 1937 2843 s,

556 2859 771 2908 Initum
843 2857 869 2905 1
904 2856 1114 2906 Nonius
1148 2860 1266 2910 477.
1305 2860 1369 2908 27
1410 2857 1672 2919 ‘adiuta
1688 2864 1793 2907 tur
1829 2874 1925 2922 pro
1953 2856 2170 2906 adiutut
2194 2893 2209 2907 .
2235 2894 2246 2906 .
2276 2894 2289 2907 .
2317 2857 2579 2909 Afranius
2606 2861 2713 2910 Ini-

422 2926 607 2976 minist
647 2926 769 2975 hoc'
809 2941 856 2975 e.
898 2938 949 2986 q.
989 2939 1031 2979 s,
1204 2924 1258 2973 11
1293 2926 1502 2975 Nonius
1539 2927 1655 2987 306,
1691 2927 1758 2975 25
1796 2925 2170 2975 ‘facessere
2213 2930 2297 2975 est
2335 2926 2537 2977 facere.
2612 2930 2717 2975 En-

422 2994 545 3042 nius
586 3031 598 3044 .
638 3035 652 3049 .
694 3030 705 3042 .
752 2993 941 3041 dicta
988 2992 1362 3043 facessunt.
1446 2993 1710 3042 Afranius
1757 2992 1820 3042 in
1868 2993 2042 3042 imis:
2094 2992 2305 3044 multa
2350 3030 2364 3044 .
2413 3037 2424 3048 .
2464 3035 2477 3049 .
2525 2994 2714 3045 dicta

427 3061 800 3110 sacenses?
840 3059 1078 3124 (mimis
1115 3060 1275 3110 Bern.
1311 3060 1623 3110 Inimicis
1659 3058 1876 3125 Iunius)

594 3220 711 3278 194
767 3219 1143 3295 inprudentius
1199 3237 1356 3277 nunc
1424 3224 1639 3291 scripsi
1691 3222 1745 3277 in
1802 3221 1988 3295 primis
2052 3223 2216 3291 libri,
2274 3238 2416 3294 quos
2479 3230 2715 3279 secutus

420 3309 548 3362 olim
591 3312 722 3377 post
765 3307 816 3360 in
875 3305 1059 3377 primis
1109 3309 1358 3362 ultimum
1404 3309 1627 3361 senarii
1673 3308 1875 3377 pedem
1921 3309 2118 3362 deesse
2173 3313 2512 3361 statueram.

420 3407 486 3445 ne
532 3390 659 3464 quid
703 3390 943 3463 inprimis
985 3387 1142 3445 blatis
1192 3390 1436 3446 Botlzius
1480 3406 1548 3445 ne
1594 3390 1723 3463 quid
1779 3392 1832 3445 in
1879 3391 2065 3463 primis
2112 3388 2275 3444 blatas
2324 3392 2418 3446 uel
2473 3392 2712 3464 inprimis

420 3490 486 3530 ne
532 3474 659 3548 quid
705 3473 935 3529 blateres
982 3474 1358 3531 Hermaunus
1393 3477 1433 3530 l.
1478 3478 1518 3531 I.
1551 3473 1672 3530 282
1721 3491 1787 3529 ne
1833 3473 1960 3546 quid
2006 3474 2059 3528 in
2104 3475 2288 3546 primis
2332 3473 2534 3529 blatrcs
2566 3476 2713 3547 Gep-

415 3566 620 3630 pertus
663 3560 733 3615 de
774 3558 1179 3629 pronuut.,65
1359 3559 1474 3616 196
1521 3560 1703 3632 itaque
1762 3560 1883 3632 quia
1929 3556 2046 3628 (uel
2091 3574 2287 3630 quom:
2346 3562 2473 3615 olim
2533 3559 2711 3627 nimis)

419 3645 633 3714 scripsi
674 3644 854 3716 itaque
896 3645 1044 3700 libri.
1086 3643 1315 3699 Conieci
1350 3650 1664 3715 praeterea
1712 3642 1874 3716 idque
1920 3643 2041 3715 quia
2089 3644 2182 3696 uel
2224 3642 2437 3716 itaque,
2485 3660 2600 3698 nam

418 3729 598 3802 itaque
659 3729 892 3800 spissum
953 3726 1066 3782 fieri
1127 3727 1341 3783 uidetur
1396 3728 1640 3784 Bothius
1700 3728 1882 3799 itaque
1937 3727 2170 3799 spissum
2227 3726 2352 3781 mihi
2410 3726 2709 3793 uidetur's.

417 3815 637 3869 mauult
683 3813 1082 3868 Buechelerus
1219 3821 1452 3886 possunt
1499 3813 1639 3868 Gen.
1685 3812 1841 3867 Leid.
1889 3810 2031 3866 Par.
2079 3810 2133 3866 P
2301 3811 2420 3867 198
2464 3814 2710 3867 inuenias

418 3916 521 3953 om.
575 3897 774 3952 Bamb.
971 3897 1148 3951 iocum
1195 3896 1350 3952 Leia.
1552 3896 1667 3952 199
1716 3895 1923 3950 inca-um
1969 3895 2215 3951 Bothius
2259 3895 2294 3949 2
2343 3912 2471 3951 cum
2516 3896 2709 3967 Lipsio

417 3984 582 4053 epist.
616 3988 840 4054 quaest.
890 3982 934 4036 V
962 3979 1041 4035 25
1216 3979 1340 4038 200
1384 3980 1540 4037 eiiam
1581 3981 1811 4052 Lipsius
1855 3983 2018 4051 epist.
2066 3985 2291 4052 quaest.
2340 3979 2406 4035 Il
2449 3980 2560 4050 22,
2607 3984 2707 4035 ml·

416 4067 637 4123 modum
678 4067 1086 4139 probabiliter.-
1130 4065 1213 4137 cf.
1262 4064 1431 4121 Caec.
1480 4065 1557 4122 76
1604 4081 1788 4119 eccum
1836 4063 2167 4121 Gulielmius
2228 4064 2407 4120 Veris.
2456 4063 2493 4118 Ι
2531 4063 2567 4118 2

415 4150 615 4206 incedit
659 4151 889 4222 Lipsius
943 4157 998 4205 et
1045 4149 1378 4206 Gulielmius
1436 4150 1674 4205 incendit
1728 4147 1863 4204 libri
2074 4148 2205 4212 hoc,
2251 4151 2287 4203 i.
2333 4165 2382 4204 e.
2431 4149 2535 4204 huc
2577 4151 2713 4206 libri

419 4236 521 4290 huc
563 4236 794 4307 Lipsius
965 4232 1079 4291 201
1135 4231 1363 4289 obsecro
1408 4235 1454 4288 is
1497 4234 1670 4306 igitur
1719 4233 1918 4289 Bamb.
2073 4241 2132 4288 ut
2164 4248 2246 4286 me
2279 4232 2586 4288 adimemini
2620 4236 2707 4290 ed.

421 4318 611 4376 1476.-
650 4319 912 4391 fortasse
942 4326 997 4373 et
1026 4319 1387 4374 omittendum
1564 4316 1683 4375 202
1732 4334 1791 4371 ac
1822 4320 2035 4389 scripsi
2074 4326 2237 4391 atque
2280 4319 2415 4374 libri
2585 4319 2708 4375 hinc
