3400 5075
1246 266 1573 330 Dncmvs
1608 269 1972 331 malamve
2630 268 2753 343 291

1379 497 1384 503 .
1452 435 1770 501 RESTIO

1509 551 1542 616 I
1596 549 1697 637 (1)

640 666 1050 732 Democritus
1096 664 1446 730 Abderites
1493 666 1800 751 physicus
1846 667 2278 752 philosophus

642 780 935 866 clipeum
983 781 1322 846 constituit
1369 783 1596 845 contra
1641 786 1936 847 exortum
1979 781 2391 867 HyperioniS,

584 884 594 895 ’
641 896 878 961 Oculos
927 896 1201 961 effodere
1249 901 1322 961 ut
1365 898 1586 980 posset
1631 897 1972 980 splendore
2020 899 2223 961 aereo,

510 1011 595 1076 75
641 1011 743 1075 Ita
787 1011 982 1075 radiis
1031 1013 1186 1076 solis
1234 1012 1436 1076 aciem
1482 1011 1707 1092 effodit
1750 1013 2029 1096 himinis,

640 1125 835 1191 Mah's
881 1126 1045 1191 bene
1092 1149 1230 1192 esse
1276 1129 1359 1190 ne
1405 1126 1654 1190 uideret
1698 1125 1969 1192 ciuibus.

643 1240 747 1306 Sic
794 1243 915 1326 ego
960 1242 1272 1327 fulgentis
1318 1241 1726 1326 splendorem
1774 1244 2083 1326 pecuniae

641 1356 811 1421 Volo
858 1357 1212 1421 elucifieare
1260 1357 1502 1421 exitum
1549 1355 1756 1421 aetati
1796 1380 1994 1441 meae,

642 1470 742 1535 Ne
788 1472 858 1535 in
905 1473 974 1535 re
1019 1472 1193 1535 bona
1238 1492 1376 1534 esse
1423 1469 1681 1536 uideam
1726 1493 2004 1556 nequam
2050 1469 2278 1535 fssium.

1503 1595 1568 1658 II
1618 1593 1719 1679 (2)

641 1684 1172 1750 talabarriunculi

599 1844 809 1894 Rasno
915 1843 940 1892 1
979 1842 1191 1892 Gellius
1229 1843 1275 1892 X
1315 1846 1376 1893 17
1416 1836 1815 1893 ‘Democritum
1861 1843 2243 1909 philosophum
2293 1845 2348 1893 in
2396 1843 2761 1894 monumentis

463 1911 736 1962 historiae
772 1910 1019 1960 Graecae
1057 1911 1319 1975 scriptum
1361 1916 1472 1972 est,
1513 1912 1685 1960 uirum
1723 1919 1949 1976 praeter
1985 1911 2125 1962 alios
2160 1911 2533 1962 uenerandum
2570 1920 2760 1962 aucto-

463 1981 745 2042 ritateqne
771 1980 1002 2043 antiqua
1027 1978 1360 2043 praeditum,
1399 1978 1698 2029 luminibus
1725 1978 1999 2028 oculorum
2027 1995 2130 2028 sua
2166 1984 2361 2043 sponte
2398 1995 2456 2029 se
2484 1980 2757 2044 priuasse,

465 2048 594 2113 quia
643 2046 986 2096 existimaret
1032 2046 1406 2110 cogitationes
1455 2047 2051 2110 commentationesque
2090 2046 2259 2096 animi
2296 2048 2380 2095 sui
2418 2047 2472 2095 in
2520 2053 2760 2096 contem-

443 2114 687 2180 ,plaudis
724 2119 957 2164 naturae
998 2114 1307 2163 rationibus
1343 2116 1661 2177 uegetiores
1697 2118 1757 2163 et
1795 2116 2099 2164 exactiores
2138 2114 2283 2174 fore,
2323 2115 2371 2163 si
2399 2128 2497 2162 eas
2534 2113 2761 2162 uidendi

464 2181 761 2232 inlecebris
798 2187 855 2231 et
891 2180 1172 2231 oculorum
1210 2180 1622 2245 impedimentis
1661 2181 1972 2231 liberasset.
2042 2181 2103 2230 1d
2142 2182 2346 2231 factum
2375 2182 2492 2230 eius
2515 2181 2761 2230 modum-

469 2265 573 2314 que
612 2250 817 2314 ipsum,
856 2263 960 2314 qno
999 2248 1330 2298 caecitatem
1368 2248 1534 2298 facile
1573 2248 1825 2297 sollertia
1862 2248 2226 2298 subtilissima
2254 2249 2543 2309 consciuit,
2580 2248 2763 2297 Labe-

466 2319 580 2367 rius
627 2323 794 2381 poeta
841 2317 899 2365 in
956 2316 1143 2376 mimo,
1204 2330 1360 2379 quem
1411 2317 1632 2380 scripsit
1680 2316 2117 2378 Restionem‚’
2175 2317 2553 2376 (rettiorem
2602 2316 2758 2367 Voss.

466 2386 696 2435 rectio
713 2391 773 2434 re
809 2383 991 2435 Germ.
1029 2382 1236 2445 Guels.)
1283 2384 1559 2433 ‘uersibus
1607 2383 1824 2447 quidem
1864 2385 2002 2432 satis
2047 2384 2246 2433 munde
2289 2388 2458 2446 atque
2496 2382 2762 2447 graphice

469 2453 640 2502 factIs
676 2451 1001 2515 descripsit,
1038 2451 1138 2502 sed
1177 2466 1394 2510 causam
1432 2450 1783 2501 uoluntariae
1814 2451 2107 2500 caecitatis
2146 2450 2304 2500 finxit
2337 2451 2531 2513 aliam,
2571 2450 2762 2499 uertit-

470 2535 572 2584 qne
611 2520 669 2569 in
710 2535 830 2569 eam
872 2534 1009 2577 rem,
1049 2533 1210 2583 quam
1245 2524 1356 2567 turn
1395 2518 1626 2584 agebat,
1665 2534 1773 2568 non
1798 2519 2219 2569 inconcinniter.
2290 2519 2393 2569 Est
2428 2519 2573 2569 enim
2612 2533 2763 2584 per-

464 2604 663 2648 sona,
704 2603 844 2651 quae
870 2587 972 2636 hoc
1000 2592 1136 2651 aput
1160 2586 1455 2635 Laberium
1483 2557 1644 2647 dieit’,
1686 2586 1929 2636 diuitis
1969 2589 2157 2636 anari
2196 2592 2261 2637 et
2298 2589 2503 2651 parci,
2541 2602 2759 2650 sump·
2810 2638 2819 2639 ff

469 2661 600 2705 tum
639 2655 988 2720 plurimum
1028 2654 1493 2717 asotieonque’
1531 2654 1949 2719 (‘asotiamque'
1976 2646 2098 2703 uel‘
2109 2656 2448 2718 asotumque'
2484 2669 2619 2704 corr.
2646 2654 2761 2703 Rit-

473 2722 719 2772 schelius
754 2721 1390 2772 Ind.lect.aest.1854
1428 2738 1461 2785 p
1518 2721 1617 2785 lv>
1656 2722 2157 2771 ‘adulescentis
2194 2723 2348 2771 uiri'
2389 2722 2573 2785 (immo
2612 2720 2761 2770 filii

472 2797 571 2839 aut
595 2788 859 2852 seuere)
899 2787 1371 2853 ‘depici-antis.
1433 2791 1636 2839 Versus
1663 2790 1964 2839 Laberiani
1990 2794 2139 2838 sunt
2179 2790 2551 2839 Democritus’
2579 2804 2625 2838 e.

473 2858 685 2907 Nonius
724 2858 837 2917 106,
876 2860 942 2906 20
989 2855 1451 2936 ‘elueificare,
1501 2856 1704 2907 dictum
1755 2873 1787 2904 a
1824 2857 1962 2907 luce.
2021 2857 2289 2906 Laberius
2330 2854 2418 2920 [77
2455 2853 2716 2974 quPC

470 2924 760 2973 Menandri
802 2925 867 2973 fr.
908 2927 973 2974 83
1011 2924 1080 2972 Μ.
1129 2913 1351 2986 τυφλὸν
1397 2915 1427 2973 ὁ
1466 2922 1716 2982 πλοῦτος
1752 2922 1852 2973 καὶ
1888 2916 2143 2987 τυφλοὺς
2185 2915 2338 2983 Τοὺς
2374 2916 2511 2989 ἔμβλ
2547 2939 2762 2981 novtoeg

470 2988 552 3051 εἰς
590 2983 801 3043 ἑαυτὸν
840 2982 1112 3045 δεικνύει.
1253 2991 1308 3040 11
1347 2991 1562 3041 Gellius
1598 2992 1723 3040 XVI
1754 2994 1799 3051 7,
1826 2998 1857 3041 6
1894 2992 2223 3042 ‘·Labe1ins.
2289 2993 2460 3042 ‚item
2501 2990 2758 3040 Restione

468 3059 1113 3110 talabarriunculos
1151 3056 1310 3119 dicit,
1349 3073 1485 3121 quos
1510 3058 1710 3121 uulgus
1749 3058 2195 3110 talabarriones.’
2243 3059 2357 3121 (Sic
2397 3058 2522 3107 libri
2559 3073 2760 3119 omnes,

467 3127 786 3177 calabarr
834 3125 1153 3175 iunculos
1202 3125 1384 3191 uulgo.
1456 3126 1592 3174 Num
1653 3126 2291 3177 caballariunculos
2340 3142 2409 3175 an
2466 3124 2761 3174 tabella-

469 3195 855 3245 riunculos?
928 3194 1014 3243 Cf.
1056 3193 1222 3257 gloss,
1261 3193 1443 3245 Vatic.
1484 3194 1537 3241 in
1578 3192 1639 3242 A.
1677 3193 1794 3242 Mai
1831 3201 1973 3245 auct.
2014 3194 2176 3247 class.
2217 3193 2345 3243 VIII
2371 3195 2470 3243 590
2507 3192 2761 3242 ‘tabel-

468 3261 711 3320 liones,
753 3260 995 3314 aleones.
1067 3262 1221 3310 tabe
1241 3262 1542 3322 rniones,
1582 3261 1852 3310 tabernae
1892 3264 2243 3314 sectatores.’

639 3413 910 3470 72-79
965 3415 1246 3484 disposuit
1311 3412 1416 3467 hos
1470 3426 1679 3467 uersus
1733 3411 2041 3467 Frater-ius
2114 3413 2291 3466 Veris,
2347 3411 2417 3466 11
2473 3410 2549 3467 13
2614 3411 2627 3424 “
2670 3484 2673 3487 ἢ

472 3498 549 3556 72
595 3497 871 3553 abdet-ides
935 3498 1155 3553 Thuan.
1332 3496 1410 3552 73
1456 3495 1686 3568 clipeum
1735 3497 1877 3569 Περ.
1925 3495 2174 3568 clypeum
2226 3499 2409 3551 celeri
2579 3494 2656 3550 74
2702 3502 2763 3550 ut

468 3601 598 3654 sup.
656 3601 726 3639 m.
779 3601 877 3654 pr.
924 3581 1101 3654 Maql.
1316 3578 1586 3652 spendore
1642 3579 1826 3636 Bern·
2088 3580 2165 3637 75
2211 3579 2360 3634 solus
2408 3580 2589 3635 Bern.

471 3662 663 3743 aciem]
722 3683 898 3727 aerem
945 3665 1058 3737 (ere
1115 3683 1185 3721 m.
1246 3661 1368 3737 alt.)
1418 3665 1605 3720 Germ.
1869 3663 1945 3720 76
1993 3661 2075 3719 e‘et
2138 3665 2359 3720 leuan.
2409 3664 2590 3718 Ber-n.

473 3750 724 3807 ciuilibus
774 3751 997 3806 Thuan.
1033 3749 1216 3804 Bern.
1253 3749 1430 3822 Luyd.
1607 3749 1683 3804 77
1733 3743 1868 3824 ego]
1918 3750 1995 3804 ito
2044 3749 2214 3805 Nonii
2255 3749 2416 3805 codd.
2464 3748 2574 3802 cito
2614 3747 2760 3803 Bur-

470 3852 718 3892 mannus
887 3834 1153 3907 sulgentis
1198 3831 1541 3906 splendorem
1588 3836 1847 3905 pecuniae
1895 3834 2219 3890 Gronovius
2263 3831 2537 3906 ilulgentis
2582 3831 2763 3905 splen·

470 3922 601 3976 «lore
647 3922 699 3975 in
745 3920 998 3991 petuniae
1061 3919 1220 3975 Voss:
1271 3919 1438 3973 Gellia·
1491 3916 1722 3989 fulgenti
1779 3917 2069 3991 splendore
2112 3919 2167 3974 in
2213 3917 2471 3991 pecuniae
2517 3914 2763 3988 (pecunie

429 4064 434 4071 ,
473 4006 654 4061 Bern.
700 4003 880 4076 and.
937 4004 1164 4076 pecunia
1206 4000 1418 4072 Germ.)
1465 4005 1648 4059 ceteri
1693 4001 1861 4057 Gellii
1915 4004 2143 4058 codices
2203 4000 2462 4074 fulgentis
2508 3998 2760 4073 (fulgenti

469 4090 627 4145 Leia.
678 4089 880 4144 Bamb.
930 4087 1078 4143 Colb.
1126 4081 1303 4161 Dan.)
1349 4084 1641 4159 splendore
1686 4088 1944 4159 pecuniae
1992 4087 2165 4143 Nonii
2203 4087 2338 4141 libri
2510 4082 2588 4140 78
2635 4082 2764 4137 nolo

469 4171 770 4228 elucificare
819 4172 1041 4226 Nonius
1084 4171 1209 4226 uelo
1255 4168 1523 4226 lucificare
1573 4170 1730 4228 Voss.
1778 4170 1982 4226 Peleu.
2019 4170 2157 4243 Rey.
2198 4170 2377 4225 Ber-n.
2410 4168 2588 4241 Luqd.
2637 4166 2763 4222 uolo

472 4254 745 4313 ludificare
797 4257 1020 4312 Thuan.
1071 4256 1237 4311 Gellii
1405 4255 1594 4310 aetatis
1644 4259 1866 4316 Nonius
2039 4255 2115 4311 79
2162 4271 2230 4309 ne
2275 4272 2381 4310 om.
2427 4253 2606 4325 Luyd.

2241 4350 2342 4407 19·
