3400 5075
1212 353 1276 403 T.
1316 348 1712 414 vacrlvs
1748 349 1939 400 AT'rA
2608 344 2724 408 161

1267 503 1895 573 CONOILIATRIX

828 675 842 688 .
934 645 1154 688 ursum
1202 625 1270 688 se
1315 623 1729 687 memordisse
1778 622 2088 684 autumat.

1298 734 1868 803 GRATVLATIO

609 844 879 911 Nihssne
925 851 990 910 te
1037 844 1266 931 populi
1310 822 1594 927 ueretur‚
1641 841 1758 927 qus
1802 843 2150 907 uociferere
2198 840 2269 905 ιἰι
2317 839 2468 904 uia‘?

1300 957 1867 1026 LVCVBR-ATIO

611 1068 774 1134 Cum
822 1066 1035 1153 primo
1083 1068 1255 1132 lucid
1301 1067 1495 1131 hodie
1542 1071 1615 1130 ut
1660 1066 1971 1129 exornata
2018 1066 2129 1148 sit,

616 1183 841 1267 Atque
889 1182 1257 1266 auspicetis:
1305 1183 1443 1246 cras
1492 1186 1590 1245 est
1636 1178 2000 1245 communis
2046 1181 2197 1244 dies.

1283 1295 1894 1360 MATERTERAE

618 1404 863 1470 Comm.
911 1403 1103 1488 Cruq.
1152 1404 1232 1468 ad
1279 1404 1536 1468 Horatii
1585 1403 1767 1486 epist.
1797 1399 1860 1465 lI
1898 1403 1952 1486 1,
1982 1403 2092 1466 80:
2138 1405 2309 1466 recte
2348 1422 2551 1465 necne
2598 1422 2731 1466 cro-

435 1533 580 1575 cum
645 1511 960 1593 floresque
1025 1510 1427 1595 perambulet
1491 1508 1687 1572 Attae
1755 1505 2027 1593 Fabula]
2098 1515 2295 1592 ‘quae
2360 1507 2735 1572 inscribitur

435 1616 783 1681 Matertera
848 1620 1018 1680 recte
1083 1639 1283 1680 necne
1339 1615 1744 1700 perambulet
1797 1637 2053 1679 crocum
2110 1614 2451 1698 floresque,
2514 1614 2581 1678 id
2638 1618 2737 1679 est

436 1724 503 1786 in
551 1744 808 1788 scenam
854 1726 1116 1807 recepta
1162 1723 1273 1807 sit,
1321 1744 1484 1806 quae
1531 1721 1797 1786 floribus
1845 1724 1911 1785 et
1956 1743 2142 1788 croco
2192 1721 2558 1806 spargitur?

1295 1834 1872 1903 MEGALENSIA

487 1947 568 2011 10
618 1944 872 2030 Nempe
919 1946 1134 2009 adstat
1181 1946 1360 2010 sinus
1408 1944 1579 2030 apud
1625 1966 1943 2031 mensam,
1988 1943 2101 2008 ubi
2147 1945 2357 2009 sermo
2405 1944 2570 2009 solet

620 2050 915 2118 Subon'ri
962 2051 1322 2117 seditiosus,

572 2211 988 2262 Coucmu'rmx
1091 2213 1119 2262 1
1156 2211 1370 2263 Gellius
1409 2210 1670 2274 VI(V11)
1720 2215 1780 2277 9,
1819 2210 1851 2261 8
1891 2200 2009 2260 ‘sed
2053 2211 2120 2273 Q.
2170 2211 2381 2260 Ennius
2427 2210 2483 2260 in
2530 2210 2735 2260 saturis

438 2280 871 2331 memor-derit
916 2279 1056 2329 dixit
1098 2295 1195 2345 per
1238 2296 1267 2330 e
1315 2280 1582 2342 litteram,
1641 2295 1751 2329 non
1765 2249 2147 2328 momorderit
2183 2315 2196 2328 .
2231 2318 2244 2331 .
2270 2315 2283 2328 .
2321 2279 2453 2328 item
2501 2277 2633 2328 Atta
2680 2278 2736 2327 ἰιι

437 2381 856 2432 Conciliatrice.
903 2385 1108 2432 ursum’
1157 2398 1204 2432 e.
1252 2396 1306 2444 q.
1354 2396 1395 2434 s.
1442 2377 1632 2443 (acta
1676 2381 1802 2430 Vat.
1848 2381 1987 2444 Reg.
2127 2378 2335 2428 &ciali
2385 2378 2528 2428 tice
2577 2384 2733 2428 atce

436 2447 610 2513 Rott.)
680 2450 887 2499 Nonius
926 2452 1039 2508 140,
1078 2453 1144 2500 22
1173 2442 1512 2499 ‘momordi
1549 2449 1776 2513 peposci
1814 2448 2011 2512 pepugi
2049 2446 2321 2511 spepondi
2358 2446 2418 2495 in
2454 2447 2741 2502 ueteribus

437 2517 586 2568 lecta
632 2523 776 2570 sunt.
858 2517 1107 2568 Accius
1162 2517 1228 2567 in
1283 2516 1816 2569 honiliaatrice.
1877 2518 2084 2565 ursum’
2132 2529 2176 2564 e.
2224 2530 2272 2580 q.
2318 2529 2360 2565 s.
2446 2511 2512 2581 (A
2525 2519 2625 2564 tta
2670 2515 2738 2565 in

446 2585 948 2635 Conciliatrice
987 2586 1122 2635 Lud.
1162 2585 1353 2635 Carrio
1392 2586 1603 2636 emend.
1638 2586 1664 2634 1
1706 2586 1792 2645 14)

572 2652 936 2702 Gna-rvmno
1008 2653 1216 2703 Nonius
1240 2655 1357 2708 496.
1398 2648 1508 2704 32‘
1517 2668 1638 2702 cum
1678 2653 1774 2702 sit:
1814 2657 2089 2702 ueretur
2124 2649 2275 2700 illam
2313 2666 2466 2699 rem.
2496 2688 2523 2705 .,
2540 2659 2739 2700 .-uete

440 2721 591 2836 ribus
645 2722 933 2783 genetiuos
988 2736 1086 2786 pro
1139 2723 1458 2772 accusatiuo
1513 2721 1640 2786 poni
1692 2719 1931 2785 placet.
2045 2721 2269 2768 ,Acta
2319 2716 2739 2769 Gratulatione:

443 2784 676 2837 nihine’
717 2804 763 2838 e.
805 2804 855 2852 q.
893 2804 937 2838 s.

573 2857 938 2907 chvnnnm
1011 2857 1221 2907 Nonius
1257 2859 1381 2919 468,
1422 2858 1487 2908 23
1523 2854 1923 2920 ‘auspicaui
1971 2870 2066 2918 pro
2117 2854 2443 2918 auspicatus
2492 2868 2653 2903 sum.

441 2926 611 2974 Acta
656 2914 1096 2974 Lucubratione.
1143 2940 1263 2974 cum
1311 2916 1499 2989 primo'
1536 2939 1580 2973 e.
1619 2940 1667 2989 q.
1708 2939 1749 2972 8.
1821 2922 1983 2972 Dies
2029 2923 2395 2972 communis
2445 2920 2624 2986 qualis
2666 2922 2740 2971 sit

445 2991 760 3041 Macrobius
799 2991 960 3041 docet
997 2992 1109 3041 Sat.
1150 2993 1171 3041 1
1213 2993 1291 3055 16,
1331 2996 1362 3041 3

578 3059 765 3108 Vtrum
804 3060 1191 3109 Munna-suaa
1230 3076 1298 3108 an
1327 3060 1675 3108 Mai-sarnai
1705 3073 1898 3108 nomen
1940 3057 2109 3106 fuerit
2144 3057 2428 3109 incertum.
2504 3055 2741 3117 F'uttilia

443 3126 786 3192 protulerunt
822 3127 1123 3191 porphyrio
1154 3120 1310 3178 Atta
1357 3132 1668 3192 togatarum
1715 3126 1979 3191 scriptor,
2018 3125 2111 3189 qui
2158 3126 2213 3174 in
2254 3124 2447 3174 fabula
2481 3139 2620 3188 quae
2661 3124 2742 3172 in·

423 3195 708 3244 'scribitur
752 3195 1167 3245 Mhterterae
1214 3197 1296 3244 ita
1344 3196 1530 3245 florum
1577 3210 1786 3259 genera
1831 3198 2141 3247 enumerat
2188 3198 2250 3241 ut
2295 3195 2411 3241 sine
2451 3190 2615 3241 dubio
2655 3207 2742 3240 re·

445 3261 866 3326 prehendendus
912 3263 988 3311 sit
1034 3263 1101 3313 ob
1148 3263 1369 3312 nimiam
1408 3256 1823 3326 loquacitatem’
1864 3267 1919 3311 et
1954 3261 2096 3310 Acro
2125 3254 2239 3308 ‘uel
2286 3259 2415 3322 quia
2455 3266 2538 3308 est
2574 3260 2740 3309 Attae

445 3329 664 3392 tabula,
703 3345 841 3394 quae
881 3331 1250 3380 Matertera
1287 3330 1632 3392 inscribitur,
1669 3330 1725 3379 in
1766 3345 1874 3395 qua
1909 3328 2072 3378 flores
2111 3330 2439 3376 enumerat)

577 3398 958 3446 Menam-:ssu
1037 3398 1221 3449 Schol.
1271 3398 1470 3449 Veron.
1528 3400 1584 3447 iu
1631 3399 1792 3462 Vei-g.
1841 3396 1924 3454 ecl
1990 3398 2046 3453 7,
2096 3397 2159 3445 32
2212 3394 2412 3443 ‘sinum
2466 3407 2595 3457 ergo
2644 3409 2743 3443 uas

614 3593 651 3650 6
692 3546 1107 3647 “iiior-disseu
1044 3598 1279 3665 aptumat
1309 3592 1463 3647 Rott.
1515 3591 1684 3647 Gellii
1855 3588 1888 3645 7
1937 3588 2216 3644 Fortasse
2258 3586 2403 3642 nilne
2446 3589 2745 3660 leyendum

615 3677 652 3733 8
709 3675 850 3732 lucid
908 3679 1121 3747 scripsi
1173 3676 1276 3731 luci
1335 3677 1469 3732 libri
1680 3673 1904 3730 hocedie
1966 3672 2259 3745 Berylcius
2314 3673 2506 3728 diurn.
2566 3676 2743 3745 antiq.

445 3762 608 3819 XIII
636 3761 780 3832 292,
813 3762 916 3817 sed
942 3762 1084 3817 idem
1116 3765 1175 3818 in
1206 3762 1382 3834 symb.
1415 3761 1452 3817 I
1488 3778 1550 3831 p.
1587 3759 1700 3815 147
1753 3760 1893 3815 nihil
1936 3757 2269 3814 mutandum
2301 3764 2515 3827 censet,
2549 3774 2744 3829 quam·

444 3865 614 3919 quam
662 3846 798 3901 lucis
841 3848 1164 3918 yenetiuum
1202 3848 1348 3917 poni
1384 3845 1571 3917 facile
1616 3846 1752 3901 dicit
1784 3844 2006 3899 annall.
2033 3842 2265 3913 philon:
2300 3840 2464 3899 1870
2498 3858 2564 3912 p.
2597 3840 2741 3897 829.

445 3931 533 3987 illa
589 3930 748 3986 hodie
806 3934 934 3987 olim
993 3933 1375 3987 coniecerant.
1580 3930 1614 3985 9
1663 3938 1827 4000 atque
1872 3936 1932 3983 ut
1978 3927 2264 3999 suspicetis
2319 3927 2484 3997 libri,
2543 3926 2748 3999 quibus

445 4019 700 4071 seruatis
729 4018 911 4072 inutili
938 4019 1261 4087 septenarii
1299 4017 1448 4087 fiunt
1491 4016 1695 4086 quales
1726 4017 1854 4070 olim
1879 4018 2125 4094 praeter
2157 4015 2419 4068 senarios
2440 4013 2744 4082 proposui.

616 4099 724 4155 luci
770 4109 828 4155 ιιι
872 4107 1130 4155 exornata
1163 4099 1319 4155 hodie
1349 4100 1453 4154 siet
1484 4100 1660 4170 Atque
1692 4098 1981 4179 suspicetis
2015 4096 2258 4152 Bolhius
2289 4094 2324 4150 2
2498 4086 2746 4151 comunis

447 4184 650 4245 Bamb.
709 4185 988 4240 conmunis
1048 4188 1230 4241 ceteri
1269 4185 1407 4239 libri
1582 4182 1658 4239 10
1704 4198 1895 4256 nempe
1942 4222 1955 4237 .
2003 4223 2015 4236 .
2063 4223 2077 4237 .
2123 4182 2273 4236 sinus
2317 4179 2457 4253 apud
2508 4196 2748 4235 mensam

448 4270 626 4325 schol.
691 4269 931 4325 Veram.-
983 4272 1269 4341 suppleui.
1368 4284 1560 4340 nempe
1617 4266 1681 4321 ad
1741 4282 1975 4321 mensam
2033 4265 2278 4321 Seruius
2454 4281 2635 4320 sermo
2683 4263 2751 4319 de

448 4354 567 4407 sinu
613 4353 753 4409 solet
797 4354 1041 4409 Seruius
1218 4352 1630 4427 llpseditiosus
1678 4370 1782 4407 oni.
1835 4351 2075 4406 Seruius
2248 4350 2443 4423 nempe
2490 4349 2556 4405 ad
2603 4366 2747 4404 meu-

553 4458 666 4497 Cox.
696 4458 809 4496 Lu.
839 4457 968 4497 Ru..-
2283 4453 2335 4496 11
