3400 5075
596 328 722 390 402
1070 327 1588 381 ANONYMORVM
1625 329 1979 381 MIMORVM
2015 329 2415 394 RELIQVIAE

1625 485 1880 550 XXXII

775 600 1102 665 Arnobius
1160 601 1303 664 adu.
1360 604 1490 664 nat.
1547 599 1641 665 IV
1700 601 1787 665 35
1844 601 2060 664 ‘etiam
2117 601 2329 665 mimis
2393 605 2459 665 et
2521 602 2892 666 scurrilibus

598 716 857 779 ludicris
915 715 1466 780 sanctissimorum
1525 738 1841 799 personae
1895 717 2395 800 interponuntur
2441 717 2706 780 deorum
2755 768 2769 780 .
2816 768 2830 782 .
2880 766 2893 781 .

595 831 988 895 iocularibus
1044 831 1364 894 feriuntur
1418 831 1941 897 cauillationibus
2006 833 2301 914 numina,
2364 833 2774 896 conclamant
2828 835 2894 895 et

602 950 955 1031 assurgunt
999 946 1282 1030 theatra,
1329 968 1562 1009 caueae
1600 969 1824 1012 01111103
1853 951 2242 1032 concrepant
2286 948 2653 1032 fragoribus
2701 951 2893 1031 atque

600 1064 874 1146 plausu.'

1598 1149 1891 1214 XXXIII

786 1257 1116 1321 Arnobius
1164 1257 1306 1320 adu.
1352 1257 1649 1320 nationes
1687 1256 1816 1320 VII
1863 1258 1949 1321 33
1997 1259 2233 1321 ‘mimis
2280 1259 2576 1322 nimirum
2628 1258 2690 1321 di
2739 1279 2892 1342 gau-

598 1373 780 1456 dent,
826 1376 892 1435 et
936 1373 1050 1436 illa
1096 1373 1194 1435 uis
1240 1375 1578 1456 praestans
1626 1394 1833 1455 neque
1862 1373 2009 1436 ullis
2056 1373 2391 1437 hominum
2430 1373 2894 1456 comprehensa

599 1488 851 1552 naturis
905 1488 1326 1552 libentissime
1382 1488 1751 1553 commodat
1805 1488 2139 1552 audiendis
2193 1488 2295 1552 his
2348 1489 2555 1573 311113,
2621 1511 2892 1573 (1110111111

597 1603 1294 1689 symplegmatibus
1340 1603 1634 1687 plurimis
1681 1603 2087 1667 intermixtos
2135 1626 2201 1666 se
2249 1626 2386 1668 esse
2442 1604 2778 1668 derisionis
2824 1605 2892 1667 in

597 1720 931 1783 materiam
960 1723 1218 1784 norunt.
1291 1719 1719 1803 delectantur,
1762 1722 1831 1782 ut
1858 1741 1960 1783 res
1989 1722 2112 1802 est,
2161 1719 2642 1803 stupidorum
2689 1720 2892 1804 capi-

596 1836 806 1898 tibus
863 1835 1094 1918 13313,
1151 1835 1647 1917 331111113111111
1705 1835 1962 1899 30111111
2020 1838 2248 1918 atque
2303 1836 2603 1919 plausu,
2658 1835 2894 1898 factis

597 1954 674 2013 et
703 1950 935 2013 dictis
964 1949 1352 2033 turpibuS,
1379 1949 1857 2014 fascinorum
1886 1951 2321 2035 ingentium
2350 1952 2666 2015 rubore.’
2691 1973 2742 2014 e.
2763 1973 2823 2033 q.
2844 1973 2893 2013 3.

1605 2064 1894 2129 XXXIV

821 2179 1069 2246 Seneca
1122 2183 1411 2245 controu.
1465 2179 1533 2244 II
1587 2181 1631 2244 4
1677 2178 1824 2267 (12)
1881 2204 1941 2265 p.
1995 2181 2116 2245 197
2166 2180 2243 2244 K.
2309 2186 2483 2245 ‘uere
2540 2181 2892 2245 mimicae

599 2298 945 2381 nuptiae,
1009 2296 1076 2359 in
1143 2295 1374 2380 quibus
1440 2298 1616 2359 ante
1682 2296 1758 2359 in
1823 2296 2255 2360 cubiculum
2331 2297 2613 2360 riualis
2677 2297 2896 2360 uenit

602 2435 820 2498 quam
867 2412 1234 2476 maritus?

1619 2499 1873 2566 XXXV

785 2615 1028 2679 Seneca
1073 2616 1151 2678 de
1197 2616 1515 2680 breuitate
1562 2616 1735 2680 uitae
1771 2618 1870 2699 12,
1908 2617 1946 2681 8
1996 2618 2041 2680 ‘i
2085 2638 2258 2681 nunc
2304 2620 2370 2680 01
2415 2617 2645 2681 mimos
2692 2618 2897 2681 multa

601 2731 859 2796 mentiri
916 2730 996 2794 ad
1052 2730 1564 2815 exprobrandam
1617 2731 1937 2795 luxuriam
1992 2736 2167 2816 puta.
2257 2732 2445 2815 plura
2498 2732 2892 2797 mehercules

602 2850 1015 2932 praetereunt
1078 2868 1270 2930 quam
1333 2847 1593 2931 fingunt
1655 2850 1722 2910 et
1783 2851 1970 2911 tanta
2043 2847 2512 2911 incredibilium
2592 2848 2891 2913 uitiorum

605 2963 792 3046 copia
838 2961 1177 3046 ingenioso
1232 2963 1301 3024 in
1356 2962 1479 3026 hoc
1535 2983 1736 3025 unum
1795 2962 2047 3027 saeculo
2102 2963 2441 3046 processit,
2488 2966 2560 3026 ut
2605 2963 2734 3027 iam
2781 2962 2894 3026 mi-

603 3099 855 3142 morum
903 3096 1173 3161 arguere
1219 3069 1538 3160 possimus
1583 3077 2106 3162 neglegentiam?

738 3271 975 3321 XXXIII
1013 3270 1268 3322 Conferri
1306 3272 1470 3321 iussit
1509 3272 1885 3322 Buecluelerus
1921 3272 2308 3336 Aristophanis
2346 3273 2472 3321 nub.
2510 3274 2610 3322 537
2636 3287 2754 3335 sqq.

605 3339 835 3388 XXXIV
873 3339 1187 3403 nuptiae,
1237 3340 1302 3388 in
1348 3339 1636 3389 Maduicus
1672 3339 1913 3389 Nustis
1958 3340 2218 3404 Antuerp.
2256 3342 2417 3389 Brux.
2488 3340 2573 3388 Cf.
2610 3339 2896 3389 quenalis

605 3408 678 3458 VI
716 3409 783 3456 44
817 3406 970 3456 100113
1005 3422 1056 3470 p.
1093 3410 1193 3457 395
1231 3407 1506 3456 exhibitus

737 3474 890 3536 Alia,
927 3475 1125 3538 quibus
1162 3476 1444 3524 mimorum
1482 3474 1714 3525 lasciuia
1753 3475 2109 3537 describitur,
2147 3475 2465 3525 testimonia
2501 3475 2616 3535 hic,
2657 3475 2749 3523 ubi
2787 3490 2896 3523 non

602 3541 657 3591 id
695 3543 906 3605 agitur,
948 3548 1008 3590 ut
1052 3543 1273 3606 generis
1307 3540 1804 3592 unlnersi'natura
1851 3549 1905 3593 et
1950 3543 2184 3592 historia
2230 3543 2608 3605 adumbretur,
2655 3547 2896 3606 praetcr-

604 3609 785 3660 eunda
825 3624 949 3659 esse
989 3610 1201 3659 censui.
