3400 5075
1484 326 1809 378 T1T1N1vs
2680 327 2797 389 143

1620 482 1688 547 H

680 597 871 662 Nune
930 598 1088 661 adeo
1145 598 1378 662 uisam:
1434 600 1568 661 rem
1625 619 1929 683 magnam
1980 599 2156 662 aibat
2216 599 2380 662 uelle
2436 621 2504 662 se
2552 605 2799 662 meeum

2105 714 2168 778 lo
2217 714 2289 778 ui

681 801 771 865 Et
817 802 1150 866 c6mm0de
1199 823 1420 865 eccum
1467 800 1615 866 exit.
2173 737 2213 798 q
2292 764 2310 797 ²

1431 916 1865 1017 IJRIVIGNA

548 1033 632 1096 65
680 1031 849 1095 Nam
901 1029 1056 1115 quid
1106 1053 1226 1116 ego
1274 1032 1398 1096 feei
1443 1033 1551 1097 ted
1599 1032 1946 1098 aduorsum
1994 1037 2107 1097 aut
2151 1038 2361 1099 meum
2412 1039 2681 1118 patrem,

679 1147 882 1222 Quem
929 1149 1296 1231 patiperetis
1344 1147 1534 1212 {umbo
1583 1149 1815 1212 uestris
1863 1150 2271 1232 sumptibus?

1441 1261 1852 1328 PROCILIA

1559 1378 1592 1442 Ι
1639 1377 1739 1463 (8)

2099 1469 2405 1532 senei-iter

677 1581 890 1645 Hodie
937 1603 1298 1645 sermonem
1347 1577 1558 1646 amica
1603 1603 1853 1646 mecum
1901 1583 2193 1647 eo'ntulit.

1542 1696 1608 1760 II
1656 1693 1758 1782 (6)

677 1811 888 1896 Magis
945 1814 1109 1895 quae
1167 1809 1283 1898 [se]
1346 1811 1522 1875 fama
1577 1812 2006 1898 oblectarent,
2060 1813 2129 1876 ni
2185 1836 2327 1877 eam
2382 1814 2549 1877 maile
2606 1814 2795 1878 factis

2095 1926 2535 1993 nobilitarent.

632 2105 688 2155 11
722 2103 1010 2154 Charisius
1046 2105 1071 2153 1
1121 2120 1173 2169 p.
1216 2106 1310 2155 177
1350 2104 1409 2156 P.
1461 2104 1867 2154 ‘commode’

599 2174 922 2223 ·va1a1u
990 2171 1204 2222 Nonius
1244 2175 1357 2233 157,
1396 2175 1428 2223 8
1464 2173 1931 2237 ‘pauper-duit,
1969 2171 2022 2220 id
2062 2177 2149 2221 est
2187 2188 2484 2237 pauperem
2522 2173 2792 2228 fecit....’

643 2242 925 2290 Psocxnu
1019 2239 1375 2303 Neukirehii,
1433 2242 1525 2303 qui
1588 2257 1653 2290 ex
1703 2241 1939 2290 Horatio
1988 2241 2148 2303 epist.
2194 2243 2219 2290 1
2270 2243 2355 2300 13,
2410 2244 2472 2290 14
2518 2241 2793 2304 Pyt-riae

498 2324 697 2359 nomen
736 2310 964 2369 asciuit,
1015 2308 1337 2357 coniectura
1375 2324 1472 2372 per
1508 2323 1566 2356 se
1613 2307 1982 2357 infirmissima
2028 2312 2138 2357 est:
2195 2323 2320 2356 nam
2358 2324 2462 2357 nee
2499 2308 2566 2357 de
2606 2309 2791 2360 ‘lanae

498 2376 781 2440 glomere),
820 2375 915 2425 sed
963 2375 1029 2424 de
1069 2374 1284 2440 ‘pallio’
1333 2375 1532 2424 dieitur
1572 2376 1636 2425 fr.
1681 2375 1752 2439 V,
1800 2391 1896 2425 nec
1941 2376 2138 2426 uinosa
2184 2376 2373 2424 statim
2418 2375 2672 2425 habenda
2708 2383 2795 2427 est

497 2445 585 2493 cui
623 2443 916 2493 bibendum
956 2442 1076 2492 dari
1110 2444 1369 2492 iubeatur
1406 2441 1545 2508 (v1).
1618 2443 1739 2505 Quo
1788 2443 2008 2493 aceedit
2055 2442 2194 2507 quod
2243 2459 2308 2492 ne
2356 2444 2626 2493 sincerum
2673 2447 2794 2509 qui-

496 2512 619 2562 dem
666 2527 858 2562 nomen
907 2511 1177 2575 ‘Pyrriae‘
1226 2526 1345 2562 esse
1401 2509 1713 2561 adfirmauit
1762 2511 2151 2562 Lachmannns
2199 2512 2253 2560 in
2304 2512 2464 2561 Lucr.
2510 2513 2637 2564 408·
2687 2529 2792 2578 quo

498 2586 720 2630 auctore
769 2581 816 2630 si
864 2579 1032 2629 aliam
1069 2580 1299 2628 formam
1334 2580 1624 2644 anquiras,
1671 2581 1857 2629 uersui
1895 2580 2111 2643 quidem
2148 2581 2287 2629 satis
2325 2581 2793 2631 accommodatum

494 2650 569 2698 sit
607 2643 886 2699 Proelia
933 2647 1001 2696 ad
1040 2647 1470 2712 ‘Turpleiorum’
1519 2653 1575 2697 et
1611 2648 2042 2697 ‘Marcleiorum’
2082 2647 2362 2713 exemplar
2409 2648 2505 2711 (cf.
2540 2649 2793 2699 Ritsche-

496 2716 604 2765 lius
658 2716 725 2765 de
777 2714 1032 2780 sepulcro
1077 2715 1363 2765 Fur-iorum
1422 2716 1584 2767 Tusc.
1635 2732 1687 2780 p.
1738 2713 1805 2781 V)
1861 2717 2103 2780 proxime
2161 2715 2793 2766 accedens.Pe1-illa

497 2784 803 2833 Corssenus
844 2784 909 2832 de
948 2788 1197 2848 pronunt.
1235 2782 1285 2831 1²
1323 2800 1375 2848 p.
1402 2785 1502 2833 474
1529 2785 1826 2848 proposuit.
1902 2783 2117 2832 Prilia
2154 2799 2349 2833 nomen
2376 2783 2443 2833 ad
2470 2784 2603 2833 Hor.
2630 2786 2791 2849 epist.

495 2850 528 2903 l.
579 2851 611 2902 l.
661 2868 710 2916 p.
759 2852 856 2900 146
905 2865 1074 2915 nuper
1120 2850 1526 2902 commendaui:
1578 2850 1677 2900 sed
1726 2850 2028 2900 Procilia
2075 2851 2159 2901 uel
2217 2851 2582 2901 Proculeia
2629 2868 2679 2902 u.
2727 2855 2791 2902 74

499 2919 898 2983 comprobatur
1104 2918 1131 2967 1
1167 2919 1487 2970 Priscianus
1523 2918 1622 2968 XV
1658 2921 1690 2969 3
1820 2921 1950 2969 1010
1986 2919 2044 2971 P.
2082 2917 2129 2983 (1
2166 2920 2264 2969 621
2295 2918 2382 2983 K.)
2423 2921 2794 2971 ‘senet-iter

500 3001 715 3052 quoque
753 3001 850 3051 pro
888 3001 1102 3036 seuere.
1172 2987 1415 3037 Titinius
1461 2988 1516 3036 in
1552 2935 1854 3037 Procfia:
1903 2988 2197 3037 seueriter’
2241 3003 2287 3040 e.
2330 3004 2379 3052 q.
2417 3002 2460 3037 s.
2505 2987 2790 3053 (proclia

493 3087 684 3141 Bamb,
721 3088 861 3153 plia
901 3088 1067 3150 Sang.
1107 3088 1298 3162 (pelis
1337 3088 1492 3141 Grut.
1531 3086 1766 3138 Carolir.
1804 3088 2013 3153 prilia
2048 3087 2215 3138 Halb.
2253 3091 2389 3152 Reg.
2436 3063 2606 3153 plia,
2655 3105 2723 3138 m.
2759 3091 2801 3138 2·

498 3164 900 3254 Ι’ρ’ἰΙὶειΒοιἮ.
927 3153 1167 3253 plinia,
1204 3205 1339 3242 corr.
1366 3206 1432 3238 m.
1461 3188 1577 3250 alt„
1619 3187 1812 3251 Barb.)
1852 3190 2061 3240 Nonius
2089 3192 2203 3252 510,
2234 3190 2258 3237 1
2297 3189 2658 3240 ‘senet-iter
2695 3206 2791 3255 pro

496 3271 689 3306 seuere
727 3256 837 3306 dici
863 3260 1169 3308 auctoritas
1194 3262 1442 3307 ueterum
1469 3258 1636 3308 iubet.
1709 3257 1952 3307 Titinius
1989 3258 2239 3308 Priliaz
2278 3258 2570 3306 seueriter’
2598 3273 2644 3307 e.
2668 3273 2717 3321 q.
2747 3273 2788 3311 s.

628 3324 683 3375 11
720 3324 930 3375 Nonius
967 3327 1094 3387 352,
1140 3327 1172 3375 6
1222 3324 1389 3375 ‘unde
1438 3329 1495 3375 et
1539 3324 2003 3375 nobilitarunt
2046 3325 2394 3374 notificarent
2439 3323 2649 3374 dictum
2686 3331 2787 3375 est.

495 3392 735 3442 Titinius
772 3392 1016 3443 Prilia.
1059 3394 1257 3458 magis’
1298 3408 1345 3442 e.
1383 3407 1432 3455 q
1474 3409 1515 3446 s.
1557 3390 1845 3458 (proelia
1881 3393 2009 3443 Bae.
2045 3392 2313 3456 praelia
2352 3391 2509 3457 Gen.)

662 3572 740 3628 63
787 3566 951 3647 adeo]
997 3570 1215 3627 adeum
1263 3574 1409 3628 coni.
1445 3573 1830 3646 Kiesslinyius
1999 3586 2114 3625 rem
2145 3587 2390 3644 magnam
2429 3569 2601 3627 aiebat
2649 3572 2789 3628 uelle

492 3672 612 3712 sese
658 3658 802 3727 cod„
852 3661 1107 3713 correxi.
1166 3673 1279 3712 rem
1312 3674 1561 3731 magnam
1606 3655 1780 3712 aiebat
1821 3672 1964 3726 sese,
2011 3672 2119 3711 om.
2168 3655 2328 3726 uelle,
2376 3657 2462 3711 ed.
2504 3674 2599 3727 pr.
2650 3656 2789 3712 uelle

493 3757 603 3797 rem
637 3757 880 3813 magnam
925 3740 1097 3797 aiebat
1137 3758 1257 3797 sese
1288 3742 1601 3798 Putsckius
1634 3741 1774 3797 uelle
1817 3757 1927 3799 rem
1962 3756 2203 3813 magnam
2236 3739 2375 3796 aibat
2405 3757 2465 3795 se
2497 3742 2787 3797 Herman-

491 3842 603 3882 ηας
653 3828 692 3882 l.
736 3828 776 3882 l.
825 3825 978 3896 271,
1024 3829 1127 3898 qui
1166 3827 1382 3882 iambos
1427 3829 1664 3901 aynouit
1837 3823 1917 3882 64
1963 3825 2247 3882 commodo
2294 3833 2348 3880 et
2392 3841 2513 3880 cum
2561 3828 2646 3882 ed.
2686 3844 2785 3898 pr.

660 3908 739 3966 65
783 3910 870 3965 ted
902 3911 1148 3968 Rotlzius
1178 3918 1258 3966 tet
1285 3913 1420 3968 libri
1445 3920 1499 3967 te
1530 3911 1739 3967 Iunius
1892 3925 2068 3965 meum
2100 3916 2307 3983 patrem
2340 3913 2555 3982 scripsi
2582 3918 2787 3983 patrem

492 4010 668 4051 meum
695 3997 863 4052 libri.-
907 4013 982 4051 an
1018 4004 1169 4052 tuum
1201 4014 1254 4069 p.
1299 3997 1323 4051 ²?
1496 4004 1549 4051 te
1580 3995 1865 4050 aduersum
1896 4001 1987 4050 aut
2029 4002 2278 4067 patruum
2312 4011 2489 4050 meum
2521 3994 2787 4051 Bueche·

488 4081 650 4135 ierus
823 4080 898 4136 67
932 4082 1136 4136 seuiter
1168 4081 1331 4136 Grut.
1368 4081 1663 4137 Prisciani
1792 4079 1870 4137 68
1916 4081 2076 4135 amita
2124 4080 2325 4136 Bamb.
2374 4080 2529 4135 Leid.
2576 4098 2647 4139 m.
2690 4097 2786 4152 pr.

491 4164 663 4220 Nouii
776 4181 973 4236 meum,
1011 4181 1148 4237 sup.
1195 4167 1220 4220 i
1264 4167 1382 4221 mei:
1426 4165 1604 4238 Sany.
1650 4165 1947 4221 Prisciani
2060 4163 2240 4234 (ptulit
2286 4164 2449 4220 Grai.
2499 4164 2793 4220 Prisciani

660 4249 739 4305 69
772 4254 1111 4306 octonarius
1141 4254 1559 4323 anapaesticus
1590 4257 1692 4306 est.
1827 4250 2104 4323 magisque
2136 4250 2274 4305 Bas,
2404 4266 2463 4304 se
2494 4267 2599 4305 am.
2632 4251 2787 4321 libri,

491 4333 686 4389 addidi
816 4333 950 4389 sama
999 4333 1370 4408 oblectarent,
1416 4337 1469 4390 ni
1516 4338 1732 4406 scripsi
1775 4334 1911 4389 same
1957 4333 2287 4390 obiectarem
2334 4350 2400 4388 ne
2444 4336 2581 4390 libri
2623 4334 2788 4390 famae
