3400 5075
651 291 855 348 CXXII
1554 289 1654 347 AD
1693 288 2054 346 TRAGICOS
2090 240 2093 241 γ

826 454 1073 520 Deinde
1123 479 1180 520 v.
1226 455 1356 521 264
1403 454 1888 540 paroemiacum
1945 454 2211 520 metitur
2267 455 2481 521 deleto
2531 475 2656 534 τηε,-
2716 478 2773 520 V.
2818 454 2949 520 265

652 563 869 627 autem
916 561 1009 626 sic
1054 561 1425 644 distinguit:

1342 669 1615 754 operite,
1662 668 2023 753 abscedite,
2067 669 2332 735 iamiam

1342 776 1584 841 mittite
1633 797 1686 839 e.
1734 798 1791 859 q.
1840 800 1889 839 s.

647 880 724 945 In
772 882 1004 966 quibus
1050 883 1214 949 nihil
1260 883 1394 947 fere
1441 884 1543 947 est
1588 881 1761 966 quod
1807 881 2071 965 probari
2115 883 2344 966 possit.

830 1008 962 1072 272
1011 1006 1248 1072 ‘ardua
1292 1030 1407 1091 per
1452 1008 1598 1071 loca
1635 1004 1923 1091 agrestia
1951 1006 2214 1071 Bacchi'
2244 1007 2416 1090 quod
2445 1007 2720 1072 coniecit
2748 1007 2946 1094 Berg-

647 1113 795 1177 kius
834 1114 1132 1178 1.1.295
1179 1118 1245 1177 et
1289 1117 1558 1197 propter
1605 1115 1906 1177 accentus
1955 1112 2253 1197 displicet
2300 1116 2365 1177 et
2403 1113 2554 1196 quia
2582 1112 2944 1233 Bacchiaco

649 1219 866 1286 thiaso
918 1221 1212 1285 exultans
1259 1243 1392 1285 non
1440 1217 1840 1303 trepidante
1869 1218 2074 1304 gradu
2100 1218 2256 1284 niti’
2288 1219 2538 1284 dicitur.

833 1326 910 1391 In
957 1350 1016 1392 v.
1065 1327 1193 1392 283
1240 1328 1431 1411 plura
1477 1326 1826 1410 temptavit
1870 1325 1990 1389 Ed.
2037 1326 2285 1391 Becker
2331 1328 2371 1390 l.
2402 1327 2440 1391 l.
2471 1350 2530 1410 p.
2561 1327 2718 1391 300.
2760 1333 2948 1407 qualo

649 1436 862 1499 ordene
897 1453 1100 1513 omne,
1145 1438 1217 1497 ut
1256 1434 1502 1519 habeat,
1547 1433 1680 1516 (vel
1726 1430 1902 1498 omne
1936 1439 2007 1497 ut
2044 1434 2238 1515 fuerit
2274 1436 2374 1498 vel
2413 1455 2652 1499 omnem
2687 1456 2832 1518 rem,
2877 1440 2949 1499 ut

648 1542 809 1626 erat)
849 1542 1072 1606 modat
1102 1546 1301 1623 pater.

826 1647 1202 1713 284-286
1265 1646 1430 1713 Meis
1487 1670 1564 1712 ex
1618 1650 1807 1731 parte
1863 1645 2226 1731 adsumptis
2284 1669 2341 1711 v.
2387 1648 2518 1712 284
2562 1649 2945 1732 confirmare,

648 1754 780 1820 285
824 1754 1149 1820 consilium
1193 1755 1462 1819 subitum
1508 1750 1611 1841 (ut
1657 1755 1728 1819 in
1772 1753 2194 1819 adnotatione
2241 1751 2609 1841 proposui),
2654 1776 2751 1818 res
2786 1757 2949 1836 quod

647 1866 831 1925 enata
884 1866 971 1926 est
1023 1862 1200 1925 modo
1254 1860 1624 1946 Madvigius
1671 1861 1943 1926 Advers.
1986 1859 2051 1925 Π
2098 1861 2256 1945 661,
2315 1860 2476 1924 illud
2531 1864 2759 1926 contra
2813 1882 2943 1925 oer-

647 1966 971 2033 tissimam
1016 1966 1219 2031 Nonii
1265 1966 1484 2051 fidem,
1528 1967 1656 2033 hoc
1702 1990 1944 2034 vanum
1990 1968 2056 2031 et
2103 1967 2464 2032 obscurum.

871 2075 1002 2139 292
1048 2073 1173 2140 Vel
1220 2075 1607 2140 servandum
1651 2080 1711 2140 et
1748 2076 1889 2156 fare
1924 2075 2027 2140 vel
2055 2073 2507 2159 corrigendum
2535 2097 2675 2140 esse
2705 2077 2946 2140 territat

647 2183 868 2245 censet
912 2180 1034 2246 Ed.
1079 2180 1326 2247 Becker
1373 2181 1539 2247 stud.
1581 2181 1616 2245 I
1668 2182 1811 2248 158.

824 2285 905 2353 V.
951 2288 1082 2353 294
1135 2291 1289 2373 post
1342 2311 1419 2353 ea
1473 2310 1637 2373 quae
1690 2288 1946 2353 monuit
1999 2287 2080 2355 A.
2124 2285 2338 2352 Luchs
2394 2286 2617 2355 Herm.
2662 2288 2756 2354 VI
2810 2290 2942 2355 270

645 2393 925 2462 fortasse
974 2396 1067 2461 sio
1112 2396 1194 2461 ab
1241 2395 1431 2461 initio
1479 2395 1854 2461 scribendus
1902 2395 2052 2459 erit:

1015 2520 1127 2585 sed
1169 2519 1389 2586 neseio
1437 2519 1590 2604 quid
1634 2521 1801 2586 minc
1847 2522 1973 2585 est:
2020 2518 2219 2584 animi
2264 2518 2326 2583 h.
2373 2541 2434 2605 g.
2481 2541 2541 2605 g.

645 2642 859 2708 Multa
912 2643 1049 2726 (sed
1088 2666 1150 2709 n.
1196 2666 1250 2727 q.
1306 2652 1569 2712 actumst
1621 2649 1883 2730 praeter
1929 2641 2088 2730 alia)
2135 2643 2486 2730 temptavit
2529 2642 2651 2709 Ed.
2695 2642 2944 2710 Becker

648 2749 815 2816 stud.
858 2749 892 2814 I
930 2750 1077 2817 235.

823 2877 954 2942 296
1002 2899 1097 2962 sq.
1520 2880 1660 2942 deos
1705 2899 1934 2961 precor
1979 2876 2235 2942 veniam
2280 2878 2535 2961 petenS,

969 2987 1042 3049 ut
1089 3005 1251 3069 quae
1298 2983 1403 3069 egi
1450 3004 1574 3068 ago
1621 2985 1716 3048 vel
1761 2983 1934 3047 axim
1981 2986 2367 3047 vemmcent
2404 2983 2575 3047 <bene

648 3106 971 3195 Bergkius
1000 3107 1234 3174 Philol.
1260 3107 1543 3173 XXXIII
1571 3109 1729 3172 295:
1765 3107 1973 3192 probo
2003 3106 2383 3173 Buecheleri
2412 3106 2942 3194 emendationem,

646 3238 868 3306 rerum
934 3215 1105 3281 enim
1171 3221 1272 3280 est
1323 3217 1565 3280 veniam
1620 3221 1834 3298 petens
1901 3215 1971 3279 in
2038 3215 2164 3280 hac
2229 3214 2512 3279 formula
2566 3214 2757 3299 diripi
2811 3238 2943 3280 non

646 3323 865 3405 licere3
914 3322 992 3386 cf.
1037 3325 1297 3406 praeter
1342 3319 1603 3386 Livium
1648 3321 1811 3386 VIII
1855 3323 1894 3386 9
1942 3319 2260 3386 Macrobii
2310 3317 2444 3385 Sat.
2489 3319 2586 3384 III
2632 3322 2692 3405 9,
2742 3324 2797 3386 7.

824 3448 951 3512 301
1000 3449 1153 3531 post
1206 3447 1462 3512 exilium
1514 3446 1689 3511 finiri
1744 3468 2001 3511 versum
2057 3444 2459 3528 ineptissime
2513 3445 2696 3510 iubet
2739 3444 2938 3531 Berg-

645 3554 791 3618 kius
839 3577 902 3637 p.
948 3553 1077 3618 296
1123 3553 1253 3617 his:
1299 3559 1544 3635 questus
1588 3556 1873 3619 sonticus.

824 3661 953 3725 318
999 3658 1269 3724 Minime
1318 3663 1639 3746 apertum,
1685 3662 1761 3723 ut
1805 3660 1929 3723 iste
1970 3658 2237 3740 clamat,
2279 3659 2465 3739 fandi
2490 3659 2728 3744 legisse
2760 3660 2941 3727 seho-

645 3767 909 3831 liastam
963 3765 1432 3851 Veronensem‚
1501 3766 1609 3851 qui
1680 3765 1853 3851 quod
1913 3765 1996 3829 ad
2052 3763 2433 3848 Vergiliana
2492 3764 2652 3830 haec
2713 3765 2941 3832 ‘fando

648 3873 908 3959 aliquod
955 3873 1012 3937 si
1053 3872 1225 3937 forte
1270 3878 1416 3937 tuas
1462 3873 1760 3957 pervenit
1805 3870 1887 3938 ad
1932 3889 2121 3936 aures
2149 3869 2413 3935 Belidae
2453 3872 2722 3937 nomen’
2760 3873 2941 3957 prius

645 3980 938 4065 Pacuvii,
983 3979 1212 4045 deinde
1248 3978 1480 4043 Lucilii
1526 3979 1891 4063 exemplum
1940 3978 2206 4043 adhibet
2251 3977 2551 4063 additque
2593 3980 2790 4060 fando
2834 3980 2941 4045 hic

647 4085 741 4174 (in
796 4086 1176 4172 Vergiliano
1236 4085 1371 4149 scil.
1426 4083 1600 4173 loco)
1655 4086 1946 4170 patiendi
1999 4086 2159 4168 vim,
2212 4107 2345 4150 non
2398 4085 2632 4170 agendi
2684 4086 2942 4171 habere,

649 4216 846 4278 supra
892 4215 1043 4257 vero
1094 4191 1188 4278 (II
1235 4192 1275 4256 6
1325 4191 1500 4275 ‘quis
1546 4192 1708 4256 talia
1753 4192 1949 4258 fando
1998 4242 2011 4255 .
2042 4242 2055 4254 .
2102 4194 2422 4276 temperet
2468 4213 2507 4254 a
2550 4188 2938 4276 lacrimis‘P’)

650 4301 861 4367 activo
923 4299 1114 4367 modo
1176 4299 1537 4385 enuntiari,
1598 4299 1781 4363 illum
1841 4298 2100 4384 quidem
2159 4321 2346 4363 usum
2407 4296 2566 4362 satis
2626 4295 2753 4360 fuit
2808 4318 2936 4361 uno
