3400 5075
1350 333 1880 388 COROLLARIVM
2690 336 2763 389 LI

462 497 757 563 Terentii
804 495 863 560 V
893 496 952 577 6,
1005 496 1036 558 1
1090 498 1259 578 sunt,
1303 496 1704 561 tribuuntur:
1753 496 1831 561 cf.
1877 497 2216 578 praeterea
2251 494 2534 560 Vahleni
2580 493 2763 561 Coni.

462 607 539 669 in
583 604 775 669 Varr.
830 627 890 687 p.
943 603 1064 667 131
1116 624 1253 695 sqq.
1310 606 1377 666 et
1430 625 1594 688 quae
1650 602 2085 667 Buechelerus
2140 624 2302 666 mus.
2355 600 2559 666 Rhen.
2604 601 2764 667 XIV

463 713 598 777 447
649 711 973 775 disseruit.

651 998 777 1061 Hic
836 997 1254 1079 ylossarum
1318 996 1581 1059 brevem
1648 998 2064 1077 conspectum
2139 996 2307 1060 dabo
2374 997 2616 1060 eisdem
2684 996 2764 1060 ad

470 1105 733 1191 singula
787 1104 1108 1187 glossaria
1156 1102 1557 1186 designanda
1600 1102 1787 1187 siglis
1834 1124 2085 1185 usurus,
2130 1103 2364 1186 quibus
2409 1104 2480 1168 in
2524 1104 2764 1188 prioris

468 1210 824 1277 voluminis
872 1208 1215 1274 corollario
1263 1230 1323 1291 p.
1352 1206 1563 1272 LXXI
1611 1230 1747 1293 sqq.
1793 1230 1948 1272 usus
1996 1231 2155 1273 sum.
2220 1210 2549 1293 pertinent
2590 1212 2764 1275 enim

472 1318 557 1382 ad
611 1316 894 1382 comicos
953 1319 1214 1380 nostros
1268 1318 1496 1398 poetas
1548 1317 1830 1399 primum
1877 1336 1953 1379 ex
2000 1319 2177 1381 certo
2225 1316 2505 1400 quodam
2551 1339 2764 1403 gram-

471 1424 701 1488 matici
736 1423 918 1488 fonte
965 1422 1174 1505 petita
1218 1422 1407 1485 haec:

561 1564 987 1647 adnictare,
1048 1563 1340 1626 adridere
1395 1564 1676 1627 inuitare
1733 1563 1798 1627 P
1848 1594 1931 1616 ==
1986 1564 2277 1629 Naeuius
2344 1565 2512 1648 apud
2577 1565 2764 1629 Pauli

649 1670 918 1734 Festum

561 1777 951 1861 approbus
998 1772 1448 1860 προσδόκιμος
1494 1777 1552 1841 L
1598 1808 1681 1830 =
1732 1774 2052 1840 Caecilius
2103 1776 2272 1859 apud
2323 1775 2601 1840 Gellium

563 1904 963 1947 arseuerse
1009 1882 1430 1966 prouerbium
1476 1883 1540 1945 P
1571 1914 1654 1935 =
1695 1882 2006 1947 Afranius
2055 1884 2225 1966 apud
2272 1883 2459 1947 Pauli
2497 1883 2763 1947 Festum

561 1989 782 2053 biber
825 1985 899 2054 τὸ
948 1993 1169 2054 πίνειν
1215 1990 1273 2053 L
1319 2019 1404 2041 =
1452 1988 1733 2053 Titinius
1783 1990 1954 2074 apud
2002 1988 2377 2054 Charisium

560 2096 800 2160 bilbit
844 2091 1155 2178 βομβύζει
1204 2096 1260 2158 L
1307 2125 1390 2147 =
1436 2095 1724 2159 Naevius
1774 2097 1942 2179 apud
1990 2096 2180 2161 Pauli
2225 2097 2494 2161 Festum

562 2200 943 2285 (carensis
990 2203 1424 2285 pistoribus
1472 2224 1524 2264 e.
1572 2226 1630 2285 q.
1679 2225 1726 2265 s.
1774 2202 1863 2266 P:
1912 2203 1990 2266 cf.
2037 2203 2320 2269 Titinius
2370 2204 2541 2287 apud
2569 2204 2754 2267 Pauli

648 2306 945 2394 Festum)

564 2414 873 2505 casinar
918 2413 1053 2479 13²0
1101 2414 1373 2480 HPSV
1411 2444 1493 2465 =
1541 2413 1738 2479 Atell.
1785 2415 1908 2479 inc.
1955 2414 2083 2479 VH
2131 2416 2302 2498 apud
2340 2414 2702 2480 Varronem

562 2512 1123 2587 cassabundum
1170 2520 1384 2586 HPV
1422 2552 1505 2574 =
1550 2521 1840 2587 Naevius
1889 2523 2060 2606 apud
2098 2521 2461 2587 Varronem

564 2629 880 2693 claudeo
928 2624 1195 2711 χωλεύω
1244 2629 1302 2692 L
1349 2658 1432 2680 =
1482 2627 1805 2693 Caecilius
1854 2630 2025 2713 apud
2071 2629 2479 2693 Priscianum

563 2736 992 2819 complecto
1041 2734 1388 2817 συμπλέκω
1434 2735 1526 2798 L:
1573 2735 1653 2799 cf.
1699 2735 2098 2819 Pomponius
2139 2735 2308 2819 apud
2355 2735 2760 2799 Priscianum

564 2841 967 2905 concordis
1015 2834 1305 2924 ὅμόνους
1351 2841 1408 2904 L
1457 2872 1540 2893 =
1589 2840 1911 2906 Caecilius
1961 2841 2129 2925 apud
2175 2841 2581 2907 Priscianum

563 2948 869 3031 dapalis
916 2970 1101 3011 cena
1146 2950 1409 3031 λιπαρίς
1454 2948 1513 3011 L
1560 2978 1644 3000 =
1690 2947 1973 3012 Titinius
2023 2949 2195 3031 apud
2239 2948 2528 3013 Nonium

563 3055 840 3139 degulo
887 3049 1308 3137 καταλαιμόω
1357 3053 1415 3117 L
1461 3084 1544 3106 =
1594 3054 1907 3118 Afranius
1948 3054 2118 3138 apud
2154 3053 2445 3120 Nonium

565 3161 941 3244 depudico
990 3160 1366 3243 διαφθείρω
1413 3160 1473 3223 L
1520 3190 1604 3212 =
1650 3159 1966 3225 Laberius
2015 3161 2185 3244 apud
2233 3159 2514 3224 Gellium

564 3266 932 3331 elucifico
984 3262 1202 3348 ζοφόω
1251 3267 1309 3330 L
1356 3297 1439 3318 =
1486 3266 1805 3332 Laberius
1854 3268 2025 3352 apud
2052 3267 2342 3332 Nonium

564 3372 850 3437 elutrio
900 3371 1140 3455 ὃιαχέω
1188 3373 1246 3436 L
1294 3404 1377 3424 =
1425 3372 1741 3437 Laberius
1780 3374 1952 3456 apud
1992 3373 2273 3436 Gellium

563 3479 761 3543 falla
802 3479 1073 3543 fallacia
1118 3479 1183 3542 P
1224 3509 1306 3530 =
1352 3479 1603 3544 Novius
1653 3481 1823 3564 apud
1871 3479 2160 3543 Nonium

562 3585 997 3671 flagriones
1043 3589 1380 3668 μαστιγίαι
1428 3587 1486 3650 L
1533 3616 1618 3639 =
1664 3586 1979 3650 Afranius
2020 3585 2190 3666 apud
2235 3583 2528 3648 Nonium

562 3691 809 3757 floces
855 3692 1018 3755 uini
1067 3690 1407 3775 στέμφυλα
1453 3694 1512 3757 L
1560 3724 1643 3745 =
1692 3689 2015 3756 Caecilius
2063 3690 2235 3773 apud
2283 3688 2567 3752 Gellium

563 3798 864 3882 gallulo
911 3792 1099 3880 ἡβάω
1150 3799 1205 3862 L
1253 3829 1336 3851 =
1382 3798 1636 3864 Novius
1684 3798 1853 3882 apud
1901 3795 2192 3862 Nonium

564 3905 1007 3988 glocidatus
1055 3898 1223 3987 ἡδύς
1270 3907 1326 3969 L
1374 3935 1457 3957 =
1502 3904 1793 3970 Naevius
1842 3904 2012 3987 apud
2060 3903 2423 3967 Varronem

565 4011 877 4094 gurduS‚
923 4011 1183 4093 ineptus
1230 4011 1482 4074 inutilis
1541 4012 1602 4074 V
1639 4042 1723 4063 =
1762 4009 2078 4074 Laberius
2129 4009 2299 4092 apud
2350 4008 2630 4072 Gellium

566 4117 768 4181 inori
823 4117 1081 4182 inores
1126 4117 1314 4181 Pauli
1361 4117 1620 4202 Festus;
1677 4119 1898 4181 incra
1959 4111 2213 4198 ἄστομα
2260 4115 2350 4178 L:
2409 4113 2486 4176 cf.
2533 4112 2763 4195 Turpi-

651 4223 779 4287 lius
826 4224 913 4287 23

564 4330 809 4396 iubilo
856 4324 1298 4414 ἄγαλλιάομαι
1327 4331 1417 4394 L:
1437 4330 1543 4430 ecs.
1572 4328 1911 4413 Aprissius
1939 4352 2001 4413 p.
2032 4328 2114 4391 27
2121 4327 2161 4391 3
2193 4327 2363 4409 apud
2392 4325 2758 4396 Varronem

2263 4430 2339 4483 d*
