3400 5075
662 267 758 322 ΟΠ
1543 260 2006 318 COROLLARIV
2009 260 2067 315 M

615 449 620 454 ·
725 430 856 495 296
903 428 1018 493 Nil
1063 429 1165 491 est
1210 429 1453 492 bonum
1501 425 1671 510 quod
1718 427 1850 489 n6n
1897 425 1986 488 sit
2032 447 2370 490 commune
2418 421 2820 510 6mnibus,²⁵)

725 536 858 600 315
904 533 1089 611 Quod
1120 534 1295 618 sapit
1321 534 1390 597 in
1417 536 1482 597 te
1511 533 1675 615 ipsc,
1704 530 1830 595 hoc
1859 530 2166 616 quidquid
2196 535 2297 594 est
2332 530 2663 596 hominem
2700 527 2962 616 putam)

726 643 854 707 318
905 640 1090 718 Quod
1137 640 1354 705 animo
1401 660 1614 703 noenu
1658 640 1870 722 nocet,
1914 659 2033 702 nec
2079 637 2331 702 homini
2378 638 2539 702 ilhid
2584 634 2873 723 nocet.¹⁷)

727 749 857 815 326
905 746 1150 824 Quales
1188 751 1341 811 sunt
1385 767 1618 830 mores,
1663 745 1819 809 talis
1867 744 2007 809 vita
2051 744 2200 828 ipsa
2245 745 2343 808 est
2388 742 2603 830 tua.¹⁸)

729 857 861 921 335
908 854 1085 938 Onus
1134 853 1425 938 corporis
1474 853 1627 917 sunt
1671 851 1983 933 membra,
2030 851 2262 934 quibus
2307 874 2440 916 non
2484 848 2831 936 utimur.¹⁹)

729 963 855 1027 341
910 957 1230 1044 Quidquid
1279 960 1421 1044 agis
1470 980 1668 1023 causa
1715 958 1982 1043 gloriae,
2030 958 2190 1022 haec
2237 959 2478 1022 merces
2528 954 2751 1043 erit.²⁰)

730 1069 862 1135 342
911 1067 1095 1145 Quod
1141 1067 1258 1129 das
1305 1070 1378 1129 ut
1421 1066 1810 1147 innotescas
1857 1063 1972 1128 das
2019 1061 2377 1150 libidini.2¹)

733 1176 862 1240 346
911 1174 1113 1250 Quasi
1161 1172 1363 1236 animi
1411 1172 1612 1236 vestis
1660 1174 1895 1255 corpus
1945 1171 2400 1237 servandumst
2443 1169 2667 1257 tibi.²²)

734 1281 863 1346 386
911 1280 1035 1356 Qui
1082 1279 1333 1344 millum
1378 1278 1589 1363 laesit,
1633 1279 1749 1342 nec
1796 1278 2058 1341 timebit
2101 1275 2525 1365 neminemffl)

731 1386 863 1451 443
909 1384 1212 1451 Amicum
1260 1388 1508 1450 certum
1556 1381 1755 1449 simili
1805 1384 2086 1449 similem
2134 1382 2472 1472 deputa.²⁴)

732 1494 862 1558 449
906 1493 1381 1559 Intaminatum
1429 1494 1663 1577 corpus
1712 1489 1970 1557 custodi
2011 1488 2294 1580 tuum.²⁵)

845 1704 1142 1790 Denique
1197 1728 1359 1791 quas
1415 1706 1486 1770 in
1531 1704 1683 1789 Syri
1745 1708 2103 1771 sententias
2152 1706 2361 1771 editas
2406 1706 2778 1791 nuperrime
2823 1728 2969 1791 pro-

672 1812 962 1877 tulerunt
1006 1811 1303 1878 homines
1360 1812 1535 1878 docti
1591 1811 1997 1876 coniecturas
2052 1814 2335 1877 fortasse
2383 1814 2638 1878 iuvabit
2696 1835 2971 1878 comme-

676 1941 992 1986 morasse:
1035 1942 1094 1984 ν.
1135 1918 1220 1984 75
1257 1919 1454 1984 brevis
1487 1939 1765 1998 summae
1800 1920 1940 2002 ipsa
1976 1925 2064 1985 est
2097 1941 2177 1984 m.
2215 1921 2257 1985 i.
2304 1921 2421 1984 Th.
2468 1919 2866 1984 Fritzschius
2906 1921 2974 1983 in

674 2026 1011 2091 Leutschii
1067 2025 1278 2091 indice
1333 2024 1740 2110 philologico
1797 2048 1857 2090 n.
1922 2027 2094 2091 1872
2140 2050 2200 2111 p.
2249 2028 2404 2111 2023
2454 2028 2623 2090 idem
2670 2050 2726 2090 v.
2773 2026 2860 2090 90
2907 2027 2975 2090 in

678 2132 854 2197 exitu
911 2131 1296 2216 septenarii:
1353 2132 1527 2215 filius
1569 2132 1764 2197 vitam
1808 2133 2049 2209 oderat;
2105 2135 2230 2198 110
2276 2134 2604 2199 consilium
2658 2134 2728 2198 in
2772 2134 2975 2198 dubiis

678 2240 1004 2304 inveni-unt
1046 2240 1246 2319 multi,
1291 2239 1452 2305 docti
1493 2260 1558 2305 se
1599 2239 1908 2321 explicant
1952 2240 2114 2304 conl.
2162 2263 2218 2304 v.
2267 2242 2423 2325 5933
2472 2264 2529 2305 v.
2570 2241 2697 2305 248
2738 2242 2979 2305 invidia

681 2346 873 2424 tacite,
918 2346 1239 2425 manifeste
1283 2347 1388 2411 ira
1422 2346 1699 2411 nascitur
1733 2368 1865 2410 non
1903 2346 2101 2428 male3
2141 2370 2197 2411 v.
2235 2346 2366 2411 265
2404 2348 2477 2412 in
2514 2348 2690 2411 exitu
2724 2348 2979 2428 facilius

675 2473 865 2535 quam
935 2453 1095 2518 oculi
1171 2452 1384 2533 ferunt
1454 2452 1793 2539 Augustus
1865 2451 2082 2515 Luchs
2158 2458 2433 2537 quaestt.
2509 2456 2692 2518 metr.
2766 2454 2978 2519 Plaut.

681 2558 1084 2646 (Gryphisw.
1147 2559 1346 2646 1872)
1400 2582 1461 2644 p.
1509 2561 1578 2644 9,
1624 2563 1825 2645 recte3
1872 2583 1929 2624 v.
1977 2560 2105 2624 348
2154 2557 2374 2645 (quem
2421 2562 2612 2645 plane
2661 2561 2980 2644 proscribi

685 2667 825 2731 vult
879 2667 1078 2730 etiam
1132 2665 1349 2730 Luchs
1412 2667 1465 2731 1.
1527 2665 1610 2753 1.)
1664 2668 1866 2749 mayis
1918 2669 1976 2731 is
2027 2668 2209 2744 valet,
2273 2668 2383 2748 qui
2442 2669 2632 2732 nescit
2691 2670 2843 2750 quid
2899 2671 2984 2735 sit

684 2773 1008 2838 calamitas
1060 2773 1402 2838 Eduardus
1447 2772 1696 2838 Becker
1753 2774 1919 2838 stud.
1965 2772 1997 2838 I
2054 2775 2210 2859 2143
2266 2796 2323 2838 v.
2384 2776 2514 2839 412
2568 2796 2695 2840 non
2749 2776 2984 2860 se'mper

834 3038 902 3107 ¹⁶)
939 3037 1084 3093 nihil
1117 3038 1328 3093 bonum
1366 3038 1518 3107 quod
1551 3056 1665 3093 non
1704 3039 1893 3107 potest
1929 3055 2051 3094 esse
2099 3056 2395 3095 commune
2434 3041 2490 3094 R
2722 3042 2786 3111 ¹⁶)
2834 3043 2984 3110 quod

688 3127 838 3197 sapit
891 3125 951 3180 in
1004 3128 1088 3197 te,
1143 3128 1252 3183 hoc
1299 3126 1486 3181 ducito
1545 3144 1665 3183 esse
1712 3127 1998 3183 hominem
2050 3128 2107 3182 R
2153 3128 2295 3183 scias
2349 3129 2525 3198 igitur
2576 3129 2738 3185 illum
2795 3148 2983 3199 quem-

687 3233 905 3286 cunque
951 3233 1198 3285 sensum,
1256 3216 1352 3285 qui
1394 3216 1455 3270 in
1490 3217 1547 3271 te
1594 3217 1705 3283 est,
1764 3216 1860 3285 qui
1907 3217 2198 3286 cognoscit
2233 3220 2291 3272 et
2334 3217 2639 3288 intellegit,
2700 3220 2985 3275 hominem

690 3323 812 3361 csse
849 3307 1080 3374 interpr.
1121 3305 1250 3376 Syr.
1418 3305 1484 3374 ¹⁷)
1525 3306 1674 3373 quod
1712 3305 1929 3359 animae
1967 3323 2079 3360 non
2114 3308 2296 3373 nocet,
2333 3325 2435 3361 nec
2473 3307 2686 3361 homini
2723 3309 2778 3362 R
2814 3310 2983 3376 quod-

690 3412 907 3463 cunque
956 3394 1143 3450 animo
1178 3411 1293 3448 non
1327 3396 1496 3448 nocet
1532 3394 1705 3449 etiam
1740 3394 1956 3449 homini
1992 3395 2211 3450 interno
2252 3396 2532 3464 (universo
2564 3397 2635 3465 G)
2673 3415 2787 3451 non
2821 3402 2987 3452 nocet

689 3485 919 3553 interpr.
957 3483 1084 3554 Syr.
1334 3485 1398 3554 ¹⁸)
1436 3486 1605 3554 prout
1640 3486 1772 3540 sunt
1806 3503 1990 3539 mores
2025 3484 2129 3552 tui,
2165 3483 2298 3539 talis
2338 3484 2412 3539 sit
2449 3487 2569 3552 (om.
2612 3486 2652 3537 I
2662 3486 2733 3556 U)
2773 3488 2832 3541 et
2865 3487 2989 3542 uita

691 3575 792 3627 tua
827 3573 884 3626 R
923 3571 1045 3627 οἷον
1082 3568 1145 3625 τὸ
1182 3564 1330 3642 ἦθος
1368 3567 1626 3644 ἑκάστου,
1663 3568 1884 3628 τοιόσδε
1924 3567 1955 3626 ὁ
1995 3573 2113 3644 βίος
2150 3572 2247 3626 καὶ
2284 3569 2350 3626 αἴ
2373 3570 2605 3641 πράξεις
2633 3574 2906 3645 Demoph.
2940 3583 2987 3630 4.

698 3661 763 3734 ¹⁹)
801 3662 1053 3717 membra
1090 3660 1339 3732 corporis
1378 3662 1595 3717 sarcina
1632 3664 1762 3716 sunt
1785 3661 1901 3730 his,
1941 3661 2039 3730 qui
2074 3661 2154 3715 eis
2190 3679 2302 3716 non
2330 3662 2562 3716 utuntur
2599 3662 2654 3716 R
2730 3663 2796 3734 ²⁰)
2836 3664 2988 3733 quic-

694 3750 829 3820 quid
875 3748 1056 3822 egeris
1094 3767 1262 3806 causa
1298 3750 1530 3821 gloriae,
1566 3752 1706 3806 haec
1744 3751 1851 3804 erit
1886 3767 2099 3805 merces
2134 3750 2272 3804 facti
2305 3750 2390 3804 tui
2428 3750 2483 3803 R
2666 3750 2734 3822 ²¹)
2774 3753 2822 3806 si
2859 3753 2992 3823 quid

699 3837 922 3894 dederis
976 3838 1060 3894 ita
1110 3841 1176 3893 ut
1228 3839 1547 3894 hominibus
1600 3839 1917 3894 innotescat
1972 3838 2308 3908 (innotescas
2362 3842 2591 3908 interpr.
2649 3839 2817 3911 Syn),
2880 3860 2992 3896 non

697 3928 937 3996 homini,
986 3929 1086 3983 sed
1130 3928 1390 3999 propriae
1426 3927 1647 3983 libidini
1681 3926 2016 3997 praestitisti
2052 3928 2107 3981 R
2255 3929 2322 3998 ²²)
2361 3928 2760 3983 uestimentum
2794 3932 2991 4000 putato

700 4035 820 4072 esse
857 4008 1078 4073 animae
1109 4016 1303 4087 (animi
1331 4016 1456 4086 Syr.
1486 4018 1737 4086 interpr.)
1777 4035 1976 4086 corpus
2010 4019 2189 4083 tuum,
2226 4018 2496 4071 mundum
2529 4016 2703 4087 igitur
2738 4018 2795 4070 id
2834 4035 2995 4072 serua

699 4107 754 4162 R
792 4108 859 4173 cf.
900 4112 1003 4162 449
1199 4105 1266 4176 ²⁸)
1303 4105 1584 4160 neminem
1618 4105 1848 4160 laedens
1883 4106 2102 4161 nullum
2134 4104 2360 4161 timebis
2398 4106 2452 4159 R
2647 4104 2714 4174 ⁹⁴)
2752 4105 2994 4160 amicum

702 4196 908 4264 deputa
954 4194 1196 4249 similem
1242 4192 1414 4249 simili
1458 4193 1514 4248 R
1560 4189 1623 4249 τὸ
1672 4187 1871 4265 ὅμοιον
1916 4193 1991 4268 τῷ
2032 4188 2207 4266 ὁμοίῳ
2246 4195 2412 4263 φίλον
2449 4193 2679 4248 Aristot.
2719 4193 2830 4246 eth.
2869 4193 2990 4247 Nic.

703 4283 780 4336 IX
818 4290 883 4336 33
1035 4283 1101 4351 ²⁶)
1139 4281 1640 4337 incontaminatum
1677 4282 1895 4337 custodi
1932 4301 2131 4353 corpus
2166 4285 2325 4337 tuum
2362 4282 2418 4336 R
2455 4283 2523 4349 cf.
2563 4287 2682 4335 346.
