3400 5075
560 301 687 364 300
1089 347 1100 369 ,
1345 258 1668 355 Dsscuivs
1709 301 2073 354 LAsssmvs

1624 457 1789 523 XIII

737 575 985 639 Plinius
1041 597 1103 638 n.
1159 575 1223 638 h.
1277 574 1371 639 IX
1437 575 1545 658 17,
1601 575 1684 638 28
1754 576 2011 658 ‘postea
2074 574 2600 662 praecipuam?
2657 570 2854 658 (inter

559 689 797 776 pisces)
846 689 1417 754 ‘auctoritatem
1465 689 1708 754 fuisse
1763 689 1942 773 lupo
1990 692 2064 751 et
2119 688 2385 752 asellis
2434 687 2651 773 Nepos
2699 687 2854 753 Cor-

560 806 768 868 nelius
814 809 881 868 et
925 804 1236 868 Laberius
1292 808 1484 888 poeta
1540 805 1884 868 mimorum
1938 803 2270 868 tradidere.
2363 805 2663 887 luporum
2716 804 2850 867 lau-

561 920 875 984 datissimi
923 920 1032 1003 qui
1079 921 1490 1004 appellantur
1535 920 1741 984 lanati
1789 943 1828 983 a
1864 919 2142 984 candore
2179 919 2577 1003 mollitiaque
2625 920 2854 984 carnis.

470 1118 474 1124 -
560 1036 903 1099 asellorum
969 1035 1095 1098 duo
1166 1055 1430 1119 genera,
1496 1035 1722 1120 collyri
1785 1035 2067 1098 minores
2134 1037 2200 1099 et
2262 1035 2489 1099 bacchi
2555 1035 2666 1120 qui
2719 1057 2854 1098 non

560 1150 686 1214 nisi
734 1150 802 1213 in
848 1151 980 1215 alto
1029 1150 1397 1234 capiuntur,
1441 1150 1585 1214 ideo
1632 1149 1904 1234 praelati
1949 1150 2298 1234 prioribus3
2344 1154 2414 1213 at
2454 1151 2523 1215 in
2570 1151 2739 1235 lupis
2784 1150 2853 1214 in

562 1288 751 1330 amne
799 1267 971 1351 capti
1017 1266 1512 1350 praeferuntur?

1553 1354 1713 1418 XIV
1761 1351 1860 1439 (5)

738 1520 1179 1535 .....
1276 1471 1492 1555 aliqua
1537 1473 1721 1554 parte
1768 1469 2093 1533 euulserat

1544 1583 1668 1648 XV
1719 1581 1865 1670 (12)

1072 1752 1086 1765 .
1177 1699 1417 1765 coicior
1461 1701 1530 1764 in
1576 1700 1952 1764 fullo'nicam

1519 1815 1677 1880 XVI
1696 1825 1722 1851 ⁸
1753 1812 1897 1900 (12)

740 1930 905 2006 Quid
952 1932 1303 2016 properas?
1351 1931 1578 2013 ecquid
1625 1931 1983 2015 praecurris
2030 1929 2479 1996 Calidoniam?

1608 2043 1807 2111 XVI'J

738 2161 1026 2226 Maereo:
1074 2185 1255 2226 mens
1303 2160 1680 2247 incorrupta
1726 2159 2044 2226 miscriter
2090 2161 2535 2245 corrumpitur.

1453 2285 1646 2351 xvn
1695 2283 1785 2371 (1.
1838 2284 1949 2372 12)

566 2401 692 2465 150
737 2402 1322 2467 mendicimonium.
1406 2401 1966 2465 moechimonium.
2040 2401 2374 2465 adulterio.
2459 2401 2854 2466 adulteritaS.

565 2516 994 2601 depudicauit.
1068 2517 1416 2582 abluuium.
1492 2516 1793 2581 elutriare
1840 2515 2057 2580 lintea.
2129 2516 2525 2581 lauandaria.

561 2714 617 2761 in
656 2712 850 2773 Italia,
901 2712 1044 2776 quod
1082 2727 1147 2761 eo
1192 2714 1290 2763 bos
1327 2712 1592 2761 intestina
1639 2711 1868 2761 uulnere
1905 2712 2132 2761 trahens
2177 2711 2479 2765 aduenerit.
2554 2712 2854 2765 Laberius:

560 2778 723 2829 labit’
772 2796 817 2829 e.
869 2795 917 2844 q,
967 2795 1009 2829 s.
1215 2780 1344 2828 XIV
1379 2778 1677 2829 Diomedes
1728 2795 1782 2844 p.
1827 2781 1928 2830 369
1974 2779 2032 2828 Ρ.
2080 2779 2254 2828 ‘uello
2300 2780 2466 2830 uellis
2512 2780 2717 2842 uulsi,
2758 2781 2856 2830 sed

561 2847 756 2896 melius
791 2847 923 2897 uelli
963 2888 975 2901 .
1012 2884 1024 2896 .
1065 2884 1076 2896 .
1119 2848 1390 2898 Laberius
1427 2848 1618 2911 aliqua
1667 2852 1826 2911 parte
1866 2850 1942 2911 p.’
2013 2843 2356 2910 (lauet-ius
2391 2849 2517 2898 Par.
2554 2849 2600 2897 A
2636 2848 2855 2898 Monac.

563 2914 912 2978 plauerius
959 2916 1082 2964 Par.
1120 2916 1182 2965 B.
1255 2914 1537 2975 Quaedam
1588 2922 1716 2964 ante
1757 2914 1980 2964 Laberii
2019 2914 2320 2979 exemplum
2364 2916 2633 2966 excidisse
2680 2916 2856 2980 suspi-

562 2988 719 3031 catur
752 2982 993 3044 Keilius)
1234 2983 1333 3031 XV
1369 2997 1450 3045 sq.
1489 2982 1699 3032 Gellius
1738 2981 1865 3031 XVI
1901 2985 1960 3044 7,
2010 2986 2043 3033 5
2091 2982 2169 3032 cis
2216 2997 2356 3047 quae
2406 2982 2475 3031 ad
2516 2983 2671 3033 XVII
2708 2987 2854 3033 tran-

563 3051 880 3113 scripsimus
932 3050 1074 3099 haec
1119 3050 1386 3099 subiecit:
1444 3054 1525 3099 ‘et
1571 3050 1829 3100 coicior
1874 3050 2058 3112 inquit
2104 3050 2169 3098 in
2219 3049 2257 3098 f.
2306 3055 2360 3099 st
2407 3047 2651 3116 [XV1⁸].‘

562 3116 724 3166 xvlb
764 3118 969 3167 Nonius
1005 3119 1131 3181 517,
1163 3119 1187 3164 1
1229 3117 1601 3167 ‘miscriter
1637 3133 1735 3182 pro
1773 3117 1985 3169 misere.
2056 3117 2323 3166 Laberius
2360 3123 2610 3168 mereo’
2650 3134 2697 3167 e.
2730 3133 2780 3181 q.
2811 3133 2853 3167 s.

563 3182 804 3248 (marco
843 3184 993 3234 Leid.
1035 3200 1099 3237 m.
1142 3188 1184 3245 l,
1223 3184 1410 3239 Bamb,
1450 3186 1671 3233 Marco
1711 3201 1806 3248 pro
1847 3185 2008 3234 titulo
2048 3184 2271 3234 fabulae
2308 3184 2389 3233 ed.
2427 3186 2598 3248 princ.
2639 3185 2856 3235 eadem-

563 3268 669 3315 que
729 3253 986 3316 opinione
1049 3252 1200 3300 ducti
1258 3252 1456 3300 ceteri:
1512 3252 1733 3301 Macco
1786 3252 2057 3302 Bentinus
2104 3251 2317 3301 Nereo
2364 3252 2594 3302 Bothius
2640 3255 2856 3303 Mario

563 3320 649 3369 uel
699 3320 999 3369 Mos-ione
1047 3320 1166 3384 ipse
1213 3319 1451 3380 conieci,
1491 3334 1822 3382 quamquam
1859 3319 2196 3378 dubitantem
2244 3335 2512 3369 maereo
2551 3321 2605 3369 iu
2654 3325 2854 3384 poetae

563 3393 769 3435 textum
804 3387 992 3436 intulit
1029 3386 1437 3450 Quicheratius.
1509 3386 1862 3436 Woelfflinus
1908 3388 1963 3435 in
2004 3385 2239 3436 Publilio
2277 3402 2328 3451 p.
2368 3390 2397 3436 7
2447 3390 2574 3437 noui
2613 3388 2688 3436 nil
2727 3403 2858 3437 cou-

562 3455 732 3515 tulit.)
873 3454 1028 3504 XVII
1068 3454 1279 3504 Gellius
1316 3454 1442 3503 xv1
1479 3456 1528 3514 7,
1573 3458 1594 3502 1
1636 3455 1931 3504 ‘Laberius
1970 3455 2028 3503 in
2065 3454 2267 3513 mimis,
2314 3470 2449 3517 quos
2494 3456 2855 3520 scriptitauit,

561 3522 762 3585 oppido
800 3521 1344 3585 quamnnsba-finxit
1381 3520 1766 3585 praelicenter.
1835 3522 1972 3571 Nam
2003 3528 2058 3570 et
2095 3521 2678 3572 mendicimonium
2718 3523 2857 3571 dicit

561 3596 615 3638 et
651 3589 1201 3645 maechimonium
1240 3594 1296 3639 et
1331 3589 1842 3639 adulterionem
1880 3589 2523 3653 adulteritatemque
2561 3606 2659 3655 pro
2697 3589 2857 3639 adul·

563 3657 735 3717 reric,
775 3663 831 3705 et
876 3657 1321 3720 depudicauit
1367 3672 1462 3721 pro
1500 3657 1777 3721 stuprauit
1815 3662 1871 3706 et
1916 3657 2261 3707 ablauium
2300 3673 2396 3721 pro
2434 3656 2639 3707 diluuio
2676 3695 2688 3707 .
2717 3694 2729 3707 .
2761 3695 2773 3707 .
2801 3663 2858 3708 et

564 3724 895 3774 elutriare
935 3724 1157 3773 lintea
1195 3731 1250 3774 et
1285 3725 1700 3774 lauandaria
1741 3725 1902 3785 dicit,
1942 3740 2076 3788 quae
2104 3724 2172 3774 ad
2206 3724 2505 3774 leuandum
2533 3726 2645 3774 sint
2682 3725 2857 3774 data.’

562 3886 804 3942 caeditur
849 3890 1035 3942 ceteri
1083 3887 1219 3941 libri
1391 3883 1508 3942 146
1556 3882 1734 3958 aliqua
1779 3894 1930 3959 parte
1972 3889 2344 3958 yrammatico
2376 3888 2605 3956 reliquit
2636 3886 2861 3941 Keilius

675 3969 948 4026 cuulserat
978 3971 1376 4026 Buechelerus
1404 3970 1721 4054 penulserat·
1742 3987 1895 4026 corr.
1930 3969 2205 4044 puulserst
2229 3971 2457 4026 Monac.
2489 3969 2860 4043 pracuulscrat

564 4093 751 4145 celeri
966 4088 1083 4145 148
1140 4087 1334 4161 ecquid
1381 4088 1585 4143 Pctau.
1646 4058 1769 4163 &dd
1819 4090 2006 4144 Germ.
2065 4087 2192 4162 quid
2258 4090 2409 4144 VosS.
2468 4088 2659 4145 Paris.
2714 4088 2858 4144 Thu.

565 4208 740 4280 Mayl.
786 4208 963 4281 Luqd.
1002 4207 1140 4279 Ray.
1314 4176 1526 4281 {curris
1557 4208 1735 4282 Luyd.
1911 4206 2236 4262 Calidoniam
2283 4209 2513 4278 scripsi,
2562 4209 2687 4264 scil.
2720 4206 2857 4261 Ata-

564 4295 785 4351 lantam
830 4291 1072 4348 caldonia
1114 4292 1248 4346 libri
