<?xml version="1.0" encoding="UTF-8"?>
<!DOCTYPE html PUBLIC "-//W3C//DTD XHTML 1.0 Transitional//EN"
    "http://www.w3.org/TR/xhtml1/DTD/xhtml1-transitional.dtd">
<html xmlns="http://www.w3.org/1999/xhtml" xml:lang="en" lang="en">
 <head>
  <title>
</title>
<meta http-equiv="Content-Type" content="text/html;charset=utf-8" />
  <meta name='ocr-system' content='tesseract 3.04.00' />
  <meta name='ocr-capabilities' content='ocr_page ocr_carea ocr_par ocr_line ocrx_word'/>
</head>
<body>
  <div class='ocr_page' id='page_1' title='image "./comicorumromano00teregoog_0091.png"; bbox 0 0 3400 5075; ppageno 0'>
   <div class='ocr_carea' id='block_1_1' title="bbox 1345 282 2732 339">
    <p class='ocr_par' dir='ltr' id='par_1_1' title="bbox 1345 282 2732 339">
     <span class='ocr_line' id='line_1_1' title="bbox 1345 282 2732 339; baseline 0.002 -4"><span class='ocrx_word' id='word_1_1' title='bbox 1345 284 1871 339; x_wconf 61' lang='lat' dir='ltr'>COROLLARIUM</span> <span class='ocrx_word' id='word_1_2' title='bbox 2452 282 2732 339; x_wconf 80' lang='lat' dir='ltr'>LXXXIX</span> 
     </span>
    </p>
   </div>
   <div class='ocr_carea' id='block_1_2' title="bbox 443 447 2739 1599">
    <p class='ocr_par' dir='ltr' id='par_1_2' title="bbox 443 447 2735 1070">
     <span class='ocr_line' id='line_1_2' title="bbox 620 447 2731 533; baseline -0 -21"><span class='ocrx_word' id='word_1_3' title='bbox 620 447 947 514; x_wconf 79' lang='lat' dir='ltr'>PVBLILII</span> <span class='ocrx_word' id='word_1_4' title='bbox 1001 471 1165 533; x_wconf 88' lang='lat' dir='ltr'>quae</span> <span class='ocrx_word' id='word_1_5' title='bbox 1230 447 1526 513; x_wconf 88' lang='lat' dir='ltr'>feruntur</span> <span class='ocrx_word' id='word_1_6' title='bbox 1595 448 1956 513; x_wconf 88' lang='lat' dir='ltr'>sententiae</span> <span class='ocrx_word' id='word_1_7' title='bbox 2021 448 2189 533; x_wconf 89' lang='lat' dir='ltr'>quod</span> <span class='ocrx_word' id='word_1_8' title='bbox 2253 470 2423 511; x_wconf 85' lang='lat' dir='ltr'>nune</span> <span class='ocrx_word' id='word_1_9' title='bbox 2469 448 2731 511; x_wconf 85' lang='lat' dir='ltr'>tandem</span> 
     </span>
     <span class='ocr_line' id='line_1_3' title="bbox 448 555 2732 642; baseline -0.003 -19"><span class='ocrx_word' id='word_1_10' title='bbox 448 558 794 642; x_wconf 84' lang='lat' dir='ltr'>aliquando</span> <span class='ocrx_word' id='word_1_11' title='bbox 843 560 1019 622; x_wconf 88' lang='lat' dir='ltr'>certo</span> <span class='ocrx_word' id='word_1_12' title='bbox 1065 556 1506 641; x_wconf 88' lang='lat' dir='ltr'>librorumque</span> <span class='ocrx_word' id='word_1_13' title='bbox 1555 556 1945 621; x_wconf 88' lang='lat' dir='ltr'>auctoritate</span> <span class='ocrx_word' id='word_1_14' title='bbox 1985 556 2243 620; x_wconf 86' lang='lat' dir='ltr'>firmato</span> <span class='ocrx_word' id='word_1_15' title='bbox 2283 555 2505 618; x_wconf 82' lang='lat' dir='ltr'>ordine</span> <span class='ocrx_word' id='word_1_16' title='bbox 2544 555 2732 637; x_wconf 88' lang='lat' dir='ltr'>prod-</span> 
     </span>
     <span class='ocr_line' id='line_1_4' title="bbox 446 662 2734 749; baseline -0.001 -22"><span class='ocrx_word' id='word_1_17' title='bbox 446 668 626 747; x_wconf 88' lang='lat' dir='ltr'>eunt,</span> <span class='ocrx_word' id='word_1_18' title='bbox 670 664 1041 730; x_wconf 85' lang='lat' dir='ltr'>Woelfflim·</span> <span class='ocrx_word' id='word_1_19' title='bbox 1090 665 1360 729; x_wconf 88' lang='lat' dir='ltr'>consilio</span> <span class='ocrx_word' id='word_1_20' title='bbox 1413 667 1478 727; x_wconf 87' lang='lat' dir='ltr'>et</span> <span class='ocrx_word' id='word_1_21' title='bbox 1524 664 1903 749; x_wconf 74' lang='lat' dir='ltr'>diligentiae</span> <span class='ocrx_word' id='word_1_22' title='bbox 1952 663 2238 742; x_wconf 85' lang='lat' dir='ltr'>debetur,</span> <span class='ocrx_word' id='word_1_23' title='bbox 2285 662 2466 725; x_wconf 89' lang='lat' dir='ltr'>cuius</span> <span class='ocrx_word' id='word_1_24' title='bbox 2514 664 2734 725; x_wconf 85' lang='lat' dir='ltr'>tamen</span> 
     </span>
     <span class='ocr_line' id='line_1_5' title="bbox 446 768 2734 856; baseline -0.002 -21"><span class='ocrx_word' id='word_1_25' title='bbox 446 773 811 856; x_wconf 82' lang='lat' dir='ltr'>exemplum</span> <span class='ocrx_word' id='word_1_26' title='bbox 859 771 1040 855; x_wconf 90' lang='lat' dir='ltr'>sequi</span> <span class='ocrx_word' id='word_1_27' title='bbox 1084 772 1264 836; x_wconf 90' lang='lat' dir='ltr'>nolui</span> <span class='ocrx_word' id='word_1_28' title='bbox 1310 771 1378 835; x_wconf 91' lang='lat' dir='ltr'>in</span> <span class='ocrx_word' id='word_1_29' title='bbox 1422 772 1804 854; x_wconf 85' lang='lat' dir='ltr'>proverbiis,</span> <span class='ocrx_word' id='word_1_30' title='bbox 1851 793 2015 855; x_wconf 92' lang='lat' dir='ltr'>quae</span> <span class='ocrx_word' id='word_1_31' title='bbox 2054 770 2165 833; x_wconf 89' lang='lat' dir='ltr'>ille</span> <span class='ocrx_word' id='word_1_32' title='bbox 2207 791 2403 852; x_wconf 88' lang='lat' dir='ltr'>prosa</span> <span class='ocrx_word' id='word_1_33' title='bbox 2440 768 2734 831; x_wconf 89' lang='lat' dir='ltr'>oratione</span> 
     </span>
     <span class='ocr_line' id='line_1_6' title="bbox 443 856 2735 961; baseline -0.002 -18"><span class='ocrx_word' id='word_1_34' title='bbox 443 868 682 943; x_wconf 61' lang='lat' dir='ltr'>litteris</span> <span class='ocrx_word' id='word_1_35' title='bbox 746 878 1017 943; x_wconf 81' lang='lat' dir='ltr'>cursivis</span> <span class='ocrx_word' id='word_1_36' title='bbox 1080 878 1340 961; x_wconf 88' lang='lat' dir='ltr'>suisque</span> <span class='ocrx_word' id='word_1_37' title='bbox 1386 879 1671 943; x_wconf 88' lang='lat' dir='ltr'>numeris</span> <span class='ocrx_word' id='word_1_38' title='bbox 1718 878 1868 942; x_wconf 89' lang='lat' dir='ltr'>inde</span> <span class='ocrx_word' id='word_1_39' title='bbox 1925 900 1964 940; x_wconf 90' lang='lat' dir='ltr'>a</span> <span class='ocrx_word' id='word_1_40' title='bbox 2008 856 2231 940; x_wconf 71' lang='lat' dir='ltr'>littera</span> <span class='ocrx_word' id='word_1_41' title='bbox 2275 876 2339 940; x_wconf 93' lang='lat' dir='ltr'>N</span> <span class='ocrx_word' id='word_1_42' title='bbox 2385 875 2735 956; x_wconf 73' lang='lat' dir='ltr'>inmiscuit,</span> 
     </span>
     <span class='ocr_line' id='line_1_7' title="bbox 445 984 2087 1070; baseline -0.003 -20"><span class='ocrx_word' id='word_1_43' title='bbox 445 1007 568 1069; x_wconf 87' lang='lat' dir='ltr'>ego</span> <span class='ocrx_word' id='word_1_44' title='bbox 615 985 683 1050; x_wconf 92' lang='lat' dir='ltr'>in</span> <span class='ocrx_word' id='word_1_45' title='bbox 732 985 1105 1069; x_wconf 86' lang='lat' dir='ltr'>appendicis</span> <span class='ocrx_word' id='word_1_46' title='bbox 1151 985 1365 1049; x_wconf 88' lang='lat' dir='ltr'>fronte</span> <span class='ocrx_word' id='word_1_47' title='bbox 1412 1008 1472 1068; x_wconf 92' lang='lat' dir='ltr'>p.</span> <span class='ocrx_word' id='word_1_48' title='bbox 1521 986 1651 1049; x_wconf 85' lang='lat'>364</span> <span class='ocrx_word' id='word_1_49' title='bbox 1697 1007 1833 1070; x_wconf 89' lang='lat' dir='ltr'>sqq.</span> <span class='ocrx_word' id='word_1_50' title='bbox 1880 984 2087 1067; x_wconf 91' lang='lat' dir='ltr'>posui.</span> 
     </span>
    </p>

    <p class='ocr_par' dir='ltr' id='par_1_3' title="bbox 446 1091 2739 1599">
     <span class='ocr_line' id='line_1_8' title="bbox 624 1091 2731 1177; baseline -0.001 -20"><span class='ocrx_word' id='word_1_51' title='bbox 624 1092 851 1177; x_wconf 81' lang='lat' dir='ltr'>Neque</span> <span class='ocrx_word' id='word_1_52' title='bbox 897 1093 1219 1155; x_wconf 80' lang='lat' dir='ltr'>codicum</span> <span class='ocrx_word' id='word_1_53' title='bbox 1267 1093 1626 1175; x_wconf 88' lang='lat' dir='ltr'>scripturas</span> <span class='ocrx_word' id='word_1_54' title='bbox 1676 1092 1759 1155; x_wconf 89' lang='lat' dir='ltr'>ab</span> <span class='ocrx_word' id='word_1_55' title='bbox 1807 1091 1922 1155; x_wconf 92' lang='lat' dir='ltr'>illo</span> <span class='ocrx_word' id='word_1_56' title='bbox 1971 1093 2266 1174; x_wconf 88' lang='lat' dir='ltr'>sumptas</span> <span class='ocrx_word' id='word_1_57' title='bbox 2319 1092 2512 1173; x_wconf 85' lang='lat' dir='ltr'>paulo</span> <span class='ocrx_word' id='word_1_58' title='bbox 2561 1113 2731 1155; x_wconf 85' lang='lat' dir='ltr'>com-</span> 
     </span>
     <span class='ocr_line' id='line_1_9' title="bbox 450 1197 2734 1282; baseline -0.001 -19"><span class='ocrx_word' id='word_1_59' title='bbox 450 1200 704 1265; x_wconf 89' lang='lat' dir='ltr'>modius</span> <span class='ocrx_word' id='word_1_60' title='bbox 752 1200 1093 1281; x_wconf 82' lang='lat' dir='ltr'>disponere</span> <span class='ocrx_word' id='word_1_61' title='bbox 1143 1202 1246 1262; x_wconf 91' lang='lat' dir='ltr'>sat</span> <span class='ocrx_word' id='word_1_62' title='bbox 1289 1198 1509 1262; x_wconf 87' lang='lat' dir='ltr'>habui.</span> <span class='ocrx_word' id='word_1_63' title='bbox 1582 1197 1917 1262; x_wconf 88' lang='lat' dir='ltr'>Parisinas</span> <span class='ocrx_word' id='word_1_64' title='bbox 1960 1198 2217 1282; x_wconf 92' lang='lat' dir='ltr'>quidem</span> <span class='ocrx_word' id='word_1_65' title='bbox 2265 1197 2487 1281; x_wconf 89' lang='lat' dir='ltr'>copias</span> <span class='ocrx_word' id='word_1_66' title='bbox 2527 1198 2734 1261; x_wconf 87' lang='lat' dir='ltr'>denuo</span> 
     </span>
     <span class='ocr_line' id='line_1_10' title="bbox 451 1304 2737 1387; baseline -0 -18"><span class='ocrx_word' id='word_1_67' title='bbox 451 1309 746 1371; x_wconf 84' lang='lat' dir='ltr'>excutere</span> <span class='ocrx_word' id='word_1_68' title='bbox 792 1306 862 1369; x_wconf 92' lang='lat' dir='ltr'>in</span> <span class='ocrx_word' id='word_1_69' title='bbox 898 1305 1133 1370; x_wconf 92' lang='lat' dir='ltr'>horum</span> <span class='ocrx_word' id='word_1_70' title='bbox 1171 1308 1540 1387; x_wconf 89' lang='lat' dir='ltr'>temporum</span> <span class='ocrx_word' id='word_1_71' title='bbox 1578 1304 1791 1369; x_wconf 87' lang='lat' dir='ltr'>turbis</span> <span class='ocrx_word' id='word_1_72' title='bbox 1837 1328 1969 1370; x_wconf 90' lang='lat' dir='ltr'>non</span> <span class='ocrx_word' id='word_1_73' title='bbox 2013 1304 2229 1369; x_wconf 88' lang='lat' dir='ltr'>licuit:</span> <span class='ocrx_word' id='word_1_74' title='bbox 2278 1307 2346 1369; x_wconf 88' lang='lat' dir='ltr'>at</span> <span class='ocrx_word' id='word_1_75' title='bbox 2373 1306 2737 1387; x_wconf 54' lang='lat' dir='ltr'>Fffsz&#39;nyen-</span> 
     </span>
     <span class='ocr_line' id='line_1_11' title="bbox 446 1406 2736 1496; baseline -0.001 -19"><span class='ocrx_word' id='word_1_76' title='bbox 446 1433 571 1476; x_wconf 81' lang='lat' dir='ltr'>sem</span> <span class='ocrx_word' id='word_1_77' title='bbox 619 1435 765 1477; x_wconf 89' lang='lat' dir='ltr'>cum</span> <span class='ocrx_word' id='word_1_78' title='bbox 813 1412 1088 1496; x_wconf 86' lang='lat' dir='ltr'>singulis</span> <span class='ocrx_word' id='word_1_79' title='bbox 1136 1412 1421 1495; x_wconf 82' lang='lat' dir='ltr'>plagulis</span> <span class='ocrx_word' id='word_1_80' title='bbox 1465 1406 2406 1476; x_wconf 64' lang='lat' dir='ltr'>accuratissime&#39;contulerunt</span> <span class='ocrx_word' id='word_1_81' title='bbox 2433 1412 2736 1475; x_wconf 84' lang='lat' dir='ltr'>Halmius</span> 
     </span>
     <span class='ocr_line' id='line_1_12' title="bbox 451 1518 2739 1599; baseline -0.001 -16"><span class='ocrx_word' id='word_1_82' title='bbox 451 1524 516 1583; x_wconf 89' lang='lat' dir='ltr'>et</span> <span class='ocrx_word' id='word_1_83' title='bbox 560 1518 1043 1599; x_wconf 89' lang='lat' dir='ltr'>Laubmannus,</span> <span class='ocrx_word' id='word_1_84' title='bbox 1090 1523 1164 1582; x_wconf 88' lang='lat' dir='ltr'>ut</span> <span class='ocrx_word' id='word_1_85' title='bbox 1209 1519 1428 1583; x_wconf 90' lang='lat' dir='ltr'>omnia</span> <span class='ocrx_word' id='word_1_86' title='bbox 1474 1542 1619 1584; x_wconf 90' lang='lat' dir='ltr'>mea</span> <span class='ocrx_word' id='word_1_87' title='bbox 1666 1520 1744 1583; x_wconf 90' lang='lat' dir='ltr'>de</span> <span class='ocrx_word' id='word_1_88' title='bbox 1791 1519 1906 1583; x_wconf 92' lang='lat' dir='ltr'>illo</span> <span class='ocrx_word' id='word_1_89' title='bbox 1946 1518 2327 1582; x_wconf 88' lang='lat' dir='ltr'>testimonia</span> <span class='ocrx_word' id='word_1_90' title='bbox 2362 1519 2739 1582; x_wconf 87' lang='lat' dir='ltr'>firmissima</span> 
     </span>
    </p>
   </div>
   <div class='ocr_carea' id='block_1_3' title="bbox 448 1624 2851 1708">
    <p class='ocr_par' dir='ltr' id='par_1_4' title="bbox 448 1624 2851 1708">
     <span class='ocr_line' id='line_1_13' title="bbox 448 1624 2851 1708; baseline 0 -20"><span class='ocrx_word' id='word_1_91' title='bbox 448 1625 682 1690; x_wconf 88' lang='lat' dir='ltr'>horum</span> <span class='ocrx_word' id='word_1_92' title='bbox 741 1624 1030 1689; x_wconf 85' lang='lat' dir='ltr'>virorum</span> <span class='ocrx_word' id='word_1_93' title='bbox 1089 1627 1214 1690; x_wconf 88' lang='lat' dir='ltr'>fide</span> <span class='ocrx_word' id='word_1_94' title='bbox 1271 1626 1393 1690; x_wconf 89' lang='lat' dir='ltr'>niti</span> <span class='ocrx_word' id='word_1_95' title='bbox 1455 1626 1774 1690; x_wconf 88' lang='lat' dir='ltr'>confidere</span> <span class='ocrx_word' id='word_1_96' title='bbox 1837 1625 2065 1708; x_wconf 77' lang='lat' dir='ltr'>possiS.</span> <span class='ocrx_word' id='word_1_97' title='bbox 2170 1624 2519 1688; x_wconf 88' lang='lat' dir='ltr'>Praeterea</span> <span class='ocrx_word' id='word_1_98' title='bbox 2577 1625 2737 1689; x_wconf 69' lang='grc' dir='ltr'>Βεν-</span> <span class='ocrx_word' id='word_1_99' title='bbox 2838 1632 2851 1641; x_wconf 75' lang='grc'><strong>“</strong></span> 
     </span>
    </p>
   </div>
   <div class='ocr_carea' id='block_1_4' title="bbox 448 1728 2744 4369">
    <p class='ocr_par' dir='ltr' id='par_1_5' title="bbox 448 1728 2736 2244">
     <span class='ocr_line' id='line_1_14' title="bbox 448 1728 2736 1817; baseline -0.001 -21"><span class='ocrx_word' id='word_1_100' title='bbox 448 1752 662 1797; x_wconf 80' lang='lat' dir='ltr'>nenses</span> <span class='ocrx_word' id='word_1_101' title='bbox 711 1731 870 1796; x_wconf 89' lang='lat' dir='ltr'>duos</span> <span class='ocrx_word' id='word_1_102' title='bbox 908 1728 979 1817; x_wconf 86' lang='grc' dir='ltr'>(β</span> <span class='ocrx_word' id='word_1_103' title='bbox 1006 1730 1072 1816; x_wconf 81' lang='lat' dir='ltr'>b)</span> <span class='ocrx_word' id='word_1_104' title='bbox 1121 1732 1431 1817; x_wconf 86' lang='lat' dir='ltr'>Hagenus</span> <span class='ocrx_word' id='word_1_105' title='bbox 1481 1754 1627 1796; x_wconf 83' lang='lat' dir='ltr'>mea</span> <span class='ocrx_word' id='word_1_106' title='bbox 1674 1753 1871 1795; x_wconf 85' lang='lat' dir='ltr'>causa</span> <span class='ocrx_word' id='word_1_107' title='bbox 1918 1730 2257 1813; x_wconf 70' lang='lat' dir='ltr'>excerpsit,</span> <span class='ocrx_word' id='word_1_108' title='bbox 2303 1730 2736 1803; x_wconf 76' lang='lat' dir='ltr'>Basiliensem‚</span> 
     </span>
     <span class='ocr_line' id='line_1_15' title="bbox 454 1837 2736 1922; baseline -0.002 -19"><span class='ocrx_word' id='word_1_109' title='bbox 454 1840 869 1917; x_wconf 65' lang='grc' dir='ltr'>Τανίεεηεεφη,</span> <span class='ocrx_word' id='word_1_110' title='bbox 952 1838 1503 1922; x_wconf 74' lang='lat' dir='ltr'>Rheinwuqiensem</span> <span class='ocrx_word' id='word_1_111' title='bbox 1590 1838 1753 1903; x_wconf 91' lang='lat' dir='ltr'>meis</span> <span class='ocrx_word' id='word_1_112' title='bbox 1828 1838 1968 1921; x_wconf 89' lang='lat' dir='ltr'>ipse</span> <span class='ocrx_word' id='word_1_113' title='bbox 2044 1837 2248 1901; x_wconf 85' lang='lat' dir='ltr'>oeulis</span> <span class='ocrx_word' id='word_1_114' title='bbox 2322 1838 2736 1920; x_wconf 84' lang='lat' dir='ltr'>pertractavi.</span> 
     </span>
     <span class='ocr_line' id='line_1_16' title="bbox 448 1944 2735 2028; baseline -0.002 -17"><span class='ocrx_word' id='word_1_115' title='bbox 448 1946 614 2011; x_wconf 92' lang='lat' dir='ltr'>unde</span> <span class='ocrx_word' id='word_1_116' title='bbox 660 1947 907 2010; x_wconf 87' lang='lat' dir='ltr'>factum</span> <span class='ocrx_word' id='word_1_117' title='bbox 955 1949 1079 2027; x_wconf 87' lang='lat' dir='ltr'>est,</span> <span class='ocrx_word' id='word_1_118' title='bbox 1123 1949 1199 2010; x_wconf 91' lang='lat' dir='ltr'>ut</span> <span class='ocrx_word' id='word_1_119' title='bbox 1237 1947 1706 2011; x_wconf 82' lang='lat' dir='ltr'>accuratiorem</span> <span class='ocrx_word' id='word_1_120' title='bbox 1745 1947 1811 2008; x_wconf 89' lang='lat' dir='ltr'>et</span> <span class='ocrx_word' id='word_1_121' title='bbox 1853 1945 2208 2028; x_wconf 87' lang='lat' dir='ltr'>pleniorem</span> <span class='ocrx_word' id='word_1_122' title='bbox 2256 1944 2492 2009; x_wconf 89' lang='lat' dir='ltr'>horum</span> <span class='ocrx_word' id='word_1_123' title='bbox 2538 1945 2735 2008; x_wconf 85' lang='lat' dir='ltr'>libro-</span> 
     </span>
     <span class='ocr_line' id='line_1_17' title="bbox 449 2048 2736 2137; baseline -0.002 -20"><span class='ocrx_word' id='word_1_124' title='bbox 449 2076 592 2117; x_wconf 91' lang='lat' dir='ltr'>rum</span> <span class='ocrx_word' id='word_1_125' title='bbox 637 2053 943 2117; x_wconf 75' lang='lat' dir='ltr'>notitiam</span> <span class='ocrx_word' id='word_1_126' title='bbox 989 2053 1243 2117; x_wconf 82' lang='lat' dir='ltr'>tradere</span> <span class='ocrx_word' id='word_1_127' title='bbox 1286 2053 1554 2136; x_wconf 86' lang='lat' dir='ltr'>possim,</span> <span class='ocrx_word' id='word_1_128' title='bbox 1601 2048 1812 2137; x_wconf 50' lang='lat' dir='ltr'>quaml</span> <span class='ocrx_word' id='word_1_129' title='bbox 1831 2052 2171 2135; x_wconf 83' lang='lat' dir='ltr'>prompsit.</span> <span class='ocrx_word' id='word_1_130' title='bbox 2210 2050 2631 2115; x_wconf 88' lang='lat' dir='ltr'>Woelfflinus</span> <span class='ocrx_word' id='word_1_131' title='bbox 2671 2050 2736 2113; x_wconf 92' lang='lat' dir='ltr'>in</span> 
     </span>
     <span class='ocr_line' id='line_1_18' title="bbox 451 2158 1352 2244; baseline -0.002 -21"><span class='ocrx_word' id='word_1_132' title='bbox 451 2158 930 2244; x_wconf 86' lang='lat' dir='ltr'>prolegomenis</span> <span class='ocrx_word' id='word_1_133' title='bbox 976 2182 1036 2242; x_wconf 92' lang='lat' dir='ltr'>p.</span> <span class='ocrx_word' id='word_1_134' title='bbox 1090 2161 1168 2223; x_wconf 85' lang='lat'>17</span> <span class='ocrx_word' id='word_1_135' title='bbox 1218 2182 1352 2243; x_wconf 92' lang='lat' dir='ltr'>sqq.</span> 
     </span>
    </p>

    <p class='ocr_par' dir='ltr' id='par_1_6' title="bbox 452 2262 2744 4140">
     <span class='ocr_line' id='line_1_19' title="bbox 632 2262 2739 2350; baseline -0 -20"><span class='ocrx_word' id='word_1_136' title='bbox 632 2263 940 2330; x_wconf 85' lang='lat' dir='ltr'>Continet</span> <span class='ocrx_word' id='word_1_137' title='bbox 978 2270 1200 2330; x_wconf 86' lang='lat' dir='ltr'>autem</span> <span class='ocrx_word' id='word_1_138' title='bbox 1233 2267 1640 2332; x_wconf 69' lang='lat' dir='ltr'>Bernmsz‘s</span> <span class='ocrx_word' id='word_1_139' title='bbox 1679 2266 1807 2330; x_wconf 79' lang='lat'>704</span> <span class='ocrx_word' id='word_1_140' title='bbox 1840 2262 1938 2350; x_wconf 82' lang='grc' dir='ltr'>(β)</span> <span class='ocrx_word' id='word_1_141' title='bbox 1977 2264 2332 2328; x_wconf 87' lang='lat' dir='ltr'>sententias</span> <span class='ocrx_word' id='word_1_142' title='bbox 2361 2264 2486 2329; x_wconf 88' lang='lat' dir='ltr'>hoc</span> <span class='ocrx_word' id='word_1_143' title='bbox 2516 2266 2739 2331; x_wconf 88' lang='lat' dir='ltr'>ordine</span> 
     </span>
     <span class='ocr_line' id='line_1_20' title="bbox 453 2371 2739 2456; baseline 0 -20"><span class='ocrx_word' id='word_1_144' title='bbox 453 2371 836 2456; x_wconf 86' lang='lat' dir='ltr'>dispositas:</span> <span class='ocrx_word' id='word_1_145' title='bbox 885 2395 960 2436; x_wconf 84' lang='lat' dir='ltr'>ex</span> <span class='ocrx_word' id='word_1_146' title='bbox 1009 2373 1232 2437; x_wconf 87' lang='lat' dir='ltr'>littera</span> <span class='ocrx_word' id='word_1_147' title='bbox 1277 2374 1341 2438; x_wconf 81' lang='lat' dir='ltr'><strong><em>A</em></strong></span> <span class='ocrx_word' id='word_1_148' title='bbox 1394 2375 1642 2438; x_wconf 84' lang='grc'><strong>1-23,</strong></span> <span class='ocrx_word' id='word_1_149' title='bbox 1692 2371 1991 2455; x_wconf 85' lang='lat' dir='ltr'>[append.</span> <span class='ocrx_word' id='word_1_150' title='bbox 2038 2372 2185 2434; x_wconf 76' lang='grc'><strong>209.</strong></span> <span class='ocrx_word' id='word_1_151' title='bbox 2240 2371 2408 2451; x_wconf 65' lang='grc'><strong>182]</strong></span> <span class='ocrx_word' id='word_1_152' title='bbox 2459 2373 2739 2436; x_wconf 77' lang='grc'><strong>24-28,</strong></span> 
     </span>
     <span class='ocr_line' id='line_1_21' title="bbox 452 2474 2739 2565; baseline 0 -22"><span class='ocrx_word' id='word_1_153' title='bbox 452 2474 707 2564; x_wconf 85' lang='lat' dir='ltr'>(deinde</span> <span class='ocrx_word' id='word_1_154' title='bbox 729 2502 984 2544; x_wconf 88' lang='lat' dir='ltr'>erasum</span> <span class='ocrx_word' id='word_1_155' title='bbox 1005 2481 1395 2546; x_wconf 84' lang='lat' dir='ltr'>versiculum</span> <span class='ocrx_word' id='word_1_156' title='bbox 1415 2477 1656 2565; x_wconf 83' lang='lat' dir='ltr'>unum).</span> <span class='ocrx_word' id='word_1_157' title='bbox 1687 2480 1976 2554; x_wconf 81' lang='lat'>30—34;</span> <span class='ocrx_word' id='word_1_158' title='bbox 2008 2479 2105 2544; x_wconf 80' lang='lat' dir='ltr'>R:</span> <span class='ocrx_word' id='word_1_159' title='bbox 2126 2477 2408 2543; x_wconf 70' lang='lat'>44—-59,</span> <span class='ocrx_word' id='word_1_160' title='bbox 2442 2479 2739 2563; x_wconf 77' lang='lat' dir='ltr'>[append.</span> 
     </span>
     <span class='ocr_line' id='line_1_22' title="bbox 454 2587 2738 2670; baseline 0 -20"><span class='ocrx_word' id='word_1_161' title='bbox 454 2587 600 2651; x_wconf 89' lang='grc'><strong>205.</strong></span> <span class='ocrx_word' id='word_1_162' title='bbox 672 2588 813 2651; x_wconf 78' lang='grc'><strong>198.</strong></span> <span class='ocrx_word' id='word_1_163' title='bbox 877 2587 1043 2667; x_wconf 87' lang='grc'><strong>159.]</strong></span> <span class='ocrx_word' id='word_1_164' title='bbox 1086 2589 1372 2670; x_wconf 77' lang='grc'><strong>60-78;</strong></span> <span class='ocrx_word' id='word_1_165' title='bbox 1422 2587 1503 2651; x_wconf 80' lang='lat' dir='ltr'>G:</span> <span class='ocrx_word' id='word_1_166' title='bbox 1543 2587 1868 2650; x_wconf 80' lang='lat'>85—100.</span> <span class='ocrx_word' id='word_1_167' title='bbox 1942 2587 2082 2650; x_wconf 72' lang='lat'>104.</span> <span class='ocrx_word' id='word_1_168' title='bbox 2154 2587 2515 2650; x_wconf 80' lang='grc'><strong>101-103,</strong></span> <span class='ocrx_word' id='word_1_169' title='bbox 2588 2587 2738 2668; x_wconf 80' lang='grc'><strong>105;</strong></span> 
     </span>
     <span class='ocr_line' id='line_1_23' title="bbox 453 2693 2740 2776; baseline -0.001 -18"><span class='ocrx_word' id='word_1_170' title='bbox 453 2693 552 2758; x_wconf 87' lang='lat' dir='ltr'>D:</span> <span class='ocrx_word' id='word_1_171' title='bbox 589 2693 960 2776; x_wconf 75' lang='lat'>123—1383</span> <span class='ocrx_word' id='word_1_172' title='bbox 1008 2695 1106 2758; x_wconf 84' lang='lat' dir='ltr'>E:</span> <span class='ocrx_word' id='word_1_173' title='bbox 1142 2693 1486 2758; x_wconf 69' lang='lat'>147—158</span> <span class='ocrx_word' id='word_1_174' title='bbox 1529 2693 1829 2776; x_wconf 87' lang='lat' dir='ltr'>[append.</span> <span class='ocrx_word' id='word_1_175' title='bbox 1866 2694 2007 2756; x_wconf 83' lang='lat'>157.</span> <span class='ocrx_word' id='word_1_176' title='bbox 2037 2694 2113 2756; x_wconf 87' lang='lat' dir='ltr'>de</span> <span class='ocrx_word' id='word_1_177' title='bbox 2146 2716 2303 2757; x_wconf 89' lang='lat' dir='ltr'>mor.</span> <span class='ocrx_word' id='word_1_178' title='bbox 2333 2693 2435 2756; x_wconf 80' lang='lat'>55.</span> <span class='ocrx_word' id='word_1_179' title='bbox 2467 2694 2740 2776; x_wconf 82' lang='lat' dir='ltr'>append.</span> 
     </span>
     <span class='ocr_line' id='line_1_24' title="bbox 462 2797 2739 2884; baseline -0 -21"><span class='ocrx_word' id='word_1_180' title='bbox 462 2801 627 2879; x_wconf 66' lang='lat'>185]</span> <span class='ocrx_word' id='word_1_181' title='bbox 692 2800 1076 2884; x_wconf 74' lang='lat'>159—1623</span> <span class='ocrx_word' id='word_1_182' title='bbox 1136 2801 1238 2865; x_wconf 89' lang='lat' dir='ltr'>F:</span> <span class='ocrx_word' id='word_1_183' title='bbox 1291 2801 1672 2884; x_wconf 77' lang='lat'>166—1923</span> <span class='ocrx_word' id='word_1_184' title='bbox 1732 2797 1834 2864; x_wconf 82' lang='lat' dir='ltr'>G:</span> <span class='ocrx_word' id='word_1_185' title='bbox 1888 2800 2269 2882; x_wconf 75' lang='lat'>194—2023</span> <span class='ocrx_word' id='word_1_186' title='bbox 2344 2800 2458 2863; x_wconf 87' lang='lat' dir='ltr'>H:</span> <span class='ocrx_word' id='word_1_187' title='bbox 2515 2801 2739 2864; x_wconf 81' lang='grc'><strong>203-</strong></span> 
     </span>
     <span class='ocr_line' id='line_1_25' title="bbox 454 2907 2743 2987; baseline 0.001 -16"><span class='ocrx_word' id='word_1_188' title='bbox 454 2908 602 2971; x_wconf 79' lang='grc'><strong>209.</strong></span> <span class='ocrx_word' id='word_1_189' title='bbox 660 2908 806 2970; x_wconf 88' lang='grc'><strong>213.</strong></span> <span class='ocrx_word' id='word_1_190' title='bbox 864 2908 1248 2971; x_wconf 88' lang='grc'><strong>210-212.</strong></span> <span class='ocrx_word' id='word_1_191' title='bbox 1305 2907 1675 2971; x_wconf 74' lang='grc'><strong>214-222,</strong></span> <span class='ocrx_word' id='word_1_192' title='bbox 1745 2907 2108 2987; x_wconf 73' lang='lat' dir='ltr'>[Honestius</span> <span class='ocrx_word' id='word_1_193' title='bbox 2170 2927 2307 2970; x_wconf 76' lang='lat' dir='ltr'>cum</span> <span class='ocrx_word' id='word_1_194' title='bbox 2369 2908 2743 2973; x_wconf 69' lang='lat' dir='ltr'>indicaveris</span> 
     </span>
     <span class='ocr_line' id='line_1_26' title="bbox 454 3014 2740 3099; baseline 0.001 -23"><span class='ocrx_word' id='word_1_195' title='bbox 454 3034 667 3078; x_wconf 80' lang='lat' dir='ltr'>amare</span> <span class='ocrx_word' id='word_1_196' title='bbox 710 3034 897 3095; x_wconf 74' lang='lat' dir='ltr'>quam</span> <span class='ocrx_word' id='word_1_197' title='bbox 943 3034 1080 3078; x_wconf 77' lang='lat' dir='ltr'>eum</span> <span class='ocrx_word' id='word_1_198' title='bbox 1117 3015 1428 3078; x_wconf 75' lang='lat' dir='ltr'>anmueris</span> <span class='ocrx_word' id='word_1_199' title='bbox 1463 3014 1779 3093; x_wconf 65' lang='lat' dir='ltr'>iudicare]</span> <span class='ocrx_word' id='word_1_200' title='bbox 1814 3015 1977 3098; x_wconf 78' lang='lat'>2233</span> <span class='ocrx_word' id='word_1_201' title='bbox 2028 3015 2099 3077; x_wconf 93' lang='lat' dir='ltr'>I:</span> <span class='ocrx_word' id='word_1_202' title='bbox 2139 3015 2270 3078; x_wconf 78' lang='lat'>230</span> <span class='ocrx_word' id='word_1_203' title='bbox 2309 3038 2400 3098; x_wconf 91' lang='lat' dir='ltr'>sq.</span> <span class='ocrx_word' id='word_1_204' title='bbox 2443 3015 2740 3099; x_wconf 87' lang='lat' dir='ltr'>[append.</span> 
     </span>
     <span class='ocr_line' id='line_1_27' title="bbox 456 3119 2738 3204; baseline 0 -21"><span class='ocrx_word' id='word_1_205' title='bbox 456 3121 585 3200; x_wconf 67' lang='lat'>63]</span> <span class='ocrx_word' id='word_1_206' title='bbox 637 3119 1004 3184; x_wconf 80' lang='grc'><strong>232-254.</strong></span> <span class='ocrx_word' id='word_1_207' title='bbox 1056 3120 1355 3204; x_wconf 81' lang='lat' dir='ltr'>[append.</span> <span class='ocrx_word' id='word_1_208' title='bbox 1407 3120 1548 3183; x_wconf 76' lang='lat'>189.</span> <span class='ocrx_word' id='word_1_209' title='bbox 1593 3120 1734 3183; x_wconf 85' lang='grc'><strong>190.</strong></span> <span class='ocrx_word' id='word_1_210' title='bbox 1788 3121 1929 3185; x_wconf 85' lang='grc'><strong>156.</strong></span> <span class='ocrx_word' id='word_1_211' title='bbox 1976 3123 2117 3186; x_wconf 89' lang='grc'><strong>186.</strong></span> <span class='ocrx_word' id='word_1_212' title='bbox 2162 3123 2304 3185; x_wconf 85' lang='grc'><strong>187.</strong></span> <span class='ocrx_word' id='word_1_213' title='bbox 2350 3122 2472 3200; x_wconf 75' lang='grc'>13]</span> <span class='ocrx_word' id='word_1_214' title='bbox 2524 3121 2738 3185; x_wconf 83' lang='grc'><strong>255-</strong></span> 
     </span>
     <span class='ocr_line' id='line_1_28' title="bbox 457 3226 2743 3310; baseline 0.001 -20"><span class='ocrx_word' id='word_1_215' title='bbox 457 3228 604 3290; x_wconf 86' lang='grc'><strong>263.</strong></span> <span class='ocrx_word' id='word_1_216' title='bbox 665 3227 787 3290; x_wconf 88' lang='grc'>241</span> <span class='ocrx_word' id='word_1_217' title='bbox 863 3227 1134 3310; x_wconf 82' lang='lat' dir='ltr'>iterum3</span> <span class='ocrx_word' id='word_1_218' title='bbox 1197 3226 1295 3290; x_wconf 92' lang='lat' dir='ltr'>L:</span> <span class='ocrx_word' id='word_1_219' title='bbox 1352 3226 1747 3310; x_wconf 77' lang='lat'>292—3013</span> <span class='ocrx_word' id='word_1_220' title='bbox 1801 3228 1922 3292; x_wconf 84' lang='lat' dir='ltr'>M:</span> <span class='ocrx_word' id='word_1_221' title='bbox 1979 3229 2365 3292; x_wconf 75' lang='lat'>309—317.</span> <span class='ocrx_word' id='word_1_222' title='bbox 2424 3227 2528 3306; x_wconf 88' lang='lat' dir='ltr'>[de</span> <span class='ocrx_word' id='word_1_223' title='bbox 2584 3250 2743 3292; x_wconf 89' lang='lat' dir='ltr'>mor.</span> 
     </span>
     <span class='ocr_line' id='line_1_29' title="bbox 463 3332 2743 3417; baseline 0.001 -22"><span class='ocrx_word' id='word_1_224' title='bbox 463 3333 540 3396; x_wconf 88' lang='grc'>18</span> <span class='ocrx_word' id='word_1_225' title='bbox 591 3333 862 3417; x_wconf 89' lang='lat' dir='ltr'>append.</span> <span class='ocrx_word' id='word_1_226' title='bbox 909 3333 1038 3412; x_wconf 88' lang='grc'><strong>29.]</strong></span> <span class='ocrx_word' id='word_1_227' title='bbox 1088 3333 1465 3416; x_wconf 82' lang='grc'><strong>318-340;</strong></span> <span class='ocrx_word' id='word_1_228' title='bbox 1516 3332 1616 3396; x_wconf 92' lang='lat' dir='ltr'>N:</span> <span class='ocrx_word' id='word_1_229' title='bbox 1663 3334 2013 3398; x_wconf 84' lang='grc'><strong>377-386</strong></span> <span class='ocrx_word' id='word_1_230' title='bbox 2065 3332 2363 3416; x_wconf 88' lang='lat' dir='ltr'>[append.</span> <span class='ocrx_word' id='word_1_231' title='bbox 2417 3334 2619 3396; x_wconf 79' lang='lat'><strong>1-7,</strong></span> <span class='ocrx_word' id='word_1_232' title='bbox 2666 3333 2743 3397; x_wconf 91' lang='lat' dir='ltr'>de</span> 
     </span>
     <span class='ocr_line' id='line_1_30' title="bbox 456 3435 2744 3523; baseline 0.001 -23"><span class='ocrx_word' id='word_1_233' title='bbox 456 3458 614 3502; x_wconf 91' lang='lat' dir='ltr'>mor.</span> <span class='ocrx_word' id='word_1_234' title='bbox 662 3435 764 3501; x_wconf 84' lang='lat'>59.</span> <span class='ocrx_word' id='word_1_235' title='bbox 813 3439 1084 3522; x_wconf 86' lang='lat' dir='ltr'>append.</span> <span class='ocrx_word' id='word_1_236' title='bbox 1133 3440 1405 3522; x_wconf 73' lang='lat'>8—18];</span> <span class='ocrx_word' id='word_1_237' title='bbox 1457 3437 1543 3504; x_wconf 88' lang='lat'>0:</span> <span class='ocrx_word' id='word_1_238' title='bbox 1591 3441 1891 3523; x_wconf 86' lang='lat' dir='ltr'>[append.</span> <span class='ocrx_word' id='word_1_239' title='bbox 1943 3439 2256 3520; x_wconf 77' lang='lat'>19—35]3</span> <span class='ocrx_word' id='word_1_240' title='bbox 2306 3437 2394 3500; x_wconf 91' lang='lat' dir='ltr'>P:</span> <span class='ocrx_word' id='word_1_241' title='bbox 2443 3438 2744 3520; x_wconf 86' lang='lat' dir='ltr'>[append.</span> 
     </span>
     <span class='ocr_line' id='line_1_31' title="bbox 456 3541 2743 3627; baseline 0 -21"><span class='ocrx_word' id='word_1_242' title='bbox 456 3543 772 3625; x_wconf 83' lang='lat'><strong>36—57];</strong></span> <span class='ocrx_word' id='word_1_243' title='bbox 811 3541 896 3622; x_wconf 76' lang='lat' dir='ltr'>Q:</span> <span class='ocrx_word' id='word_1_244' title='bbox 947 3544 1244 3627; x_wconf 87' lang='lat' dir='ltr'>[append.</span> <span class='ocrx_word' id='word_1_245' title='bbox 1293 3545 1571 3610; x_wconf 84' lang='grc'><strong>58-66,</strong></span> <span class='ocrx_word' id='word_1_246' title='bbox 1618 3547 1693 3610; x_wconf 93' lang='lat' dir='ltr'>de</span> <span class='ocrx_word' id='word_1_247' title='bbox 1741 3568 1899 3610; x_wconf 90' lang='lat' dir='ltr'>mor.</span> <span class='ocrx_word' id='word_1_248' title='bbox 1953 3545 2095 3609; x_wconf 84' lang='lat'>119.</span> <span class='ocrx_word' id='word_1_249' title='bbox 2144 3544 2412 3626; x_wconf 88' lang='lat' dir='ltr'>append.</span> <span class='ocrx_word' id='word_1_250' title='bbox 2462 3544 2743 3607; x_wconf 73' lang='lat'>67—78.</span> 
     </span>
     <span class='ocr_line' id='line_1_32' title="bbox 463 3649 2742 3735; baseline -0 -22"><span class='ocrx_word' id='word_1_251' title='bbox 463 3649 604 3713; x_wconf 81' lang='lat'>154.</span> <span class='ocrx_word' id='word_1_252' title='bbox 638 3649 915 3712; x_wconf 82' lang='lat'>79—81.</span> <span class='ocrx_word' id='word_1_253' title='bbox 951 3650 1130 3732; x_wconf 77' lang='lat'>161];</span> <span class='ocrx_word' id='word_1_254' title='bbox 1168 3650 1262 3714; x_wconf 84' lang='lat' dir='ltr'>R:</span> <span class='ocrx_word' id='word_1_255' title='bbox 1293 3652 1591 3735; x_wconf 89' lang='lat' dir='ltr'>[append.</span> <span class='ocrx_word' id='word_1_256' title='bbox 1622 3652 1939 3734; x_wconf 80' lang='lat'>82—94]3</span> <span class='ocrx_word' id='word_1_257' title='bbox 1980 3649 2058 3715; x_wconf 83' lang='lat' dir='ltr'>S:</span> <span class='ocrx_word' id='word_1_258' title='bbox 2088 3649 2387 3733; x_wconf 88' lang='lat' dir='ltr'>[append.</span> <span class='ocrx_word' id='word_1_259' title='bbox 2417 3649 2742 3712; x_wconf 78' lang='lat'>95—106.</span> 
     </span>
     <span class='ocr_line' id='line_1_33' title="bbox 462 3755 2741 3842; baseline -0.001 -24"><span class='ocrx_word' id='word_1_260' title='bbox 462 3755 1042 3839; x_wconf 80' lang='lat'>162.107—115]3</span> <span class='ocrx_word' id='word_1_261' title='bbox 1095 3757 1180 3820; x_wconf 80' lang='lat' dir='ltr'>T:</span> <span class='ocrx_word' id='word_1_262' title='bbox 1212 3758 1509 3841; x_wconf 88' lang='lat' dir='ltr'>[append.</span> <span class='ocrx_word' id='word_1_263' title='bbox 1546 3759 1910 3822; x_wconf 86' lang='grc'><strong>116-124.</strong></span> <span class='ocrx_word' id='word_1_264' title='bbox 1956 3758 2079 3822; x_wconf 86' lang='grc'>126</span> <span class='ocrx_word' id='word_1_265' title='bbox 2111 3780 2201 3842; x_wconf 90' lang='lat' dir='ltr'>sq.</span> <span class='ocrx_word' id='word_1_266' title='bbox 2254 3756 2397 3819; x_wconf 88' lang='grc'><strong>125.</strong></span> <span class='ocrx_word' id='word_1_267' title='bbox 2450 3755 2572 3818; x_wconf 88' lang='grc'>128</span> <span class='ocrx_word' id='word_1_268' title='bbox 2621 3756 2741 3838; x_wconf 66' lang='lat' dir='ltr'>sq]</span> 
     </span>
     <span class='ocr_line' id='line_1_34' title="bbox 469 3859 2743 3948; baseline -0 -25"><span class='ocrx_word' id='word_1_269' title='bbox 469 3861 554 3923; x_wconf 84' lang='lat' dir='ltr'>V:</span> <span class='ocrx_word' id='word_1_270' title='bbox 584 3860 882 3944; x_wconf 88' lang='lat' dir='ltr'>[append.</span> <span class='ocrx_word' id='word_1_271' title='bbox 919 3863 1322 3948; x_wconf 82' lang='lat'>130—147];</span> <span class='ocrx_word' id='word_1_272' title='bbox 1369 3864 1457 3927; x_wconf 91' lang='lat' dir='ltr'>Z:</span> <span class='ocrx_word' id='word_1_273' title='bbox 1488 3865 1787 3948; x_wconf 88' lang='lat' dir='ltr'>[append.</span> <span class='ocrx_word' id='word_1_274' title='bbox 1825 3866 1946 3930; x_wconf 84' lang='grc'>148</span> <span class='ocrx_word' id='word_1_275' title='bbox 1979 3866 2100 3948; x_wconf 90' lang='lat' dir='ltr'>sq.]</span> <span class='ocrx_word' id='word_1_276' title='bbox 2191 3862 2461 3928; x_wconf 87' lang='lat' dir='ltr'>Mancae</span> <span class='ocrx_word' id='word_1_277' title='bbox 2492 3881 2646 3944; x_wconf 85' lang='lat' dir='ltr'>ergo</span> <span class='ocrx_word' id='word_1_278' title='bbox 2674 3859 2743 3923; x_wconf 91' lang='lat' dir='ltr'>in</span> 
     </span>
     <span class='ocr_line' id='line_1_35' title="bbox 454 3967 2740 4052; baseline -0.001 -22"><span class='ocrx_word' id='word_1_279' title='bbox 454 3967 630 4031; x_wconf 87' lang='lat' dir='ltr'>exitu</span> <span class='ocrx_word' id='word_1_280' title='bbox 677 3988 902 4031; x_wconf 88' lang='lat' dir='ltr'>omnes</span> <span class='ocrx_word' id='word_1_281' title='bbox 951 3971 1103 4031; x_wconf 89' lang='lat' dir='ltr'>sunt</span> <span class='ocrx_word' id='word_1_282' title='bbox 1148 3968 1406 4032; x_wconf 88' lang='lat' dir='ltr'>litterae</span> <span class='ocrx_word' id='word_1_283' title='bbox 1453 3972 1714 4052; x_wconf 88' lang='lat' dir='ltr'>praeter</span> <span class='ocrx_word' id='word_1_284' title='bbox 1753 3968 1829 4034; x_wconf 80' lang='lat' dir='ltr'>G.</span> <span class='ocrx_word' id='word_1_285' title='bbox 1858 3970 2184 4034; x_wconf 89' lang='lat' dir='ltr'>Deficiunt</span> <span class='ocrx_word' id='word_1_286' title='bbox 2224 3969 2542 4051; x_wconf 82' lang='lat' dir='ltr'>melioreS,</span> <span class='ocrx_word' id='word_1_287' title='bbox 2587 3967 2651 4031; x_wconf 89' lang='lat' dir='ltr'>h.</span> <span class='ocrx_word' id='word_1_288' title='bbox 2690 3987 2740 4029; x_wconf 93' lang='lat' dir='ltr'>e.</span> 
     </span>
     <span class='ocr_line' id='line_1_36' title="bbox 453 4073 2210 4140; baseline 0.002 -4"><span class='ocrx_word' id='word_1_289' title='bbox 453 4073 740 4136; x_wconf 88' lang='lat' dir='ltr'>numeris</span> <span class='ocrx_word' id='word_1_290' title='bbox 789 4073 1132 4138; x_wconf 89' lang='lat' dir='ltr'>conclusae</span> <span class='ocrx_word' id='word_1_291' title='bbox 1181 4075 1540 4140; x_wconf 88' lang='lat' dir='ltr'>sententiae</span> <span class='ocrx_word' id='word_1_292' title='bbox 1585 4075 1737 4140; x_wconf 90' lang='lat' dir='ltr'>inde</span> <span class='ocrx_word' id='word_1_293' title='bbox 1785 4097 1824 4138; x_wconf 90' lang='lat' dir='ltr'>a</span> <span class='ocrx_word' id='word_1_294' title='bbox 1867 4075 2092 4139; x_wconf 88' lang='lat' dir='ltr'>littera</span> <span class='ocrx_word' id='word_1_295' title='bbox 2141 4073 2210 4139; x_wconf 87' lang='lat' dir='ltr'>O.</span> 
     </span>
    </p>

    <p class='ocr_par' dir='ltr' id='par_1_7' title="bbox 452 4176 2742 4369">
     <span class='ocr_line' id='line_1_37' title="bbox 635 4176 2741 4265; baseline -0 -24"><span class='ocrx_word' id='word_1_296' title='bbox 635 4177 823 4241; x_wconf 86' lang='lat' dir='ltr'>Alter</span> <span class='ocrx_word' id='word_1_297' title='bbox 857 4178 1055 4243; x_wconf 87' lang='lat' dir='ltr'>codex</span> <span class='ocrx_word' id='word_1_298' title='bbox 1088 4179 1497 4245; x_wconf 62' lang='lat' dir='ltr'>Bet-nensis</span> <span class='ocrx_word' id='word_1_299' title='bbox 1530 4200 1592 4241; x_wconf 93' lang='lat' dir='ltr'>n.</span> <span class='ocrx_word' id='word_1_300' title='bbox 1631 4176 1759 4242; x_wconf 81' lang='lat'>527</span> <span class='ocrx_word' id='word_1_301' title='bbox 1800 4177 1888 4265; x_wconf 82' lang='lat' dir='ltr'>(b)</span> <span class='ocrx_word' id='word_1_302' title='bbox 1927 4203 2090 4245; x_wconf 90' lang='lat' dir='ltr'>saec.</span> <span class='ocrx_word' id='word_1_303' title='bbox 2127 4180 2251 4246; x_wconf 89' lang='lat' dir='ltr'>XV</span> <span class='ocrx_word' id='word_1_304' title='bbox 2288 4178 2741 4243; x_wconf 87' lang='lat' dir='ltr'>miscellaneus</span> 
     </span>
     <span class='ocr_line' id='line_1_38' title="bbox 452 4276 2742 4369; baseline -0.003 -21"><span class='ocrx_word' id='word_1_305' title='bbox 452 4283 524 4348; x_wconf 90' lang='lat' dir='ltr'>in</span> <span class='ocrx_word' id='word_1_306' title='bbox 568 4283 677 4348; x_wconf 87' lang='lat' dir='ltr'>fol.</span> <span class='ocrx_word' id='word_1_307' title='bbox 732 4281 1138 4348; x_wconf 72' lang='lat' dir='ltr'>156⁸—157b</span> <span class='ocrx_word' id='word_1_308' title='bbox 1187 4285 1324 4349; x_wconf 89' lang='lat' dir='ltr'>sine</span> <span class='ocrx_word' id='word_1_309' title='bbox 1375 4284 1568 4352; x_wconf 83' lang='lat' dir='ltr'>titulo</span> <span class='ocrx_word' id='word_1_310' title='bbox 1610 4284 1745 4350; x_wconf 93' lang='lat' dir='ltr'>ullo</span> <span class='ocrx_word' id='word_1_311' title='bbox 1791 4284 2032 4348; x_wconf 87' lang='lat' dir='ltr'>selecta</span> <span class='ocrx_word' id='word_1_312' title='bbox 2075 4280 2392 4369; x_wconf 88' lang='lat' dir='ltr'>quaedam</span> <span class='ocrx_word' id='word_1_313' title='bbox 2441 4276 2742 4362; x_wconf 84' lang='lat' dir='ltr'>Senecae,</span> 
     </span>
    </p>
   </div>
  </div>
 </body>
</html>
