3400 5075
568 351 702 416 254
1008 355 1071 406 L.
1107 355 1530 409 POMPONIVS
1567 355 2053 411 BONONIENSIS
2155 357 2424 412 Novlvs

747 510 931 576 'Esse
981 513 1289 597 quidquid
1336 516 1434 577 est
1479 515 1546 577 in
1593 515 1750 579 luce.

1585 630 1679 693 XI
1728 628 1827 716 (7)

744 745 1009 809 dicteria

1649 834 1778 898 XII
1864 847 1871 850 “

568 949 693 1013 195
741 948 1068 1013 murcidus

1371 1200 2049 1288 NOVIVS

1481 1368 1927 1435 AGRICOLA

1609 1486 1641 1549 Ι
1690 1483 1792 1572 (1)

738 1601 1018 1685 Edepol,
1063 1604 1400 1684 paternam
1447 1599 1564 1684 qul'
1606 1605 1853 1665 comest
1898 1604 2236 1686 pecuniam

1596 1716 1662 1780 II
1711 1715 1812 1802 (2)

737 1833 906 1910 Quid
951 1833 1087 1897 ita?
1135 1833 1286 1916 quia
1333 1832 1506 1896 enim
1536 1834 1960 1919 repuerasciS,
2005 1835 2248 1918 fugitas
2279 1837 2606 1920 personaiS,
2651 1841 2854 1920 pater.

1581 1948 1680 2012 III
1728 1947 1828 2035 (3)
1927 1991 1941 2003 .
2268 2025 2279 2031 ¹

605 2074 697 2138 3s4
737 2064 997 2128 Licetne
1045 2064 1172 2129 duo
1220 2064 1465 2128 uerba?
1523 2061 1554 2130 ss'
1601 2065 1796 2128 etiam
1847 2062 2109 2152 [plura]:
2158 2063 2366 2148 pn'mo
2416 2070 2481 2129 et
2525 2071 2852 2150 postrem6

2265 2181 2453 2245 fidem

558 2377 941 2428 mandabitur.
982 2377 1226 2441 quidam’
1264 2391 1314 2429 e.
1353 2393 1404 2441 q.
1442 2391 1484 2426 s.
1628 2376 1786 2439 Quod
1825 2376 1955 2426 olim
1992 2377 2083 2426 hie
2128 2378 2468 2440 sequebatur
2506 2378 2570 2426 fr.
2607 2377 2656 2425 X
2693 2378 2853 2427 Pom-

560 2447 694 2511 pilio
731 2447 943 2511 tragico
983 2449 1180 2509 poetae
1222 2445 1455 2509 ascripsi
1493 2445 1548 2493 in
1587 2449 1731 2508 trag.
1768 2451 1913 2519 poet.
1954 2443 2071 2494 rell.
2110 2460 2161 2509 p.
2187 2447 2285 2495 227
2425 2445 2503 2495 XI
2541 2445 2854 2496 Macrobius

561 2515 677 2567 Sat.
702 2513 757 2563 11
800 2517 845 2576 1,
884 2516 945 2562 14
982 2513 1217 2564 ‘Nouius
1244 2527 1373 2562 uero
1398 2513 1837 2577 Pomponiusque
1874 2508 2026 2563 iocos
2050 2529 2160 2564 non
2186 2529 2310 2564 raro
2347 2512 2648 2563 dicteria
2685 2517 2852 2564 nomi

556 2587 733 2636 nant’
780 2581 1042 2647 (neuius
1077 2580 1290 2644 Bamb.)
1499 2580 1604 2630 XII
1646 2579 1989 2645 Augustinus
2034 2581 2101 2631 de
2148 2582 2255 2631 eiu.
2304 2581 2392 2631 dei
2436 2583 2513 2632 lv
2553 2583 2615 2630 16
2661 2583 2853 2631 ‘deam

556 2651 849 2710 Murciam,
897 2663 1040 2711 quae
1087 2654 1307 2713 praeter
1352 2647 1566 2699 modum
1613 2664 1722 2698 non
1768 2655 2014 2699 moueret
2058 2665 2125 2698 ac
2184 2650 2399 2699 faceret
2444 2649 2743 2704 hominem.
2792 2656 2853 2699 ut

555 2718 635 2766 ait
683 2716 1041 2780 Pomponius,
1091 2718 1476 2774 murcidum,
1523 2715 1581 2763 id
1626 2722 1714 2765 est
1758 2718 1919 2765 nimis
1966 2715 2299 2766 desidiosum
2354 2723 2410 2766 et.
2464 2718 2850 2769 inactuosum)

693 2784 829 2833 XIII
875 2784 1071 2833 Festus
1118 2800 1171 2849 p.
1211 2788 1309 2835 317
1346 2784 1420 2833 M.
1470 2778 1989 2847 ‘saccom10rum
2037 2799 2212 2849 genus
2259 2790 2346 2833 est
2401 2785 2633 2839 arboris,
2691 2800 2852 2849 quam

557 2840 788 2916 dicta]m
833 2852 1233 2917 Pomponius
1283 2850 1385 2917 [ait
1433 2867 1499 2901 ex
1548 2851 1651 2901 fico
1690 2858 1856 2916 atque
1899 2850 2099 2916 mJoro,
2157 2851 2299 2916 quod
2354 2851 2491 2901 ficus
2535 2869 2602 2900 ea
2664 2849 2757 2916 [sit
2801 2858 2854 2901 et

556 2934 760 2969 morus:
798 2916 966 2983 unde]
1009 2935 1204 2968 nomen
1244 2935 1339 2983 per
1375 2916 1584 2982 m[oron
1623 2925 1680 2967 et
1719 2916 1899 2982 flqum
1944 2919 2228 2969 deductum
2280 2924 2407 2969 est.’
2494 2919 2850 2969 Scribendum

556 3002 1030 3040 soeoomorum
1103 2986 1192 3036 cf.
1239 2986 1484 3037 Isidorus
1529 2987 1666 3050 orig.
1717 2987 1872 3037 XVII
1921 2990 1977 3047 7,
2024 2990 2090 3037 20
2136 2988 2200 3036 de
2244 3003 2541 3051 sycomoro.
2624 2988 2853 3036 Festum

554 3071 694 3120 supp
663 3054 841 3119 pleuit
903 3055 1159 3114 VrsinuS,
1226 3054 1628 3120 Pomponius
1693 3060 1877 3103 autem
1945 3056 2184 3105 fortasse
2252 3057 2430 3119 potius
2493 3055 2852 3120 Pompeius

557 3126 809 3173 Sextus
845 3121 939 3183 (cf.
979 3123 1179 3172 Festus
1216 3138 1265 3186 p.
1310 3125 1404 3173 170
1441 3138 1484 3171 s.
1512 3138 1564 3171 u.
1584 3122 1846 3184 numero)
1883 3124 1988 3171 erit
2025 3123 2454 3187 intellegendus.

687 3191 835 3240 Novt
883 3192 1170 3239 Aomcom
1265 3182 1571 3255 (Ἄγραικος
1622 3190 1729 3238 fuit
1774 3190 2110 3253 Antiphanis
2165 3191 2453 3239 Menandri
2510 3191 2851 3241 Philemonis

559 3259 818 3319 aliorum,
847 3249 1126 3321 Ἀγροικοι
1161 3256 1594 3320 Anaxandridis)
1733 3257 1759 3306 1
1795 3257 2001 3306 Nonius
2038 3261 2120 3315 81,
2156 3260 2224 3306 24
2261 3263 2531 3308 comest
2567 3274 2663 3322 pro
2703 3275 2848 3308 eom

558 3326 713 3375 edit.
807 3326 1066 3376 ‚Nouius
1101 3325 1428 3375 Fullonibus
1478 3326 1699 3374 feriatis
1736 3321 1807 3389 [1]
1859 3326 2000 3373 idem
2037 3326 2317 3389 Agricola:
2369 3327 2585 3389 edepol’
2624 3343 2668 3376 e.
2711 3344 2760 3391 q.
2802 3342 2849 3375 s.

690 3395 743 3444 11
783 3394 993 3442 Nonius
1032 3396 1144 3454 165,
1183 3396 1249 3442 25
1288 3398 1837 3457 repuerascere,
1874 3395 1928 3441 in
1967 3404 2188 3456 puerum
2229 3394 2453 3444 redire)
2494 3394 2594 3456 (sie
2635 3394 2850 3457 Bamb.)

689 3461 772 3510 111
808 3460 1021 3509 Nonius
1057 3464 1182 3523 500,
1221 3463 1287 3510 28
1336 3462 1833 3510 ‘nominatiuus
1879 3477 1976 3526 pro
2023 3461 2232 3511 datium
2304 3462 2514 3511 Nonius
2558 3462 2847 3526 Agricola.

557 3529 840 3578 lecnete
868 3565 880 3577 .
910 3566 925 3580 .
955 3566 966 3578 .
992 3535 1329 3592 postremo
1368 3527 1530 3577 idem
1569 3529 1818 3578 Plautus’
1857 3545 1903 3577 e.
1940 3544 1991 3592 q.
2028 3545 2071 3578 s.

694 3598 779 3646 De
817 3594 1199 3646 AunnonAcuA
1238 3596 1362 3646 uide
1400 3597 1603 3646 Naeuii
1640 3602 1783 3659 trag.

724 3779 866 3850 turpi
911 3776 1033 3833 loco
1067 3776 1194 3833 Erl.
1372 3777 1489 3833 193
1535 3778 1588 3832 in
1622 3776 1740 3831 luce
1772 3785 1855 3832 est
1898 3779 2055 3849 libri,
2105 3780 2439 3849 transposui
2466 3794 2592 3833 cum
2624 3776 2850 3833 Haasio

724 3863 761 3917 2
809 3861 937 3935 quid
994 3862 1184 3918 Urbiu.
1219 3861 1374 3933 308,
1422 3864 1602 3918 Aldus
1633 3861 1777 3934 quod
1807 3863 1946 3918 libri
2113 3863 2251 3919 Post
2295 3864 2366 3917 ita
2406 3863 2667 3933 fortasse
2698 3865 2850 3917 aller

555 3948 850 4019 respondit
1023 3948 1224 4019 fugitas
1271 3946 1576 4002 Mer-cerus
1621 3947 1764 4020 sugit
1820 3946 1913 4001 has
1964 3948 2104 4001 libri
2272 3947 2309 4002 3
2356 3947 2549 4001 licetne
2613 3946 2850 4002 Bolhius

555 4033 764 4087 lecnete
810 4031 945 4101 (laec
990 4048 1055 4085 ne
1114 4040 1165 4086 te
1213 4033 1353 4086 Par.
1402 4030 1454 4084 P
1496 4030 1673 4086 ienete
1732 4048 1834 4086 ηις.
1884 4032 2083 4101 Fabri)
2125 4033 2260 4087 libri
2303 4030 2426 4086 leno
2476 4040 2526 4084 te
2573 4031 2849 4087 Munlcius

724 4116 832 4171 duo
880 4115 1041 4170 uerba
1087 4120 1300 4187 scripsi
1340 4114 1447 4169 duo
1494 4114 1674 4170 uerbis
1718 4119 1878 4184 libri,
1929 4123 1982 4171 et
2026 4117 2136 4171 duo
2180 4120 2386 4189 leqisse
2432 4116 2676 4171 Nonium
2724 4132 2848 4170 cer·

554 4212 668 4258 tum
714 4209 817 4257 est.
864 4200 1076 4256 «luobus
1126 4200 1302 4255 uerbis
1340 4202 1580 4257 Botlcius
1752 4200 1904 4274 plura
1951 4203 2169 4269 addidi,
2219 4219 2322 4256 om.
2370 4202 2507 4255 libri
2673 4201 2846 4272 primo

554 4296 607 4342 et
652 4296 930 4359 postremo
979 4284 1133 4340 [idem
1181 4285 1324 4356 (scil.
1361 4284 1587 4355 habebo)
1634 4290 1848 4356 scripsi
1890 4287 2060 4359 primo
2093 4295 2147 4340 et
2191 4294 2470 4358 postremo
2514 4283 2653 4338 idem
2697 4285 2845 4353 libri,

554 4375 665 4429 nisi
706 4372 860 4445 quod
900 4377 955 4426 et
997 4378 1275 4444 postremo
1307 4389 1410 4426 om.
1449 4369 1646 4426 Bamb.
1697 4370 1966 4427 Serualis
1993 4372 2108 4425 illis
2137 4386 2231 4424 ero
2276 4374 2333 4425 in
2380 4376 2639 4424 extremo
2671 4384 2847 4423 uersu
