3400 5075
607 343 733 408 388
1260 344 1634 396 APPBNDIX
1672 344 2244 395 SENTENTmRvM

786 503 998 589 Magis
1046 503 1395 567 amicorum
1444 503 1543 565 est
1589 501 1877 565 cauenda
1922 501 2169 564 inuidia
2216 523 2406 585 quam
2456 498 2727 564 insidiae

2204 617 2509 680 hostium.
2793 637 2894 685 523

793 734 1043 799 Nocere
1089 734 1296 799 nescit
1341 731 1457 818 qul'
1500 755 1567 797 se
1614 733 1779 797 uelle
1825 732 2125 817 prodidit.
2795 753 2893 801 787

785 850 1133 916 Stultumst
1180 851 1322 914 aliis
1371 847 1688 933 imperare
1735 849 1899 912 uelle
1948 849 2057 932 qui
2102 848 2276 912 haud
2322 845 2533 931 possst
2578 847 2717 911 sibi.
2793 868 2893 915 753

784 967 1063 1031 Lucrum
1111 969 1509 1051 praestatum
1557 964 1832 1048 ingrzitis
1881 965 2188 1028 damnum
2234 962 2319 1027 fit
2362 963 2601 1051 probis,

605 1084 737 1147 280
784 1080 1025 1146 Οειυὲτο
1073 1105 1264 1166 quam
1312 1083 1548 1165 pauere
1596 1081 1769 1144 mala
1814 1080 2241 1165 prudentiust.

782 1196 1023 1261 Malzist
1065 1197 1287 1281 inopia
1332 1218 1409 1261 ex
1455 1195 1641 1279 copia
1687 1218 1851 1280 quae
1897 1195 2200 1258 nuscitur.
2791 1216 2893 1264 760

783 1312 1017 1376 Aliena
1063 1312 1154 1376 sic
1199 1333 1350 1396 age,
1394 1314 1469 1375 1st
1512 1313 1773 1375 tuorum
1818 1309 2201 1374 memineris,

784 1427 1097 1493 Prodesto
1145 1427 1367 1492 amicis
1414 1424 1508 1490 sta
1552 1426 1650 1489 uti
1693 1448 1777 1489 ne
1822 1426 2059 1490 nocezis
2104 1425 2242 1490 tibi.

782 1542 1163 1608 Geminaeitur
1206 1541 1540 1605 iracundia
1585 1539 1951 1607 infelicitas,

601 1659 733 1724 285
779 1658 988 1724 Velox
1035 1658 1375 1722 consilium
1423 1657 1713 1741 sequitur
1757 1657 2175 1741 paenitentia.
2783 1680 2885 1727 492

776 1772 992 1838 Irritus
1039 1774 1170 1838 filio
1219 1771 1358 1856 ipse
1403 1777 1468 1837 te
1516 1773 1817 1857 obiurga,
1863 1777 2065 1856 pater.

737 1953 837 2001 276
875 1949 1168 2000 Cleobulus
1217 1950 1360 2014 apud
1410 1951 1715 2014 Diogenem
1760 1951 1947 1999 Laert,
1997 1951 2021 1998 1
2068 1952 2130 1999 91
2179 1941 2584 2013 φυλάσσεσθαι
2632 1943 2890 2015 γὰρ’τῶν

601 2015 705 2084 μὲν
754 2021 938 2082 φίλων
985 2011 1088 2068 τὸν
1134 2009 1323 2082 ψόγον
1367 2009 1622 2080 (φθόνον
1658 2017 1945 2067 Nauckius
1992 2014 2117 2065 mel.
2159 2018 2249 2070 Gr.
2288 2019 2352 2070 R.
2393 2017 2447 2066 11
2485 2020 2585 2067 270
2629 2018 2711 2067 ΙΙΙ
2749 2023 2890 2080 330),

601 2086 714 2138 τῶν
753 2083 820 2138 δὲ
859 2080 1086 2150 ἐχθρῶν
1122 2082 1230 2162 τήαζ
1265 2077 1594 2165 ἐπιβουλήν.
1667 2085 1988 2161 Tneobulqs
2016 2084 2548 2162 (immo-Cleobulus)
2582 2088 2637 2135 in
2665 2086 2892 2136 Stobaci

601 2156 834 2220 florileg.
868 2156 951 2216 48,
971 2157 1077 2229 ,232
1117 2169 1307 2229 φευγει
1335 2148 1445 2216 μὲν
1481 2170 1581 2202 τον
1619 2154 1851 2232 φθοιζον
1890 2169 2010 2230 τωνΙ
2037 2154 2259 2202 nonan:
2303 2152 2514 2216 (φίλων
2561 2155 2702 2203 coni.
2742 2155 2890 2204 Nau-

603 2223 800 2285 ckius)‚
827 2225 1124 2286 φυλασσου
1152 2216 1216 2271 δὲ
1244 2238 1346 2277 τας
1373 2213 1683 2282 ἔπιβουλας
1706 2237 1819 2270 των
1839 2234 2176 2285 μισουντων.
2218 2221 2287 2270 cf.
2314 2221 2545 2285 florileg.
2559 2222 2772 2274 Monac.
2794 2225 2891 2271 207

603 2292 771 2340 Liber
809 2291 1058 2339 Cusanus
1095 2306 1144 2353 p.
1191 2291 1285 2338 108
1312 2288 1425 2339 K1.:
1467 2287 1784 2338 ‘Cleouolus
1823 2290 1964 2336 dixit
2002 2303 2202 2336 cauere
2240 2304 2339 2337 nos
2383 2290 2557 2352 magis
2596 2290 2891 2340 amicorum

603 2358 869 2407 inuidiam
909 2372 1065 2420 quam
1106 2357 1449 2405 inimicorum
1479 2358 1712 2406 insidias
1741 2357 1987 2416 deberc;’
2027 2357 2158 2404 item
2185 2373 2218 2420 p
2245 2358 2325 2406 25.
2467 2360 2567 2406 280
2592 2356 2678 2407 Cf.
2706 2357 2891 2406 Plauti

602 2425 754 2475 Trin.
791 2427 891 2474 345
929 2423 1042 2488 ‘pol
1089 2423 1292 2488 pudere
1338 2439 1499 2487 quam
1538 2426 1727 2489 pigere
1766 2427 2018 2488 praestat
2064 2423 2293 2473 totidem
2340 2423 2587 2474 litteris)
2791 2427 2889 2474 285

602 2493 936 2544 Vincentius
971 2491 1110 2541 Bell.
1149 2508 1232 2557 sp.
1270 2491 1321 2547 d,
1356 2494 1408 2554 4,
1448 2494 1512 2541 26
1551 2507 1632 2557 sp.
1672 2492 1724 2542 h.
1761 2495 1810 2555 3,
1849 2493 1915 2542 58

775 2653 896 2710 276
944 2655 1114 2725 magis
1145 2655 1440 2708 amicorum
1472 2660 1554 2708 cst
1585 2653 1825 2708 cauenda
1863 2653 2100 2709 Botln'us
2143 2670 2298 2726 mage
2330 2653 2567 2708 cauenda
2599 2654 2891 2709 aulicorum

600 2758 644 2811 p
691 2737 770 2793 25
945 2737 1066 2792 277
1114 2737 1195 2809 cf.
1231 2738 1370 2810 Syri
1410 2756 1466 2793 u.
1508 2737 1629 2794 397
1805 2753 2001 2792 nocere
2046 2739 2222 2793 nescit
2268 2740 2464 2810 qui-se
2511 2738 2650 2793 uelle
2697 2755 2893 2794 nocere

607 2822 825 2900 (nocere
860 2822 998 2878 uelle
1032 2820 1081 2895 c)
1131 2821 1424 2895 prodiderit
1450 2840 1493 2893 p
1525 2822 1603 2879 29
1638 2840 1668 2878 c
1708 2822 1822 2879 108
1858 2824 2027 2877 nescit
2069 2824 2111 2877 is
2159 2839 2355 2877 nocere
2402 2824 2489 2895 qui
2524 2839 2720 2878 nocere
2755 2824 2889 2879 uene

602 2907 842 2981 prodidit
888 2907 1175 2964 Gruterus
1219 2922 1250 2962 e
1294 2908 1582 2963 Palatinis
1754 2906 1876 2962 278
1921 2908 2147 2962 stultum
2195 2916 2280 2962 est
2325 2916 2384 2962 ut
2432 2907 2560 2962 uelit
2612 2909 2733 2979 quis
2780 2908 2891 2962 aliis

604 2994 889 3064 imperare,
937 3008 1056 3048 cum
1102 2990 1201 3045 sibi
1245 2993 1348 3064 ipsi
1394 2993 1655 3065 imperare
1700 3009 1809 3047 non
1856 2994 2030 3064 possit
2072 3010 2112 3063 p
2144 2992 2223 3049 35
2270 2991 2497 3046 stultum
2543 3002 2627 3046 est
2670 2993 2715 3046 si
2763 2992 2895 3047 uelit

602 3077 867 3148 imperare
912 3077 1026 3131 aliis
1073 3076 1164 3149 qui
1208 3075 1307 3130 sibi
1354 3078 1525 3131 nescit
1571 3078 1695 3133 cod.
1746 3078 2003 3149 Reginae
2064 3077 2187 3133 Vae.
2237 3078 2385 3146 (bibl.
2439 3078 2509 3132 dc
2550 3076 2751 3133 l'e'cole
2796 3079 2897 3132 des

605 3161 844 3217 charles
896 3162 965 3217 11
1024 3159 1165 3229 118)
1219 3159 1447 3215 stultum
1505 3162 1767 3233 imperare
1824 3161 2044 3234 reliquis
2103 3162 2193 3233 qui
2240 3163 2410 3217 nescit
2454 3160 2552 3216 sibi
2601 3161 2893 3218 Pithoeus

605 3246 688 3318 cs.
721 3246 786 3301 M
820 3245 894 3302 16
1069 3245 1191 3301 279
1239 3245 1445 3300 lucrum
1479 3246 1690 3317 ingrate
1723 3247 2015 3318 praestanti
2049 3245 2298 3300 damnum
2339 3245 2557 3318 pudoris
2590 3261 2710 3300 esse
2738 3265 2780 3317 p
2812 3245 2892 3301 37

774 3324 1125 3406 praestatum]
1174 3347 1251 3385 an
1296 3331 1649 3385 concessum?
1823 3328 1945 3385 280
1990 3330 2180 3384 melius
2227 3339 2308 3384 est
2353 3346 2545 3385 cauere
2597 3346 2755 3402 quam
2801 3348 2894 3403 pa-

604 3431 733 3469 uerc
774 3432 817 3485 p
859 3415 941 3469 42
989 3414 1183 3470 malum
1230 3430 1425 3470 cauere
1471 3431 1629 3487 quam
1677 3432 1876 3487 pauere
1922 3414 2112 3469 melius
2166 3424 2249 3469 est
2291 3428 2459 3485 prop.
2496 3415 2895 3471 Buechelerus

776 3498 894 3556 281
945 3500 1076 3555 mala
1123 3508 1206 3555 est
1248 3500 1430 3571 inopia
1477 3515 1612 3572 quae
1644 3501 1883 3554 nascitur
1913 3514 1975 3553 ex
2007 3500 2159 3571 copia
2204 3501 2325 3555 cod.
2369 3500 2699 3555 Turicensis
2744 3500 2894 3554 unde

604 3599 840 3640 uersum
878 3585 1026 3657 fecit
1069 3585 1368 3655 Hauple'us
1409 3585 1613 3640 Philol.
1647 3585 1684 3639 I
1714 3585 1833 3640 665
1883 3585 2052 3656 turpis
2098 3593 2182 3639 est
2226 3585 2403 3657 inopia
2452 3600 2586 3656 quae
2631 3600 2693 3638 ex
2742 3585 2892 3655 copia

604 3668 691 3741 (ex
736 3668 909 3741 gloria
955 3688 991 3725 α
1041 3666 1108 3723 de
1154 3669 1325 3742 gloria
1388 3668 1459 3723 W
1500 3667 1565 3722 de
1611 3670 1786 3741 inopia
1834 3670 1902 3725 bc
1948 3667 2013 3722 de
2059 3668 2185 3742 gula
2234 3668 2372 3723 Par.
2420 3667 2617 3738 8027)
2654 3670 2896 3723 nascitur

599 3771 643 3824 p
688 3752 769 3807 44
816 3753 888 3809 W
929 3755 1131 3826 turpist
1176 3768 1312 3826 quae
1341 3753 1520 3825 iuopia
1562 3754 1804 3807 nascitur
1834 3753 1898 3807 de
1942 3753 2113 3826 gioria
2146 3753 2413 3809 Bothinm
2445 3752 2566 3827 (qui
2609 3762 2765 3826 turpe
2812 3762 2896 3807 est

604 3837 857 3909 scripsit)
902 3846 1140 3894 secutus
1181 3841 1308 3893 olim
1355 3841 1592 3893 conieci.
1665 3840 1811 3893 idem
1842 3838 2019 3910 inopia
2052 3838 2224 3910 turpis
2270 3837 2337 3891 de
2383 3837 2507 3911 gula
2539 3855 2678 3910 quae
2723 3838 2895 3892 nasci-

608 3931 697 3977 tur
743 3926 1022 3994 !emptaui
1191 3921 1310 3977 282
1360 3939 1458 3995 age
1516 3923 1594 3977 sic
1650 3923 1914 3993 alienum,
1964 3929 2022 3976 ut
2079 3931 2229 3976 tuum
2277 3939 2384 3977 non
2435 3920 2768 3977 obliuiscaris
2813 3924 2893 3976 in·

605 4008 824 4079 genium
868 4024 911 4078 p
954 4006 1036 4064 45
1211 4005 1332 4062 283
1380 4007 1548 4061 amico
1593 4008 1663 4061 ita
1714 4007 2002 4079 prodesm,
2060 4023 2125 4061 ne
2173 4005 2265 4061 tibi
2319 4023 2513 4061 noceas
2555 4022 2598 4075 p
2642 4005 2721 4063 46

611 4091 733 4149 284
779 4091 1050 4147 iracundia
1104 4091 1388 4147 infelicitas
1447 4092 1752 4164 geminatur
1808 4109 1851 4162 p
1896 4091 1975 4146 54
2192 4090 2313 4147 285
2369 4094 2452 4146 sic
2509 4109 2550 4162 p
2595 4091 2675 4148 55
2722 4090 2772 4145 V
2811 4092 2892 4164 cs.

606 4175 747 4249 Syri
788 4194 845 4233 u.
894 4176 974 4232 32
1149 4176 1269 4232 286
1318 4176 1485 4230 iratus
1533 4175 1570 4230 s.
1617 4177 1735 4249 ipse
1783 4186 1834 4232 te
1878 4192 2096 4245 coerce,
2151 4184 2305 4249 pater
2343 4192 2387 4246 p
2418 4175 2496 4231 57
2532 4183 2585 4232 et
2616 4194 2668 4231 m
2697 4176 2800 4245 41,
2835 4176 2895 4247 2,

606 4262 704 4317 ubi
743 4262 908 4317 iratus
954 4260 994 4316 s.
1041 4279 1148 4317 om.
1207 4269 1318 4316 tete
1362 4276 1550 4316 coerce
1595 4269 1751 4334 pater
1794 4263 1962 4316 iratus
2010 4259 2119 4316 filio
2164 4268 2267 4315 aut
2312 4261 2480 4315 iratus
2527 4258 2637 4316 filio
2683 4262 2797 4335 ipse
2842 4269 2895 4316 te

605 4343 815 4415 cohibe,
862 4362 914 4421 p.
957 4363 1130 4417 prop.
1181 4345 1582 4401 Buecheler-us
