3400 5075
1036 234 1127 283 Ex
1168 210 1503 284 INCERTIS
1542 234 2026 285 INOERTORVM
2060 233 2371 287 FABVMS
2538 304 2549 314 ἱ
2726 234 2846 293 119

729 503 880 568 Non
929 486 1153 588 edepol
1204 508 1512 588 quantam
1560 527 1694 569 rem
1726 506 1934 591 egeris
1976 528 2181 590 neque
2231 509 2544 589 quantum
2594 510 2846 575 facinus

1979 622 2205 685 feceris

1602 708 1786 772 XXX

592 824 680 886 40
728 819 1129 887 'Incredibile
1176 822 1299 888 hoc
1347 823 1591 887 fectum
1641 824 1917 903 obicitur
1967 874 2352 889 .......

1586 938 1809 1002 XXXI

1868 1051 1986 1092 nec
2035 1029 2287 1093 miilieri

719 1141 857 1206 Nec
907 1141 1157 1227 gremio
1207 1140 1377 1204 credi
1430 1144 1702 1225 oportet.

1566 1256 1822 1320 XXXII

718 1371 913 1435 Modo
971 1394 1231 1456 puer08‚
1286 1371 1478 1436 modo
1539 1370 1977 1436 adulescentes
2033 1370 2103 1436 1'n
2160 1396 2349 1437 cursu
2416 1397 2454 1438 a
2509 1379 2692 1461 tergo
2741 1376 2838 1441 1'11·

1689 1557 1695 1561 ,
2146 1511 2419 1573 sequens

715 1574 852 1639 Nec
906 1576 1234 1660 opinantis
1282 1575 1588 1639 zidsecuta
1635 1578 1752 1638 est.

1541 1688 1832 1753 XXXIII

587 1806 674 1869 45
722 1803 954 1869 Sentsn
1002 1826 1218 1869 senem
1267 1827 1404 1868 esse
1451 1806 1697 1869 tectum
1747 1805 2018 1889 triginta
2063 1807 2300 1871 minis?

1542 1918 1827 1984 XXXIV

712 2035 949 2100 Nonne
997 2040 1067 2098 tu
1117 2034 1286 2099 scis?
1335 2032 1396 2098 εἰ
1440 2056 1599 2118 quas
1646 2034 1836 2098 aedes
1883 2032 2056 2120 ignis
2103 2038 2274 2120 cepit
2320 2037 2583 2122 ἐπῆεν,

709 2151 903 2216 Ηειῑίἀ
950 2151 1202 2215 facilest
1249 2150 1516 2214 defensu
1566 2151 1675 2233 qui
1722 2172 1803 2213 ne
1851 2151 2316 2215 comburantur
2361 2155 2730 2236 proxumae.

532 2312 813 2361 cniusdam
863 2310 1165 2360 exultantis
1210 2309 1384 2359 uerba
1434 2324 1555 2360 esse
1606 2309 1819 2359 conieci
2060 2309 2240 2360 XXXI
2280 2311 2482 2361 Festus
2531 2328 2581 2378 p.
2623 2316 2720 2365 165
2756 2316 2833 2366 M.

534 2385 678 2430 ‘nec
718 2379 987 2428 mulieri
1025 2393 1147 2427 nec
1185 2378 1437 2442 gremio
1476 2377 1663 2427 credi
1699 2383 2016 2441 oportere
2053 2378 2403 2441 prouerbium
2444 2385 2554 2439 est,
2594 2383 2734 2446 quod
2776 2391 2832 2433 et

533 2448 633 2497 ille.
669 2448 869 2497 incerti
919 2452 975 2495 et
1020 2446 1161 2495 leuis
1198 2445 1365 2494 animi
1404 2449 1490 2496 est
1526 2450 1584 2494 et
1626 2444 1946 2509 plerumque
1990 2446 2046 2494 in
2096 2446 2304 2508 gremio
2350 2448 2560 2511 posita,
2611 2465 2732 2499 cum
2771 2452 2827 2500 in

531 2515 865 2566 obliuionem
890 2517 1164 2564 uenerunt
1189 2513 1618 2578 exsurgentium,
1652 2513 1985 2577 procidunt.’
2049 2511 2344 2564 Comoedia
2370 2516 2571 2581 respici
2598 2518 2720 2567 uisa
2745 2526 2830 2570 est

530 2586 603 2634 M.
642 2585 874 2634 Hertzio
922 2581 1121 2632 Philol.
1159 2582 1183 2630 Ι
1220 2583 1320 2631 612
1459 2579 1667 2630 XXXII
1710 2580 1907 2630 Cicero
1954 2582 2115 2631 Tnsc.
2162 2581 2301 2645 disp.
2349 2585 2373 2633 1
2418 2587 2501 2646 39,
2551 2588 2617 2635 94
2662 2591 2828 2652 ‘quae

532 2668 662 2701 uero
700 2655 857 2700 aetas
893 2651 1062 2712 longa
1099 2654 1211 2710 est,
1260 2653 1358 2698 aut
1394 2648 1524 2714 quid
1563 2649 1782 2699 omnino
1830 2649 2038 2698 homini
2077 2647 2335 2714 longum?
2409 2653 2601 2703 Nonne
2638 2655 2827 2705 modo

540 2719 965 2769 ...adsecuta
1004 2721 1107 2766 est
1145 2717 1524 2766 senectus?’
1698 2716 1940 2766 XXXIII
1979 2714 2172 2767 Cicero
2221 2716 2287 2767 de
2335 2724 2473 2767 orat.
2514 2721 2689 2783 1164,
2728 2724 2826 2772 257

528 2792 719 2851 ‘saepe
758 2785 925 2836 etiam
964 2799 1159 2834 uersus
1197 2784 1380 2835 facete
1419 2785 1791 2848 interponitur
1824 2784 1914 2833 uel
1953 2788 2013 2833 nt
2059 2788 2145 2834 est
2184 2783 2276 2834 uel
2316 2785 2596 2849 paululum
2635 2790 2824 2839 immu-

531 2861 700 2918 tatus,
730 2860 825 2904 aut
855 2853 1044 2918 aliqua
1085 2867 1213 2916 pars
1247 2867 1466 2915 uersus,
1506 2858 1590 2901 ut.
1611 2888 1623 2900 .
1646 2850 1905 2916 .[Caecil.
1932 2853 2039 2901 inc.
2067 2851 2178 2902 fab.
2207 2847 2310 2918 IV]
2384 2855 2526 2904 Nam
2549 2856 2606 2904 in
2633 2855 2827 2907 Caelio

528 2938 661 2971 sane
711 2922 876 2970 etiam
924 2920 995 2970 ad
1045 2935 1267 2968 causam
1314 2920 1446 2968 utile
1499 2919 1608 2968 fuit
1655 2924 1806 2968 tuum
1855 2918 2016 2980 illud,
2073 2919 2308 2983 Antoni,
2366 2936 2487 2976 cum
2536 2922 2631 2972 ille
2682 2940 2715 2973 a
2763 2941 2824 2975 ee

528 2990 813 3054 pecuniam
842 2989 1142 3054 profectam
1171 2986 1384 3037 diceret
1413 2988 1574 3036 testis
1603 2992 1657 3037 et
1683 2986 1917 3037 haberet
1942 2985 2108 3036 {ilium
2137 2987 2537 3054 delicatiorem,
2577 2991 2821 3043 abeunte

528 3059 635 3106 iam
688 3056 810 3107 illo:
860 3056 1127 3104 sentin’
1171 3070 1215 3103 e.
1256 3071 1304 3118 q.
1343 3070 1383 3105 Β.
1592 3052 1826 3105 XXXIV
1865 3054 2148 3104 Charisius
2195 3072 2246 3120 p.
2287 3058 2382 3106 176
2422 3059 2481 3110 Ρ.
2534 3060 2824 3110 ‘acriter

694 3208 773 3264 39
831 3224 944 3262 rem
1004 3209 1183 3281 egeris
1242 3207 1392 3263 Med.
1455 3209 1640 3261 altero
1697 3207 1991 3277 exemplo,
2049 3207 2580 3281 Martyni-Laquna
2638 3212 2818 3284 egeris

524 3309 634 3348 rem
682 3295 806 3348 cod.
852 3293 946 3348 hic
1161 3291 1244 3349 40
1301 3288 1668 3347 incredibilem
1724 3293 1847 3346 cod.
1906 3292 2070 3363 infra
2246 3290 2447 3348 sactum
2505 3295 2591 3348 ed.
2638 3300 2817 3369 antiq.

523 3378 813 3450 siqnataA
835 3378 994 3449 apud
1021 3376 1312 3446 Granium,
1344 3375 1888 3448 Martyni-Laquna
1982 3375 2126 3431 sactu
2160 3377 2284 3431 cod.
2317 3377 2432 3447 hic,
2466 3376 2606 3433 sacto
2633 3381 2819 3437 altero

521 3464 786 3533 exemplo
987 3461 1063 3515 41
1116 3477 1200 3533 sq.
1249 3460 1384 3517 Cum
1443 3462 1665 3515 omnino
1723 3463 2004 3516 incertum
2066 3464 2168 3529 sit,
2227 3478 2361 3516 num
2418 3465 2475 3516 in
2525 3466 2815 3519 comoedia

521 3547 669 3602 haec
713 3549 895 3602 locum
941 3546 1280 3613 habuerint,
1338 3551 1452 3600 tum
1497 3546 1567 3599 dc
1611 3547 1869 3600 numeris
1927 3547 2077 3599 certi
2119 3545 2258 3600 nihil
2303 3547 2610 3617 adfirmari
2649 3549 2817 3604 licet.-

516 3635 706 3701 possis
736 3647 785 3686 e.
810 3648 860 3687 c.
896 3648 1009 3687 uno
1041 3645 1217 3686 uersu
1250 3632 1590 3706 continuare
1620 3643 1721 3683 nec
1751 3628 1961 3684 mnlieri
1993 3644 2091 3684 nec
2121 3629 2329 3702 gremio
2356 3639 2575 3702 oportet
2607 3631 2816 3688 credie!-

690 3715 770 3772 43
817 3731 900 3787 sq.
948 3730 1157 3771 uersus
1200 3717 1433 3788 aynouit
1479 3715 1779 3769 Bentleius
1916 3713 2004 3768 De
2048 3715 2473 3785 synecphonesi
2513 3718 2569 3770 in
2615 3733 2816 3788 pueros

519 3801 930 3857 Lachmannus
974 3805 1028 3854 in
1076 3801 1250 3855 Lucr.
1305 3797 1422 3854 129
1470 3799 1649 3864 dixit,
1697 3805 1752 3853 et
1797 3798 1993 3854 eadem
2041 3815 2181 3854 usus
2226 3806 2311 3854 est
2355 3799 2554 3855 Liuius
2589 3803 2813 3858 Andro-

519 3889 685 3941 nicus
716 3891 863 3956 tray.
900 3881 1007 3941 26:
1057 3885 1547 3956 transponendum
1593 3881 1792 3955 μύει-οε
1838 3882 1999 3938 modo
2046 3886 2268 3939 censuit
2296 3884 2712 3942 Fleckeisenus

517 3969 597 4025 45
644 3969 822 4024 sentin
870 3972 1030 4025 nolui
1056 3977 1313 4040 mutare,
1359 3985 1703 4040 quamquam
1750 3967 1872 4021 hem
1918 3968 2029 4023 scin
2076 3985 2190 4024 non
2235 3969 2404 4041 lonye
2434 3969 2611 4025 abest.
2674 3972 2812 4026 satin

521 4054 920 4110 Buecheler-us
1047 4054 1127 4110 46
1160 4071 1244 4126 sq.
1276 4056 1637 4124 septenarios
1676 4052 1954 4108 indicauit
1987 4052 2045 4108 0.
2079 4053 2337 4126 Lanyius
2464 4068 2645 4109 nonne
2675 4055 2811 4111 Kei-

514 4142 660 4207 Ιίιιε,
706 4154 831 4210 qua·
872 4142 1168 4209 particula
1222 4139 1544 4193 Terentium
1601 4143 1758 4191 certe
1803 4153 1966 4192 usum
2013 4153 2136 4193 esse
2179 4144 2435 4207 constat,
2492 4138 2561 4193 de
2604 4139 2813 4196 Plauto

517 4225 833 4280 dubitatur.
891 4240 998 4279 non
1032 4226 1154 4280 cocl.
1317 4222 1394 4276 47
1434 4220 1584 4276 facile
1615 4228 1696 4276 est
1722 4220 1946 4278 Keilius
1977 4220 2127 4277 facile
2157 4229 2286 4277 sunt
2318 4223 2438 4277 cod.
2474 4222 2652 4278 faciles
2682 4233 2810 4279 sunt
