3400 5075
1397 370 1508 423 CN.
1548 372 1861 421 NAEvlvs
2708 367 2778 429 11

1358 526 1915 592 CLAMIDARIA

518 642 630 708 26¹
677 642 903 727 Neque
979 643 1321 708 admodum
1393 666 1432 707 a
1499 641 1717 727 pueris
1792 644 2101 707 abscessit
2173 645 2379 725 neque
2448 642 2791 705 admodum

1776 758 2339 822 adulescentulust.

1498 871 1789 937 COLAX

1361 988 1392 1051 I
1440 987 1637 1074 (Nou.
1686 985 1821 1052 Col.
1868 987 1940 1073 4)

675 1105 799 1181 Qui
846 1104 1148 1167 decumas
1196 1103 1455 1188 partes?
1512 1104 1827 1186 quantum
1873 1104 1961 1167 mi
2009 1101 2210 1167 alieni
2251 1104 2404 1185 fuit,

679 1221 931 1285 Polluxi
976 1219 1094 1281 tibi
1142 1218 1270 1282 iam
1317 1217 1707 1301 publicando
1757 1220 1947 1302 epulo
1994 1217 2290 1281 Herculis

675 1334 1014 1400 DecumaS.

633 1476 993 1526 CLAmnAmA
1038 1476 1075 1525 i.
1126 1492 1171 1525 o.
1209 1473 1692 1555 Chlamydaria
1776 1470 2003 1539 [Sergiil
2039 1474 2255 1539 explan.
2306 1476 2361 1524 in
2398 1474 2672 1524 Donatum
2711 1475 2794 1537 (in

501 1545 670 1596 Keilii
716 1560 938 1609 gramm.
985 1544 1134 1592 Latt
1174 1540 1272 1604 IV)
1313 1558 1361 1607 p.
1400 1544 1499 1592 559
1535 1536 1852 1591 ‘admodum
1891 1582 1901 1591 .
1941 1581 1955 1595 .
1997 1583 2008 1594 .
2049 1543 2352 1622 quaesitum
2401 1549 2489 1593 est
2534 1558 2663 1591 num
2699 1558 2795 1607 pro

498 1613 662 1662 ualde
675 1628 874 1691 ,usque
922 1610 1196 1672 dicamus,
1246 1616 1302 1659 et
1336 1610 1392 1659 in
1430 1625 1532 1659 usu
1572 1610 1727 1658 fuit.
1799 1609 1984 1674 ‚apud
2024 1610 2292 1659 Naeuium
2327 1610 2384 1659 in
2421 1608 2793 1660 Clamidaria:

500 1671 691 1744 neque'
730 1696 779 1732 e.
817 1694 869 1742 q.
907 1693 950 1727 s·
987 1676 1274 1757 (nenium
1315 1675 1574 1739 Lauant.)

634 1746 842 1797 CoLAx.
930 1745 1152 1809 Prologi
1198 1746 1254 1793 in
1299 1745 1527 1794 Terenti
1566 1758 1690 1795 eun.
1738 1746 1804 1794 25
1839 1744 1978 1793 haec
2025 1748 2180 1794 sunt:
2241 1743 2587 1795 ‘Colacem
2644 1760 2795 1795 esse

500 1815 717 1864 Naeui
766 1819 833 1863 et
879 1813 1113 1863 Plauti
1159 1817 1458 1862 ueterem
1507 1809 1835 1872 fabulam,
1886 1812 2189 1861 Parasiti
2236 1827 2589 1875 personam
2635 1813 2791 1862 inde

501 1882 804 1932 ablatam
859 1885 926 1930 et
977 1879 1238 1929 militis.
1325 1878 1384 1928 Si
1438 1879 1493 1928 id
1541 1883 1626 1929 est
1678 1880 1999 1941 peccatum,
2053 1884 2340 1943 peccatum
2396 1880 2797 1943 inprudentiast

502 1950 737 2008 Poetae,
775 1963 884 1998 non
923 1961 1030 2010 quo
1069 1947 1271 1996 furtum
1313 1945 1499 1996 facere
1538 1945 1829 1997 studuerit.
1901 1946 1962 1995 Id
1998 1947 2079 1995 ita
2108 1962 2228 1997 esse
2267 1961 2364 1996 uos
2400 1946 2508 1995 iam
2548 1947 2794 1997 iudicare

503 2017 771 2081 poteritis.
864 2014 1076 2063 Colax
1129 2012 1582 2073 Menandrist,
1638 2013 1706 2062 in
1762 2030 1838 2063 ea
1936 2018 2001 2063 st
2056 2015 2410 2078 parasitus
2466 2015 2657 2064 colax
2711 2014 2799 2063 Et

501 2083 694 2133 miles
732 2082 1103 2147 gloriosus:
1143 2096 1254 2131 eas
1293 2096 1362 2130 se
1411 2081 1518 2130 hic
1556 2097 1680 2131 non
1727 2095 1898 2144 nega
1968 2082 2308 2131 Personas
2347 2082 2795 2131 transtulisse

502 2153 564 2200 in
603 2151 989 2199 Eunuchum
1030 2164 1212 2198 suam
1248 2150 1338 2197 Ex
1378 2148 1664 2198 Graeca:
1707 2147 1821 2197 sed
1859 2164 1973 2198 eas
2013 2149 2091 2197 ab
2130 2149 2294 2198 aliis
2336 2149 2563 2198 factas
2610 2150 2798 2213 prius

503 2220 791 2268 Latinas
829 2220 1046 2268 scisse
1086 2231 1258 2277 sese,
1296 2214 1362 2264 id
1396 2231 1559 2265 uero
1598 2207 1966 2279 pernegat?
2028 2216 2110 2265 Dc
2138 2217 2335 2279 quibus
2361 2216 2537 2265 instar
2560 2217 2794 2266 omnium

503 2284 790 2335 Ritschelii
836 2286 893 2334 iu
940 2284 1235 2348 Parerg.1
1282 2286 1348 2333 99
1393 2297 1511 2347 sqq.
1560 2282 1866 2346 disputatio
1911 2287 2012 2334 est.
2091 2284 2144 2331 Is
2194 2285 2337 2332 enim
2384 2288 2438 2332 et
2485 2284 2798 2333 emendauit

501 2365 644 2419 quae
672 2356 934 2417 corrupta
972 2352 1156 2401 turbas
1182 2350 1434 2401 fecerant
1469 2349 1586 2400 sed
1624 2365 1738 2400 eas
1774 2350 2054 2399 fabulas
2095 2350 2318 2399 factas
2357 2351 2543 2414 prius
2574 2356 2630 2399 et
2666 2351 2798 2414 quid

500 2421 623 2470 inde
679 2420 925 2469 discatur
977 2419 1306 2483 explicauit.
1363 2433 1583 2481 nempe
1610 2417 1900 2467 Menandri
1946 2417 2229 2475 Colacem,
2285 2416 2342 2466 in
2398 2432 2507 2480 qua
2561 2419 2796 2498 parasiti

503 2488 879 2539 adsentatorie
906 2492 962 2537 et
997 2486 1191 2536 militis
1229 2485 1455 2551 gloriosi
1494 2489 1681 2551 partes
1722 2483 1951 2546 fuerint,
1990 2485 2258 2534 Naeuium
2296 2484 2524 2549 primum
2561 2486 2617 2534 in
2645 2486 2797 2534 Lati-

503 2573 630 2606 nam
657 2571 915 2614 scaenam
944 2553 1324 2614 transtulisse,
1364 2555 1485 2603 eius
1511 2558 1692 2603 autem
1720 2553 1958 2602 fabulam
1991 2558 2182 2618 postea
2208 2569 2241 2601 a
2265 2552 2465 2603 Plauto
2493 2557 2796 2603 correctam

502 2631 559 2672 et
605 2639 701 2687 pro
748 2639 893 2673 noua
941 2623 1125 2672 datam
1173 2636 1308 2672 esse.
1381 2620 1638 2670 Ceterum
1684 2619 1831 2670 idem
1866 2620 2218 2669 statuendum
2266 2621 2365 2682 sit,
2414 2621 2461 2670 si
2509 2621 2694 2672 Bothii
2741 2627 2798 2670 et

501 2691 734 2740 Lomani
771 2689 931 2754 Spec.
968 2690 1087 2740 crit.
1135 2707 1187 2754 p.
1225 2692 1291 2740 83
1339 2689 1714 2738 coniecturam
1751 2687 2103 2752 probaueris,
2151 2688 2242 2752 qui
2291 2689 2632 2753 scripserunt
2677 2689 2796 2739 Co-

502 2757 710 2808 lacem
739 2772 890 2808 esse
917 2757 1126 2807 Naeui
1153 2760 1268 2806 aut
1292 2755 1523 2806 Plauti
1560 2761 1863 2805 ueterem
1902 2754 2229 2815 fabulam,
2269 2757 2467 2820 quibus
2493 2757 2629 2805 satis
2655 2757 2797 2805 beno

503 2826 826 2889 exprimitur
871 2840 1033 2886 sane,
1080 2839 1243 2888 quam
1290 2839 1398 2872 non
1449 2823 1725 2873 curauerit
1772 2823 2002 2872 aliorum
2050 2822 2302 2887 exempla
2337 2824 2646 2873 Terentius.
2723 2823 2797 2871 At

503 2894 757 2956 quoniam
806 2895 863 2941 et
897 2891 1077 2941 Naeui
1125 2895 1182 2941 et
1219 2891 1403 2940 Plauti
1441 2889 1614 2940 Colax
1650 2891 1907 2953 (utraque
1946 2895 2130 2940 autem
2180 2890 2325 2954 apud
2361 2890 2626 2954 Nonium)
2663 2889 2799 2940 alibi

503 2959 824 3018 laudantur,
873 2959 940 3008 de
987 2959 1110 3008 sola
1155 2960 1319 3008 unius
1367 2957 1559 3007 fabula
1615 2973 1737 3006 cum
1787 2957 2068 3022 Gepperto
2116 2957 2346 3020 (Klotzii
2395 2957 2604 3007 annall.
2663 2956 2795 3023 phil.

503 3027 633 3076 xlx
657 3025 779 3087 274)
817 3041 924 3075 non
950 3027 1219 3090 cogitabit
1243 3025 1353 3074 nisi
1377 3026 1715 3077 temerarius,
1785 3026 2123 3088 Loquentem
2150 3037 2268 3074 cum
2296 3024 2468 3074 milite
2495 3028 2796 3090 parasitum

503 3095 763 3144 habemus
812 3094 876 3145 fr.
923 3094 973 3143 1=
1031 3109 1154 3142 nam
1199 3092 1299 3143 ille
1344 3092 1641 3142 Herculem
1684 3092 1966 3142 Victorem
2019 3108 2078 3142 se
2126 3093 2300 3156 ipsum
2351 3108 2472 3142 esse
2526 3091 2799 3156 gloriatus

505 3164 764 3212 decumas
811 3160 1074 3210 bonorum
1121 3161 1227 3210 sibi
1279 3176 1312 3209 a
1358 3160 1607 3225 parasito
1655 3174 1868 3224 quoque
1913 3160 2271 3223 flagitauerat
2320 3161 2532 3218 offerri,
2582 3161 2670 3208 cui
2708 3160 2796 3209 hic

503 3229 845 3279 iocabundus
881 3228 1205 3292 respondet,
1241 3229 1324 3277 rei
1361 3226 1580 3277 alienae
1618 3227 1837 3291 quidem
1876 3227 2132 3277 decumas
2170 3228 2221 3277 ei
2258 3244 2315 3278 se
2353 3228 2463 3276 iam
2500 3226 2799 3291 polluxisse

505 3296 721 3360 publice
759 3295 1053 3345 indicanda
1101 3294 1320 3345 scilicet
1368 3296 1488 3344 eius
1525 3297 1741 3345 nomine
1778 3311 1915 3346 cena
1952 3294 2288 3346 Herculana.
2359 3295 2444 3343 Dc
2483 3292 2799 3357 pollucendi

504 3381 652 3414 more
688 3363 951 3412 disseruit
986 3364 1282 3413 Henzenus
1325 3376 1458 3416 mus.
1486 3362 1659 3412 Rhen.
1685 3365 1735 3412 V
1760 3364 1819 3412 71
1851 3377 1999 3426 sqq.:
2037 3362 2110 3414 cf.
2148 3376 2294 3410 nunc
2330 3376 2472 3425 quae
2510 3361 2803 3410 adnotauit

505 3434 872 3481 Mommsenus
899 3431 1018 3480 CIL
1046 3432 1071 3481 1
1098 3447 1154 3495 p.
1183 3432 1278 3481 149
1303 3445 1387 3494 sq.
1417 3435 1473 3479 et
1496 3431 1566 3479 ad
1592 3432 1822 3480 n.1175.
1929 3429 1956 3478 1
1993 3428 2312 3479 Priscianus
2336 3429 2412 3478 lx
2445 3430 2505 3478 10
2534 3445 2586 3493 p.
2613 3430 2712 3478 874
2737 3429 2798 3478 Ρ.

688 3601 795 3664 26¹
843 3652 856 3665 .
883 3628 955 3684 p.
1006 3611 1148 3664 ueris
1195 3611 1318 3665 cod.
1494 3607 1725 3664 absccsit
1770 3610 1890 3665 cod.
2065 3605 2500 3662 adolescentulus
2546 3614 2630 3661 cst
2672 3608 2794 3663 cod.

690 3693 911 3750 Variati
951 3697 1009 3748 in
1042 3709 1184 3750 uoce
1214 3692 1496 3748 admodum
1529 3700 1810 3748 accentus
1840 3695 2122 3763 eleyanlia
2142 3697 2372 3762 pereat,
2418 3694 2470 3746 si
2498 3691 2800 3747 trochaeos

502 3781 818 3836 dimetiar-is
1031 3777 1109 3833 27
1169 3778 1259 3849 qui
1316 3776 1372 3846 (i.
1436 3793 1483 3832 e.
1544 3771 1839 3849 quomodo)
1894 3777 2030 3831 libri
2088 3778 2353 3847 plerique
2410 3789 2603 3830 omnes
2671 3774 2797 3847 quid

507 3865 710 3934 Barb.,
776 3880 925 3919 unus
977 3862 1232 3930 Kreklii,
1305 3861 1681 3916 Her-mannus
1739 3861 1948 3932 Opusa
1999 3861 2071 3916 II
2119 3860 2243 3915 280
2310 3860 2437 3932 quoi
2490 3863 2799 3930 proposuit

509 3948 801 4020 Berqlrius
846 3950 960 4003 e’ml.
1019 3948 1219 4002 scholl.
1270 3947 1514 4001 Halous.
1565 3953 1707 4001 aest.
1762 3944 1920 4002 1867
1975 3963 2032 4017 p.
2083 3944 2122 3997 V
2294 3943 2543 3998 decumas
2588 3944 2798 3998 Aldina

506 4041 559 4086 el
602 4032 697 4087 liic
743 4039 797 4087 et
843 4049 898 4087 u.
949 4031 1026 4086 29
1072 4030 1300 4085 decimas
1345 4031 1481 4085 libri
1621 4038 1801 4102 partes
1846 4046 1975 4101 sup.
2021 4030 2163 4102 Rey.
2296 4029 2365 4082 mi
2402 4028 2797 4097 Her-mannus,

506 4134 607 4172 om.
639 4117 775 4171 libri
787 4140 802 4169 .·
847 4117 1028 4172 inseri
1057 4117 1228 4171 eliam
1258 4121 1391 4186 post
1419 4114 1575 4169 alieni
1600 4121 1839 4185 poterat
1968 4113 2197 4168 alienum
2231 4112 2416 4186 Bony.
2570 4111 2649 4168 28
2682 4113 2799 4185 pol-

504 4199 613 4255 luxi
648 4202 1024 4257 Her-mannus
1053 4200 1262 4274 poluxit
1294 4200 1469 4272 Sanq.
1505 4198 1736 4272 polluxit
1769 4202 1950 4254 celeri
2076 4199 2174 4251 iam
2203 4198 2579 4252 Her-mannus
2609 4213 2638 4250 a
2665 4197 2801 4252 libri

673 4283 904 4357 polian,
937 4283 1084 4338 Tibic
1118 4287 1209 4339 uel
1240 4284 1357 4355 nia,
1391 4283 1620 4357 polluxti
1652 4283 1941 4354 Berylcius
1968 4284 2008 4340 l.
2036 4282 2072 4337 l.
2248 4279 2410 4352 epulo
2441 4320 2487 4336 ..
2507 4321 2520 4335 .
2548 4280 2797 4336 decumas

508 4386 612 4422 om.
662 4368 839 4440 Sany.
1001 4366 1274 4438 hercuulis
1323 4368 1501 4440 Bony.
1550 4366 1753 4421 herculi
1800 4366 2001 4422 Bamb.
2180 4365 2257 4420 29
2305 4363 2537 4419 decimas
2581 4365 2717 4420 libri
