<?xml version="1.0" encoding="UTF-8"?>
<!DOCTYPE html PUBLIC "-//W3C//DTD XHTML 1.0 Transitional//EN"
    "http://www.w3.org/TR/xhtml1/DTD/xhtml1-transitional.dtd">
<html xmlns="http://www.w3.org/1999/xhtml" xml:lang="en" lang="en">
 <head>
  <title>
</title>
<meta http-equiv="Content-Type" content="text/html;charset=utf-8" />
  <meta name='ocr-system' content='tesseract 3.04.00' />
  <meta name='ocr-capabilities' content='ocr_page ocr_carea ocr_par ocr_line ocrx_word'/>
</head>
<body>
  <div class='ocr_page' id='page_1' title='image "./comicorumromano00teregoog_0260.png"; bbox 0 0 3400 5075; ppageno 0'>
   <div class='ocr_carea' id='block_1_1' title="bbox 696 297 2498 357">
    <p class='ocr_par' dir='ltr' id='par_1_1' title="bbox 696 297 2498 357">
     <span class='ocr_line' id='line_1_1' title="bbox 696 297 2498 357; baseline -0.001 -9"><span class='ocrx_word' id='word_1_1' title='bbox 696 297 809 357; x_wconf 72' lang='grc'>122</span> <span class='ocrx_word' id='word_1_2' title='bbox 1160 298 1254 345; x_wconf 68' lang='lat' dir='ltr'>Ex</span> <span class='ocrx_word' id='word_1_3' title='bbox 1294 297 1631 350; x_wconf 76' lang='lat' dir='ltr'>INCERTIS</span> <span class='ocrx_word' id='word_1_4' title='bbox 1671 297 2147 349; x_wconf 78' lang='lat' dir='ltr'>INCERTORVM</span> <span class='ocrx_word' id='word_1_5' title='bbox 2187 298 2498 348; x_wconf 67' lang='lat' dir='ltr'>FARvms</span> 
     </span>
    </p>
   </div>
   <div class='ocr_carea' id='block_1_2' title="bbox 686 570 2980 750">
    <p class='ocr_par' dir='ltr' id='par_1_2' title="bbox 686 570 2980 750">
     <span class='ocr_line' id='line_1_2' title="bbox 864 570 2980 655; baseline 0.001 -22"><span class='ocrx_word' id='word_1_6' title='bbox 864 570 1299 635; x_wconf 71' lang='lat' dir='ltr'>Tertullianus</span> <span class='ocrx_word' id='word_1_7' title='bbox 1366 572 1442 634; x_wconf 86' lang='lat' dir='ltr'>de</span> <span class='ocrx_word' id='word_1_8' title='bbox 1508 572 1724 634; x_wconf 84' lang='lat' dir='ltr'>anima</span> <span class='ocrx_word' id='word_1_9' title='bbox 1793 572 1879 633; x_wconf 74' lang='lat'>20</span> <span class='ocrx_word' id='word_1_10' title='bbox 1938 570 2186 634; x_wconf 82' lang='lat' dir='ltr'>‘comici</span> <span class='ocrx_word' id='word_1_11' title='bbox 2252 571 2600 655; x_wconf 75' lang='lat' dir='ltr'>Phrygas</span> <span class='ocrx_word' id='word_1_12' title='bbox 2667 573 2980 636; x_wconf 74' lang='lat' dir='ltr'>timidos</span> 
     </span>
     <span class='ocr_line' id='line_1_3' title="bbox 686 674 2650 750; baseline 0.001 -1"><span class='ocrx_word' id='word_1_13' title='bbox 686 687 1029 750; x_wconf 64' lang='lat' dir='ltr'>inludunt?</span> <span class='ocrx_word' id='word_1_14' title='bbox 2643 674 2650 679; x_wconf 40' lang='lat'>⁵</span> 
     </span>
    </p>
   </div>
   <div class='ocr_carea' id='block_1_3' title="bbox 727 774 2979 1732">
    <p class='ocr_par' dir='ltr' id='par_1_3' title="bbox 1741 774 1916 837">
     <span class='ocr_line' id='line_1_4' title="bbox 1741 774 1916 837; baseline 0 0"><span class='ocrx_word' id='word_1_15' title='bbox 1741 774 1916 837; x_wconf 87' lang='lat' dir='ltr'>XLV</span> 
     </span>
    </p>

    <p class='ocr_par' dir='ltr' id='par_1_4' title="bbox 862 888 2471 1069">
     <span class='ocr_line' id='line_1_5' title="bbox 862 888 2471 975; baseline 0 -22"><span class='ocrx_word' id='word_1_16' title='bbox 862 888 1073 954; x_wconf 82' lang='lat' dir='ltr'>Viden</span> <span class='ocrx_word' id='word_1_17' title='bbox 1120 894 1193 953; x_wconf 75' lang='lat' dir='ltr'>iit</span> <span class='ocrx_word' id='word_1_18' title='bbox 1238 890 1542 954; x_wconf 83' lang='lat' dir='ltr'>cinaedus</span> <span class='ocrx_word' id='word_1_19' title='bbox 1590 891 1811 954; x_wconf 79' lang='lat' dir='ltr'>orbem</span> <span class='ocrx_word' id='word_1_20' title='bbox 1859 890 2062 975; x_wconf 75' lang='lat' dir='ltr'>digito</span> <span class='ocrx_word' id='word_1_21' title='bbox 2110 889 2471 973; x_wconf 71' lang='lat' dir='ltr'>temperat?</span> 
     </span>
     <span class='ocr_line' id='line_1_6' title="bbox 1715 1005 1929 1069; baseline 0 0"><span class='ocrx_word' id='word_1_22' title='bbox 1715 1005 1929 1069; x_wconf 88' lang='lat' dir='ltr'>XLVI</span> 
     </span>
    </p>

    <p class='ocr_par' dir='ltr' id='par_1_5' title="bbox 1052 1120 2637 1320">
     <span class='ocr_line' id='line_1_7' title="bbox 1052 1120 2637 1206; baseline 0 -23"><span class='ocrx_word' id='word_1_23' title='bbox 1052 1171 1064 1183; x_wconf 94' lang='lat'>.</span> <span class='ocrx_word' id='word_1_24' title='bbox 1112 1121 1271 1204; x_wconf 65' lang='lat' dir='ltr'>quas</span> <span class='ocrx_word' id='word_1_25' title='bbox 1321 1140 1440 1204; x_wconf 85' lang='lat' dir='ltr'>ego</span> <span class='ocrx_word' id='word_1_26' title='bbox 1488 1142 1742 1206; x_wconf 84' lang='lat' dir='ltr'>pugnas</span> <span class='ocrx_word' id='word_1_27' title='bbox 1755 1172 1771 1203; x_wconf 89' lang='lat'>,</span> <span class='ocrx_word' id='word_1_28' title='bbox 1819 1120 2096 1204; x_wconf 72' lang='lat' dir='ltr'>quantas</span> <span class='ocrx_word' id='word_1_29' title='bbox 2147 1124 2394 1204; x_wconf 78' lang='lat' dir='ltr'>strages</span> <span class='ocrx_word' id='word_1_30' title='bbox 2443 1120 2637 1184; x_wconf 67' lang='lat' dir='ltr'>edidi!</span> 
     </span>
     <span class='ocr_line' id='line_1_8' title="bbox 1414 1234 2239 1320; baseline -0.001 -21"><span class='ocrx_word' id='word_1_31' title='bbox 1414 1234 1661 1300; x_wconf 88' lang='lat' dir='ltr'><strong>XLVII</strong></span> <span class='ocrx_word' id='word_1_32' title='bbox 1711 1236 1909 1319; x_wconf 82' lang='lat' dir='ltr'>(Eun.</span> <span class='ocrx_word' id='word_1_33' title='bbox 1956 1234 2122 1299; x_wconf 89' lang='lat' dir='ltr'>Add.</span> <span class='ocrx_word' id='word_1_34' title='bbox 2169 1234 2239 1320; x_wconf 85' lang='lat'>4)</span> 
     </span>
    </p>

    <p class='ocr_par' dir='ltr' id='par_1_6' title="bbox 864 1351 2979 1435">
     <span class='ocr_line' id='line_1_9' title="bbox 864 1351 2979 1435; baseline 0.001 -21"><span class='ocrx_word' id='word_1_35' title='bbox 864 1401 877 1415; x_wconf 93' lang='lat'>.</span> <span class='ocrx_word' id='word_1_36' title='bbox 924 1352 1245 1435; x_wconf 76' lang='lat' dir='ltr'>persuasit</span> <span class='ocrx_word' id='word_1_37' title='bbox 1299 1352 1514 1416; x_wconf 70' lang='lat' dir='ltr'>animo</span> <span class='ocrx_word' id='word_1_38' title='bbox 1571 1352 1796 1415; x_wconf 90' lang='lat' dir='ltr'>uinum</span> <span class='ocrx_word' id='word_1_39' title='bbox 1809 1403 1827 1435; x_wconf 89' lang='lat'>,</span> <span class='ocrx_word' id='word_1_40' title='bbox 1881 1352 2037 1416; x_wconf 72' lang='lat' dir='ltr'>deus</span> <span class='ocrx_word' id='word_1_41' title='bbox 2085 1351 2193 1434; x_wconf 90' lang='lat' dir='ltr'>qui</span> <span class='ocrx_word' id='word_1_42' title='bbox 2250 1352 2453 1415; x_wconf 78' lang='lat' dir='ltr'>multo</span> <span class='ocrx_word' id='word_1_43' title='bbox 2502 1355 2600 1414; x_wconf 86' lang='lat' dir='ltr'>est</span> <span class='ocrx_word' id='word_1_44' title='bbox 2646 1352 2979 1416; x_wconf 64' lang='lat' dir='ltr'>maiximus</span> 
     </span>
    </p>

    <p class='ocr_par' dir='ltr' id='par_1_7' title="bbox 727 1466 2525 1667">
     <span class='ocr_line' id='line_1_10' title="bbox 1696 1466 1977 1530; baseline -0.004 -1"><span class='ocrx_word' id='word_1_45' title='bbox 1696 1466 1977 1530; x_wconf 83' lang='lat' dir='ltr'>XLVIII</span> 
     </span>
     <span class='ocr_line' id='line_1_11' title="bbox 727 1579 2525 1667; baseline 0 -22"><span class='ocrx_word' id='word_1_46' title='bbox 727 1583 812 1645; x_wconf 77' lang='lat'>65</span> <span class='ocrx_word' id='word_1_47' title='bbox 1116 1661 1120 1667; x_wconf 15' lang='grc' dir='ltr'><em>η</em></span> <span class='ocrx_word' id='word_1_48' title='bbox 1989 1579 2210 1645; x_wconf 77' lang='lat' dir='ltr'>Liberi</span> <span class='ocrx_word' id='word_1_49' title='bbox 2259 1581 2525 1645; x_wconf 72' lang='lat' dir='ltr'>bellaria</span> 
     </span>
    </p>

    <p class='ocr_par' dir='ltr' id='par_1_8' title="bbox 1721 1668 1930 1732">
     <span class='ocr_line' id='line_1_12' title="bbox 1721 1668 1930 1732; baseline 0.005 -1"><span class='ocrx_word' id='word_1_50' title='bbox 1721 1668 1930 1732; x_wconf 86' lang='lat' dir='ltr'>XLIX</span> 
     </span>
    </p>
   </div>
   <div class='ocr_carea' id='block_1_4' title="bbox 682 1784 2977 1870">
    <p class='ocr_par' dir='ltr' id='par_1_9' title="bbox 682 1784 2977 1870">
     <span class='ocr_line' id='line_1_13' title="bbox 682 1784 2977 1870; baseline 0.002 -25"><span class='ocrx_word' id='word_1_51' title='bbox 682 1788 827 1867; x_wconf 47' lang='lat' dir='ltr'>(iiis-³7</span> <span class='ocrx_word' id='word_1_52' title='bbox 862 1784 1153 1849; x_wconf 72' lang='lat' dir='ltr'>Ch&#39;tellac</span> <span class='ocrx_word' id='word_1_53' title='bbox 1211 1786 1363 1850; x_wconf 90' lang='lat' dir='ltr'>boui</span> <span class='ocrx_word' id='word_1_54' title='bbox 1430 1788 1581 1848; x_wconf 78' lang='lat' dir='ltr'>sunt</span> <span class='ocrx_word' id='word_1_55' title='bbox 1644 1786 1994 1870; x_wconf 76' lang='lat' dir='ltr'>inpositae:</span> <span class='ocrx_word' id='word_1_56' title='bbox 2060 1785 2274 1869; x_wconf 69' lang='lat' dir='ltr'>plane!</span> <span class='ocrx_word' id='word_1_57' title='bbox 2341 1807 2474 1849; x_wconf 91' lang='lat' dir='ltr'>non</span> <span class='ocrx_word' id='word_1_58' title='bbox 2511 1790 2629 1853; x_wconf 77' lang='lat' dir='ltr'>,est</span> <span class='ocrx_word' id='word_1_59' title='bbox 2684 1788 2977 1850; x_wconf 79' lang='lat' dir='ltr'>nostrum</span> 
     </span>
    </p>
   </div>
   <div class='ocr_carea' id='block_1_5' title="bbox 1235 1923 2567 2004">
    <p class='ocr_par' dir='ltr' id='par_1_10' title="bbox 1235 1923 2567 2004">
     <span class='ocr_line' id='line_1_14' title="bbox 1235 1923 2567 2004; baseline 0.011 -54"><span class='ocrx_word' id='word_1_60' title='bbox 1235 1978 1261 2004; x_wconf 52' lang='grc' dir='ltr'><strong><em>ο</em></strong></span> <span class='ocrx_word' id='word_1_61' title='bbox 2387 1923 2567 1965; x_wconf 85' lang='lat' dir='ltr'>onus.</span> 
     </span>
    </p>
   </div>
   <div class='ocr_carea' id='block_1_6' title="bbox 676 2059 2977 3693">
    <p class='ocr_par' dir='ltr' id='par_1_11' title="bbox 678 2059 2977 2881">
     <span class='ocr_line' id='line_1_15' title="bbox 818 2059 2977 2147; baseline -0.001 -26"><span class='ocrx_word' id='word_1_62' title='bbox 818 2072 990 2121; x_wconf 81' lang='lat' dir='ltr'>XLIV</span> <span class='ocrx_word' id='word_1_63' title='bbox 1040 2070 1128 2120; x_wconf 85' lang='lat' dir='ltr'>Cf.</span> <span class='ocrx_word' id='word_1_64' title='bbox 1176 2069 1497 2147; x_wconf 82' lang='lat' dir='ltr'>Apollodori</span> <span class='ocrx_word' id='word_1_65' title='bbox 1543 2069 1939 2120; x_wconf 77' lang='lat' dir='ltr'>citharoedus:</span> <span class='ocrx_word' id='word_1_66' title='bbox 1998 2061 2068 2120; x_wconf 79' lang='grc' dir='ltr'>οὖ</span> <span class='ocrx_word' id='word_1_67' title='bbox 2114 2065 2415 2146; x_wconf 74' lang='grc' dir='ltr'><strong><em>πανταχοῦ</em></strong></span> <span class='ocrx_word' id='word_1_68' title='bbox 2464 2059 2618 2133; x_wconf 80' lang='grc' dir='ltr'><strong><em>Φρυξ</em></strong></span> <span class='ocrx_word' id='word_1_69' title='bbox 2668 2063 2812 2133; x_wconf 80' lang='grc' dir='ltr'><strong>εἰμι·</strong></span> <span class='ocrx_word' id='word_1_70' title='bbox 2874 2067 2977 2119; x_wconf 79' lang='grc' dir='ltr'>τοῦ</span> 
     </span>
     <span class='ocr_line' id='line_1_16' title="bbox 681 2128 2976 2203; baseline -0.002 -14"><span class='ocrx_word' id='word_1_71' title='bbox 681 2136 784 2202; x_wconf 77' lang='grc' dir='ltr'>ζῆν</span> <span class='ocrx_word' id='word_1_72' title='bbox 820 2128 894 2203; x_wconf 78' lang='grc' dir='ltr'>ἢν</span> <span class='ocrx_word' id='word_1_73' title='bbox 931 2131 1050 2200; x_wconf 75' lang='grc' dir='ltr'>ὁρῶ</span> <span class='ocrx_word' id='word_1_74' title='bbox 1087 2139 1368 2203; x_wconf 78' lang='grc' dir='ltr'>Κρεῖττον</span> <span class='ocrx_word' id='word_1_75' title='bbox 1405 2130 1468 2188; x_wconf 78' lang='grc' dir='ltr'>τὸ</span> <span class='ocrx_word' id='word_1_76' title='bbox 1506 2132 1584 2203; x_wconf 84' lang='grc' dir='ltr'><em>μή</em></span> <span class='ocrx_word' id='word_1_77' title='bbox 1613 2136 1743 2201; x_wconf 77' lang='grc' dir='ltr'><em>ζῆν,</em></span> <span class='ocrx_word' id='word_1_78' title='bbox 1784 2128 2067 2203; x_wconf 79' lang='grc' dir='ltr'><em>χρήσομαι</em></span> <span class='ocrx_word' id='word_1_79' title='bbox 2103 2153 2179 2202; x_wconf 79' lang='grc' dir='ltr'>τῳ</span> <span class='ocrx_word' id='word_1_80' title='bbox 2216 2135 2514 2199; x_wconf 75' lang='grc' dir='ltr'>κρείττονι.</span> <span class='ocrx_word' id='word_1_81' title='bbox 2655 2136 2806 2186; x_wconf 86' lang='lat' dir='ltr'>XLV</span> <span class='ocrx_word' id='word_1_82' title='bbox 2844 2136 2976 2185; x_wconf 86' lang='lat' dir='ltr'>Sne·</span> 
     </span>
     <span class='ocr_line' id='line_1_17' title="bbox 682 2203 2976 2285; baseline -0.001 -29"><span class='ocrx_word' id='word_1_83' title='bbox 682 2207 867 2256; x_wconf 85' lang='lat' dir='ltr'>tonius</span> <span class='ocrx_word' id='word_1_84' title='bbox 905 2206 1032 2259; x_wconf 85' lang='lat' dir='ltr'>Oct.</span> <span class='ocrx_word' id='word_1_85' title='bbox 1071 2207 1137 2257; x_wconf 83' lang='lat'>68</span> <span class='ocrx_word' id='word_1_86' title='bbox 1175 2205 1297 2255; x_wconf 87' lang='lat' dir='ltr'>sed</span> <span class='ocrx_word' id='word_1_87' title='bbox 1344 2211 1400 2255; x_wconf 90' lang='lat' dir='ltr'>et</span> <span class='ocrx_word' id='word_1_88' title='bbox 1446 2206 1678 2285; x_wconf 80' lang='lat' dir='ltr'>populus</span> <span class='ocrx_word' id='word_1_89' title='bbox 1727 2206 1996 2270; x_wconf 84' lang='lat' dir='ltr'>quondam</span> <span class='ocrx_word' id='word_1_90' title='bbox 2043 2205 2328 2254; x_wconf 88' lang='lat' dir='ltr'>uniuersus</span> <span class='ocrx_word' id='word_1_91' title='bbox 2377 2203 2624 2253; x_wconf 89' lang='lat' dir='ltr'>ludorum</span> <span class='ocrx_word' id='word_1_92' title='bbox 2663 2204 2751 2253; x_wconf 88' lang='lat' dir='ltr'>die</span> <span class='ocrx_word' id='word_1_93' title='bbox 2789 2207 2846 2254; x_wconf 88' lang='lat' dir='ltr'>et</span> <span class='ocrx_word' id='word_1_94' title='bbox 2883 2219 2976 2253; x_wconf 84' lang='lat' dir='ltr'>ac-</span> 
     </span>
     <span class='ocr_line' id='line_1_18' title="bbox 681 2272 2976 2339; baseline -0.002 -16"><span class='ocrx_word' id='word_1_95' title='bbox 681 2275 830 2339; x_wconf 81' lang='lat' dir='ltr'>cepit</span> <span class='ocrx_word' id='word_1_96' title='bbox 874 2274 932 2323; x_wconf 89' lang='lat' dir='ltr'>in</span> <span class='ocrx_word' id='word_1_97' title='bbox 980 2272 1368 2323; x_wconf 88' lang='lat' dir='ltr'>contumeliam</span> <span class='ocrx_word' id='word_1_98' title='bbox 1418 2275 1538 2323; x_wconf 87' lang='lat' dir='ltr'>eius</span> <span class='ocrx_word' id='word_1_99' title='bbox 1588 2279 1644 2322; x_wconf 90' lang='lat' dir='ltr'>et</span> <span class='ocrx_word' id='word_1_100' title='bbox 1690 2288 1924 2322; x_wconf 85' lang='lat' dir='ltr'>assensu</span> <span class='ocrx_word' id='word_1_101' title='bbox 1972 2273 2207 2323; x_wconf 85' lang='lat' dir='ltr'>maximo</span> <span class='ocrx_word' id='word_1_102' title='bbox 2255 2273 2632 2336; x_wconf 84' lang='lat' dir='ltr'>comprobauit</span> <span class='ocrx_word' id='word_1_103' title='bbox 2667 2286 2880 2322; x_wconf 85' lang='lat' dir='ltr'>uersum</span> <span class='ocrx_word' id='word_1_104' title='bbox 2920 2272 2976 2320; x_wconf 86' lang='lat' dir='ltr'>in</span> 
     </span>
     <span class='ocr_line' id='line_1_19' title="bbox 678 2339 2975 2405; baseline -0.001 -14"><span class='ocrx_word' id='word_1_105' title='bbox 678 2358 886 2393; x_wconf 82' lang='lat' dir='ltr'>scaena</span> <span class='ocrx_word' id='word_1_106' title='bbox 911 2341 1324 2405; x_wconf 83' lang='lat' dir='ltr'>pronuntiatum</span> <span class='ocrx_word' id='word_1_107' title='bbox 1353 2341 1419 2390; x_wconf 85' lang='lat' dir='ltr'>de</span> <span class='ocrx_word' id='word_1_108' title='bbox 1457 2340 1643 2405; x_wconf 78' lang='lat' dir='ltr'>gallo</span> <span class='ocrx_word' id='word_1_109' title='bbox 1681 2342 1921 2390; x_wconf 88' lang='lat' dir='ltr'>matris</span> <span class='ocrx_word' id='word_1_110' title='bbox 1946 2342 2136 2391; x_wconf 87' lang='lat' dir='ltr'>deum</span> <span class='ocrx_word' id='word_1_111' title='bbox 2163 2339 2707 2404; x_wconf 81' lang='lat' dir='ltr'>tympanizante:</span> <span class='ocrx_word' id='word_1_112' title='bbox 2744 2339 2975 2388; x_wconf 91' lang='lat' dir='ltr'>uiden’</span> 
     </span>
     <span class='ocr_line' id='line_1_20' title="bbox 678 2405 2975 2473; baseline -0.002 -14"><span class='ocrx_word' id='word_1_113' title='bbox 678 2425 722 2459; x_wconf 91' lang='lat' dir='ltr'>e.</span> <span class='ocrx_word' id='word_1_114' title='bbox 764 2425 815 2473; x_wconf 90' lang='lat' dir='ltr'>q.</span> <span class='ocrx_word' id='word_1_115' title='bbox 853 2426 896 2460; x_wconf 87' lang='lat' dir='ltr'>s.</span> <span class='ocrx_word' id='word_1_116' title='bbox 970 2410 1210 2459; x_wconf 88' lang='lat' dir='ltr'>Ioannes</span> <span class='ocrx_word' id='word_1_117' title='bbox 1257 2408 1702 2459; x_wconf 85' lang='lat' dir='ltr'>Saresberiensis</span> <span class='ocrx_word' id='word_1_118' title='bbox 1747 2407 2014 2461; x_wconf 82' lang='lat' dir='ltr'>Policrat.</span> <span class='ocrx_word' id='word_1_119' title='bbox 2064 2409 2087 2458; x_wconf 87' lang='grc' dir='ltr'>Ι</span> <span class='ocrx_word' id='word_1_120' title='bbox 2124 2410 2153 2458; x_wconf 86' lang='grc'><strong>7</strong></span> <span class='ocrx_word' id='word_1_121' title='bbox 2258 2407 2344 2456; x_wconf 88' lang='lat' dir='ltr'>Ad</span> <span class='ocrx_word' id='word_1_122' title='bbox 2380 2412 2627 2472; x_wconf 82' lang='lat' dir='ltr'>togatam</span> <span class='ocrx_word' id='word_1_123' title='bbox 2676 2405 2772 2469; x_wconf 84' lang='lat' dir='ltr'>(cf.</span> <span class='ocrx_word' id='word_1_124' title='bbox 2810 2409 2975 2456; x_wconf 87' lang='lat' dir='ltr'>Attae</span> 
     </span>
     <span class='ocr_line' id='line_1_21' title="bbox 681 2473 2778 2543; baseline -0.001 -15"><span class='ocrx_word' id='word_1_125' title='bbox 681 2473 1047 2543; x_wconf 81' lang='lat' dir='ltr'>Megalensia)</span> <span class='ocrx_word' id='word_1_126' title='bbox 1087 2481 1184 2526; x_wconf 82' lang='lat' dir='ltr'>aut</span> <span class='ocrx_word' id='word_1_127' title='bbox 1223 2476 1290 2526; x_wconf 91' lang='lat' dir='ltr'>ad</span> <span class='ocrx_word' id='word_1_128' title='bbox 1328 2477 1542 2525; x_wconf 89' lang='lat' dir='ltr'>mimum</span> <span class='ocrx_word' id='word_1_129' title='bbox 1582 2475 1678 2540; x_wconf 82' lang='lat' dir='ltr'>(cf.</span> <span class='ocrx_word' id='word_1_130' title='bbox 1720 2476 1864 2525; x_wconf 87' lang='lat' dir='ltr'>Galli</span> <span class='ocrx_word' id='word_1_131' title='bbox 1902 2474 2150 2539; x_wconf 85' lang='lat' dir='ltr'>Laberii)</span> <span class='ocrx_word' id='word_1_132' title='bbox 2191 2476 2466 2541; x_wconf 82' lang='lat' dir='ltr'>pertinere</span> <span class='ocrx_word' id='word_1_133' title='bbox 2505 2475 2778 2526; x_wconf 83' lang='lat' dir='ltr'>uidentur.</span> 
     </span>
     <span class='ocr_line' id='line_1_22' title="bbox 678 2543 2976 2611; baseline -0.001 -16"><span class='ocrx_word' id='word_1_134' title='bbox 678 2547 854 2596; x_wconf 87' lang='lat' dir='ltr'>XLVI</span> <span class='ocrx_word' id='word_1_135' title='bbox 905 2547 1101 2596; x_wconf 90' lang='lat' dir='ltr'>Cicero</span> <span class='ocrx_word' id='word_1_136' title='bbox 1140 2546 1298 2611; x_wconf 87' lang='lat' dir='ltr'>epist.</span> <span class='ocrx_word' id='word_1_137' title='bbox 1338 2544 1406 2594; x_wconf 84' lang='lat' dir='ltr'>ad</span> <span class='ocrx_word' id='word_1_138' title='bbox 1448 2546 1560 2595; x_wconf 79' lang='lat' dir='ltr'>Att.</span> <span class='ocrx_word' id='word_1_139' title='bbox 1600 2546 1626 2594; x_wconf 97' lang='lat' dir='ltr'>I</span> <span class='ocrx_word' id='word_1_140' title='bbox 1677 2546 1757 2605; x_wconf 82' lang='lat'>16,</span> <span class='ocrx_word' id='word_1_141' title='bbox 1799 2547 1820 2593; x_wconf 91' lang='lat'>1</span> <span class='ocrx_word' id='word_1_142' title='bbox 1865 2544 1944 2593; x_wconf 87' lang='lat' dir='ltr'>‘di</span> <span class='ocrx_word' id='word_1_143' title='bbox 1981 2543 2323 2594; x_wconf 82' lang='lat' dir='ltr'>inmortales!</span> <span class='ocrx_word' id='word_1_144' title='bbox 2362 2559 2520 2608; x_wconf 87' lang='lat' dir='ltr'>quas</span> <span class='ocrx_word' id='word_1_145' title='bbox 2560 2558 2679 2608; x_wconf 84' lang='lat' dir='ltr'>ego</span> <span class='ocrx_word' id='word_1_146' title='bbox 2717 2557 2976 2608; x_wconf 83' lang='lat' dir='ltr'>pugnas</span> 
     </span>
     <span class='ocr_line' id='line_1_23' title="bbox 679 2611 2973 2679; baseline -0.002 -16"><span class='ocrx_word' id='word_1_147' title='bbox 679 2621 743 2664; x_wconf 90' lang='lat' dir='ltr'>et</span> <span class='ocrx_word' id='word_1_148' title='bbox 779 2619 1070 2679; x_wconf 86' lang='lat' dir='ltr'>quantas</span> <span class='ocrx_word' id='word_1_149' title='bbox 1107 2618 1380 2676; x_wconf 85' lang='lat' dir='ltr'>strages</span> <span class='ocrx_word' id='word_1_150' title='bbox 1419 2612 1632 2663; x_wconf 75' lang='lat' dir='ltr'>edidi!</span> <span class='ocrx_word' id='word_1_151' title='bbox 1682 2627 1819 2677; x_wconf 90' lang='lat' dir='ltr'>quos</span> <span class='ocrx_word' id='word_1_152' title='bbox 1854 2613 2092 2676; x_wconf 88' lang='lat' dir='ltr'>impetus</span> <span class='ocrx_word' id='word_1_153' title='bbox 2140 2612 2197 2660; x_wconf 90' lang='lat' dir='ltr'>in</span> <span class='ocrx_word' id='word_1_154' title='bbox 2233 2613 2518 2672; x_wconf 83' lang='lat' dir='ltr'>Pisonem,</span> <span class='ocrx_word' id='word_1_155' title='bbox 2569 2613 2624 2659; x_wconf 92' lang='lat' dir='ltr'>in</span> <span class='ocrx_word' id='word_1_156' title='bbox 2664 2611 2973 2672; x_wconf 82' lang='lat' dir='ltr'>Curionem,</span> 
     </span>
     <span class='ocr_line' id='line_1_24' title="bbox 678 2678 2974 2745; baseline -0 -14"><span class='ocrx_word' id='word_1_157' title='bbox 678 2682 733 2730; x_wconf 91' lang='lat' dir='ltr'>in</span> <span class='ocrx_word' id='word_1_158' title='bbox 772 2686 943 2731; x_wconf 81' lang='lat' dir='ltr'>totam</span> <span class='ocrx_word' id='word_1_159' title='bbox 982 2681 1138 2730; x_wconf 84' lang='lat' dir='ltr'>illam</span> <span class='ocrx_word' id='word_1_160' title='bbox 1178 2696 1396 2730; x_wconf 88' lang='lat' dir='ltr'>manum</span> <span class='ocrx_word' id='word_1_161' title='bbox 1436 2680 1568 2730; x_wconf 82' lang='lat' dir='ltr'>feci!</span> <span class='ocrx_word' id='word_1_162' title='bbox 1610 2695 1718 2745; x_wconf 91' lang='lat' dir='ltr'>quo</span> <span class='ocrx_word' id='word_1_163' title='bbox 1757 2679 1914 2729; x_wconf 89' lang='lat' dir='ltr'>modo</span> <span class='ocrx_word' id='word_1_164' title='bbox 1952 2695 2068 2730; x_wconf 83' lang='lat' dir='ltr'>sum</span> <span class='ocrx_word' id='word_1_165' title='bbox 2106 2681 2414 2730; x_wconf 86' lang='lat' dir='ltr'>insectatus</span> <span class='ocrx_word' id='word_1_166' title='bbox 2451 2678 2734 2729; x_wconf 83' lang='lat' dir='ltr'>leuitatem</span> <span class='ocrx_word' id='word_1_167' title='bbox 2760 2694 2974 2741; x_wconf 88' lang='lat' dir='ltr'>senum,</span> 
     </span>
     <span class='ocr_line' id='line_1_25' title="bbox 680 2745 2975 2812; baseline -0.002 -14"><span class='ocrx_word' id='word_1_168' title='bbox 680 2749 962 2799; x_wconf 86' lang='lat' dir='ltr'>libidinem</span> <span class='ocrx_word' id='word_1_169' title='bbox 999 2747 1324 2799; x_wconf 86' lang='lat' dir='ltr'>iuuentutis.</span> <span class='ocrx_word' id='word_1_170' title='bbox 1330 2746 1345 2770; x_wconf 85' lang='lat'>&#39;</span> <span class='ocrx_word' id='word_1_171' title='bbox 1419 2747 1648 2798; x_wconf 88' lang='lat' dir='ltr'>Seruum</span> <span class='ocrx_word' id='word_1_172' title='bbox 1685 2746 1778 2797; x_wconf 89' lang='lat' dir='ltr'>uel</span> <span class='ocrx_word' id='word_1_173' title='bbox 1816 2748 2120 2812; x_wconf 78' lang='lat' dir='ltr'>parasitum</span> <span class='ocrx_word' id='word_1_174' title='bbox 2146 2747 2204 2797; x_wconf 89' lang='lat' dir='ltr'>in</span> <span class='ocrx_word' id='word_1_175' title='bbox 2230 2746 2512 2798; x_wconf 88' lang='lat' dir='ltr'>comoedia</span> <span class='ocrx_word' id='word_1_176' title='bbox 2550 2745 2879 2812; x_wconf 80' lang='lat' dir='ltr'>gloriantem</span> <span class='ocrx_word' id='word_1_177' title='bbox 2918 2752 2975 2796; x_wconf 86' lang='lat' dir='ltr'>et</span> 
     </span>
     <span class='ocr_line' id='line_1_26' title="bbox 679 2814 2973 2881; baseline -0.001 -15"><span class='ocrx_word' id='word_1_178' title='bbox 679 2818 952 2881; x_wconf 79' lang='lat' dir='ltr'>tragicum</span> <span class='ocrx_word' id='word_1_179' title='bbox 991 2816 1228 2867; x_wconf 88' lang='lat' dir='ltr'>colorem</span> <span class='ocrx_word' id='word_1_180' title='bbox 1270 2815 1642 2866; x_wconf 80' lang='lat' dir='ltr'>adfectantem</span> <span class='ocrx_word' id='word_1_181' title='bbox 1689 2814 1790 2865; x_wconf 89' lang='lat' dir='ltr'>illa</span> <span class='ocrx_word' id='word_1_182' title='bbox 1829 2816 2151 2880; x_wconf 84' lang='lat' dir='ltr'>praedicare</span> <span class='ocrx_word' id='word_1_183' title='bbox 2200 2815 2444 2880; x_wconf 86' lang='lat' dir='ltr'>potuisse</span> <span class='ocrx_word' id='word_1_184' title='bbox 2493 2815 2803 2879; x_wconf 82' lang='lat' dir='ltr'>suspicatus</span> <span class='ocrx_word' id='word_1_185' title='bbox 2839 2829 2973 2864; x_wconf 87' lang='lat' dir='ltr'>sum.</span> 
     </span>
    </p>

    <p class='ocr_par' dir='ltr' id='par_1_12' title="bbox 676 2881 2975 3693">
     <span class='ocr_line' id='line_1_27' title="bbox 815 2881 2971 2948; baseline -0.001 -16"><span class='ocrx_word' id='word_1_186' title='bbox 815 2884 1018 2935; x_wconf 86' lang='lat' dir='ltr'>XLVII</span> <span class='ocrx_word' id='word_1_187' title='bbox 1056 2886 1261 2934; x_wconf 84' lang='lat' dir='ltr'>Festus</span> <span class='ocrx_word' id='word_1_188' title='bbox 1298 2899 1349 2948; x_wconf 93' lang='lat' dir='ltr'>p.</span> <span class='ocrx_word' id='word_1_189' title='bbox 1392 2885 1489 2934; x_wconf 83' lang='lat'>153</span> <span class='ocrx_word' id='word_1_190' title='bbox 1514 2883 1585 2933; x_wconf 81' lang='lat' dir='ltr'>M.</span> <span class='ocrx_word' id='word_1_191' title='bbox 1625 2884 2062 2947; x_wconf 78' lang='lat' dir='ltr'>‘metonymia</span> <span class='ocrx_word' id='word_1_192' title='bbox 2098 2889 2182 2933; x_wconf 88' lang='lat' dir='ltr'>est</span> <span class='ocrx_word' id='word_1_193' title='bbox 2219 2887 2431 2946; x_wconf 84' lang='lat' dir='ltr'>tropos,</span> <span class='ocrx_word' id='word_1_194' title='bbox 2472 2898 2593 2932; x_wconf 89' lang='lat' dir='ltr'>cum</span> <span class='ocrx_word' id='word_1_195' title='bbox 2630 2882 2698 2931; x_wconf 87' lang='lat' dir='ltr'>ab</span> <span class='ocrx_word' id='word_1_196' title='bbox 2739 2898 2802 2932; x_wconf 90' lang='lat' dir='ltr'>eo</span> <span class='ocrx_word' id='word_1_197' title='bbox 2830 2881 2971 2945; x_wconf 86' lang='lat' dir='ltr'>quod</span> 
     </span>
     <span class='ocr_line' id='line_1_28' title="bbox 678 2946 2969 3017; baseline -0.001 -16"><span class='ocrx_word' id='word_1_198' title='bbox 678 2953 926 3002; x_wconf 81' lang='lat' dir='ltr'>continet</span> <span class='ocrx_word' id='word_1_199' title='bbox 978 2951 1327 3017; x_wconf 80' lang='lat' dir='ltr'>significatur</span> <span class='ocrx_word' id='word_1_200' title='bbox 1374 2951 1428 3000; x_wconf 90' lang='lat' dir='ltr'>id</span> <span class='ocrx_word' id='word_1_201' title='bbox 1486 2951 1627 3015; x_wconf 88' lang='lat' dir='ltr'>quod</span> <span class='ocrx_word' id='word_1_202' title='bbox 1675 2953 2021 3012; x_wconf 83' lang='lat' dir='ltr'>continetur,</span> <span class='ocrx_word' id='word_1_203' title='bbox 2071 2955 2169 3000; x_wconf 85' lang='lat' dir='ltr'>aut</span> <span class='ocrx_word' id='word_1_204' title='bbox 2225 2951 2469 3014; x_wconf 85' lang='lat' dir='ltr'>superior</span> <span class='ocrx_word' id='word_1_205' title='bbox 2514 2950 2804 3011; x_wconf 79' lang='lat' dir='ltr'>inferiore,</span> <span class='ocrx_word' id='word_1_206' title='bbox 2856 2946 2969 2998; x_wconf 87' lang='lat' dir='ltr'>aut‘</span> 
     </span>
     <span class='ocr_line' id='line_1_29' title="bbox 680 2991 2970 3085; baseline -0.002 -16"><span class='ocrx_word' id='word_1_207' title='bbox 680 3024 806 3081; x_wconf 73' lang='lat' dir='ltr'>(⁴&#39;et’</span> <span class='ocrx_word' id='word_1_208' title='bbox 847 3018 997 3085; x_wconf 86' lang='lat' dir='ltr'>cod.)</span> <span class='ocrx_word' id='word_1_209' title='bbox 1033 3020 1290 3070; x_wconf 88' lang='lat' dir='ltr'>inferior</span> <span class='ocrx_word' id='word_1_210' title='bbox 1326 3020 1626 3083; x_wconf 84' lang='lat' dir='ltr'>superiore.</span> <span class='ocrx_word' id='word_1_211' title='bbox 1704 3020 1861 3081; x_wconf 80' lang='lat' dir='ltr'>Quae</span> <span class='ocrx_word' id='word_1_212' title='bbox 1909 2991 2159 3069; x_wconf 56' lang='lat' dir='ltr'>con’tinet</span> <span class='ocrx_word' id='word_1_213' title='bbox 2197 3017 2336 3082; x_wconf 89' lang='lat' dir='ltr'>quod</span> <span class='ocrx_word' id='word_1_214' title='bbox 2386 3018 2728 3079; x_wconf 87' lang='lat' dir='ltr'>continetur,</span> <span class='ocrx_word' id='word_1_215' title='bbox 2764 3021 2826 3066; x_wconf 83' lang='lat' dir='ltr'>ut</span> <span class='ocrx_word' id='word_1_216' title='bbox 2861 3016 2970 3065; x_wconf 87' lang='lat' dir='ltr'>En-</span> 
     </span>
     <span class='ocr_line' id='line_1_30' title="bbox 677 3054 2975 3152; baseline -0.001 -16"><span class='ocrx_word' id='word_1_217' title='bbox 677 3088 802 3138; x_wconf 87' lang='lat' dir='ltr'>nius</span> <span class='ocrx_word' id='word_1_218' title='bbox 841 3115 902 3123; x_wconf 91' lang='lat'>—-</span> <span class='ocrx_word' id='word_1_219' title='bbox 944 3088 1013 3136; x_wconf 90' lang='lat' dir='ltr'>ab</span> <span class='ocrx_word' id='word_1_220' title='bbox 1052 3103 1116 3137; x_wconf 88' lang='lat' dir='ltr'>eo</span> <span class='ocrx_word' id='word_1_221' title='bbox 1155 3087 1299 3152; x_wconf 90' lang='lat' dir='ltr'>quod</span> <span class='ocrx_word' id='word_1_222' title='bbox 1337 3088 1652 3136; x_wconf 85' lang='lat' dir='ltr'>continetur</span> <span class='ocrx_word' id='word_1_223' title='bbox 1687 3086 1741 3135; x_wconf 86' lang='lat' dir='ltr'>id</span> <span class='ocrx_word' id='word_1_224' title='bbox 1780 3085 1920 3152; x_wconf 90' lang='lat' dir='ltr'>quod</span> <span class='ocrx_word' id='word_1_225' title='bbox 1960 3087 2236 3147; x_wconf 81' lang='lat' dir='ltr'>continet,</span> <span class='ocrx_word' id='word_1_226' title='bbox 2282 3092 2341 3135; x_wconf 87' lang='lat' dir='ltr'>ut</span> <span class='ocrx_word' id='word_1_227' title='bbox 2380 3100 2498 3135; x_wconf 90' lang='lat' dir='ltr'>cum</span> <span class='ocrx_word' id='word_1_228' title='bbox 2539 3054 2765 3135; x_wconf 71' lang='lat' dir='ltr'>dicuni-z</span> <span class='ocrx_word' id='word_1_229' title='bbox 2807 3088 2975 3149; x_wconf 83' lang='lat' dir='ltr'>epota</span> 
     </span>
     <span class='ocr_line' id='line_1_31' title="bbox 676 3147 2972 3221; baseline -0.002 -17"><span class='ocrx_word' id='word_1_230' title='bbox 676 3155 940 3221; x_wconf 81' lang='lat' dir='ltr'>amphora</span> <span class='ocrx_word' id='word_1_231' title='bbox 977 3155 1109 3204; x_wconf 89' lang='lat' dir='ltr'>uini.</span> <span class='ocrx_word' id='word_1_232' title='bbox 1184 3170 1217 3204; x_wconf 86' lang='lat' dir='ltr'>a</span> <span class='ocrx_word' id='word_1_233' title='bbox 1243 3155 1526 3218; x_wconf 84' lang='lat' dir='ltr'>superiore</span> <span class='ocrx_word' id='word_1_234' title='bbox 1551 3154 1809 3212; x_wconf 87' lang='lat' dir='ltr'>inferior,</span> <span class='ocrx_word' id='word_1_235' title='bbox 1846 3159 1910 3204; x_wconf 87' lang='lat' dir='ltr'>ut</span> <span class='ocrx_word' id='word_1_236' title='bbox 1945 3155 2157 3204; x_wconf 86' lang='lat' dir='ltr'>Ennius</span> <span class='ocrx_word' id='word_1_237' title='bbox 2193 3180 2255 3188; x_wconf 94' lang='lat'><strong>—</strong></span> <span class='ocrx_word' id='word_1_238' title='bbox 2298 3154 2366 3202; x_wconf 85' lang='lat' dir='ltr'>ab</span> <span class='ocrx_word' id='word_1_239' title='bbox 2403 3147 2672 3202; x_wconf 78' lang='lat' dir='ltr'>inferiore</span> <span class='ocrx_word' id='word_1_240' title='bbox 2710 3152 2972 3217; x_wconf 89' lang='lat' dir='ltr'>superior,</span> 
     </span>
     <span class='ocr_line' id='line_1_32' title="bbox 676 3217 2973 3304; baseline -0.002 -32"><span class='ocrx_word' id='word_1_241' title='bbox 676 3228 760 3272; x_wconf 89' lang='lat' dir='ltr'>ut.</span> <span class='ocrx_word' id='word_1_242' title='bbox 810 3224 1188 3304; x_wconf 81' lang='lat' dir='ltr'>persuasit’</span> <span class='ocrx_word' id='word_1_243' title='bbox 1237 3238 1287 3275; x_wconf 87' lang='lat' dir='ltr'>e.</span> <span class='ocrx_word' id='word_1_244' title='bbox 1335 3237 1398 3301; x_wconf 92' lang='lat' dir='ltr'>q.</span> <span class='ocrx_word' id='word_1_245' title='bbox 1436 3237 1476 3274; x_wconf 83' lang='lat' dir='ltr'>s.</span> <span class='ocrx_word' id='word_1_246' title='bbox 1576 3223 1784 3271; x_wconf 85' lang='lat' dir='ltr'>Poetae</span> <span class='ocrx_word' id='word_1_247' title='bbox 1841 3223 2116 3303; x_wconf 81' lang='lat' dir='ltr'>anonymi</span> <span class='ocrx_word' id='word_1_248' title='bbox 2146 3222 2345 3272; x_wconf 84' lang='lat' dir='ltr'>Graeci</span> <span class='ocrx_word' id='word_1_249' title='bbox 2391 3218 2723 3282; x_wconf 87' lang='lat' dir='ltr'>(CCCXLII</span> <span class='ocrx_word' id='word_1_250' title='bbox 2769 3217 2973 3299; x_wconf 81' lang='lat' dir='ltr'>Mein.)</span> 
     </span>
     <span class='ocr_line' id='line_1_33' title="bbox 676 3281 2972 3353; baseline -0.002 -13"><span class='ocrx_word' id='word_1_251' title='bbox 676 3282 832 3350; x_wconf 76' lang='grc' dir='ltr'><strong><em>οἶνός</em></strong></span> <span class='ocrx_word' id='word_1_252' title='bbox 879 3282 942 3353; x_wconf 87' lang='grc' dir='ltr'>μ’</span> <span class='ocrx_word' id='word_1_253' title='bbox 982 3285 1173 3340; x_wconf 77' lang='grc' dir='ltr'><strong>ἔπεισε</strong></span> <span class='ocrx_word' id='word_1_254' title='bbox 1222 3283 1517 3352; x_wconf 76' lang='grc' dir='ltr'>δαιμόνων</span> <span class='ocrx_word' id='word_1_255' title='bbox 1562 3281 1882 3353; x_wconf 79' lang='grc' dir='ltr'><strong><em>ὑπέρτατος</em></strong></span> <span class='ocrx_word' id='word_1_256' title='bbox 1926 3290 2120 3341; x_wconf 90' lang='lat' dir='ltr'>comici</span> <span class='ocrx_word' id='word_1_257' title='bbox 2166 3305 2237 3338; x_wconf 86' lang='lat' dir='ltr'>an</span> <span class='ocrx_word' id='word_1_258' title='bbox 2285 3290 2482 3351; x_wconf 81' lang='lat' dir='ltr'>tragici</span> <span class='ocrx_word' id='word_1_259' title='bbox 2526 3302 2719 3337; x_wconf 84' lang='lat' dir='ltr'>uersus</span> <span class='ocrx_word' id='word_1_260' title='bbox 2765 3287 2840 3335; x_wconf 87' lang='lat' dir='ltr'>sit</span> <span class='ocrx_word' id='word_1_261' title='bbox 2887 3289 2972 3337; x_wconf 91' lang='lat' dir='ltr'>in-</span> 
     </span>
     <span class='ocr_line' id='line_1_34' title="bbox 678 3356 2972 3419; baseline -0.002 -11"><span class='ocrx_word' id='word_1_262' title='bbox 678 3363 886 3408; x_wconf 88' lang='lat' dir='ltr'>certum</span> <span class='ocrx_word' id='word_1_263' title='bbox 936 3358 1073 3407; x_wconf 90' lang='lat' dir='ltr'>dicit</span> <span class='ocrx_word' id='word_1_264' title='bbox 1118 3356 1451 3407; x_wconf 87' lang='lat' dir='ltr'>Meinekins.</span> <span class='ocrx_word' id='word_1_265' title='bbox 1659 3356 1896 3407; x_wconf 87' lang='lat' dir='ltr'>XLVIII</span> <span class='ocrx_word' id='word_1_266' title='bbox 1932 3356 2144 3408; x_wconf 87' lang='lat' dir='ltr'>Gellius</span> <span class='ocrx_word' id='word_1_267' title='bbox 2180 3356 2314 3406; x_wconf 86' lang='lat' dir='ltr'>XIII</span> <span class='ocrx_word' id='word_1_268' title='bbox 2358 3359 2445 3418; x_wconf 88' lang='lat'>11,</span> <span class='ocrx_word' id='word_1_269' title='bbox 2496 3358 2523 3406; x_wconf 78' lang='lat'><strong>7</strong></span> <span class='ocrx_word' id='word_1_270' title='bbox 2564 3356 2721 3405; x_wconf 78' lang='lat' dir='ltr'>‘uina</span> <span class='ocrx_word' id='word_1_271' title='bbox 2758 3369 2972 3419; x_wconf 89' lang='lat' dir='ltr'>quoque</span> 
     </span>
     <span class='ocr_line' id='line_1_35' title="bbox 676 3420 2973 3489; baseline -0.002 -15"><span class='ocrx_word' id='word_1_272' title='bbox 676 3425 925 3476; x_wconf 83' lang='lat' dir='ltr'>dulciora</span> <span class='ocrx_word' id='word_1_273' title='bbox 976 3430 1062 3475; x_wconf 86' lang='lat' dir='ltr'>est</span> <span class='ocrx_word' id='word_1_274' title='bbox 1108 3425 1357 3475; x_wconf 88' lang='lat' dir='ltr'>inuenire</span> <span class='ocrx_word' id='word_1_275' title='bbox 1404 3425 1463 3473; x_wconf 90' lang='lat' dir='ltr'>in</span> <span class='ocrx_word' id='word_1_276' title='bbox 1499 3424 1794 3475; x_wconf 88' lang='lat' dir='ltr'>comoediis</span> <span class='ocrx_word' id='word_1_277' title='bbox 1841 3425 2242 3489; x_wconf 85' lang='lat' dir='ltr'>antiquioribus</span> <span class='ocrx_word' id='word_1_278' title='bbox 2280 3423 2383 3473; x_wconf 89' lang='lat' dir='ltr'>hoc</span> <span class='ocrx_word' id='word_1_279' title='bbox 2421 3424 2640 3473; x_wconf 88' lang='lat' dir='ltr'>nomine</span> <span class='ocrx_word' id='word_1_280' title='bbox 2688 3420 2973 3486; x_wconf 82' lang='lat' dir='ltr'>appellata</span> 
     </span>
     <span class='ocr_line' id='line_1_36' title="bbox 680 3489 2971 3557; baseline -0.002 -16"><span class='ocrx_word' id='word_1_281' title='bbox 680 3493 938 3557; x_wconf 87' lang='lat' dir='ltr'>dictaque</span> <span class='ocrx_word' id='word_1_282' title='bbox 976 3507 1099 3542; x_wconf 88' lang='lat' dir='ltr'>esse</span> <span class='ocrx_word' id='word_1_283' title='bbox 1141 3508 1209 3542; x_wconf 86' lang='lat' dir='ltr'>ea</span> <span class='ocrx_word' id='word_1_284' title='bbox 1247 3492 1485 3552; x_wconf 85' lang='lat' dir='ltr'>Liberi</span> <span class='ocrx_word' id='word_1_285' title='bbox 1525 3493 1841 3544; x_wconf 86' lang='lat' dir='ltr'>bellaria.</span> <span class='ocrx_word' id='word_1_286' title='bbox 1852 3496 1867 3522; x_wconf 86' lang='lat'>’</span> <span class='ocrx_word' id='word_1_287' title='bbox 2073 3492 2252 3541; x_wconf 87' lang='lat' dir='ltr'>XLIX</span> <span class='ocrx_word' id='word_1_288' title='bbox 2291 3490 2488 3541; x_wconf 88' lang='lat' dir='ltr'>Cicero</span> <span class='ocrx_word' id='word_1_289' title='bbox 2534 3491 2698 3555; x_wconf 84' lang='lat' dir='ltr'>epist.</span> <span class='ocrx_word' id='word_1_290' title='bbox 2750 3489 2818 3538; x_wconf 84' lang='lat' dir='ltr'>ad</span> <span class='ocrx_word' id='word_1_291' title='bbox 2855 3489 2971 3540; x_wconf 87' lang='lat' dir='ltr'>Att.</span> 
     </span>
     <span class='ocr_line' id='line_1_37' title="bbox 677 3549 2972 3625; baseline -0.001 -17"><span class='ocrx_word' id='word_1_292' title='bbox 677 3561 720 3608; x_wconf 95' lang='lat' dir='ltr'>V</span> <span class='ocrx_word' id='word_1_293' title='bbox 769 3563 832 3611; x_wconf 85' lang='lat'>15</span> <span class='ocrx_word' id='word_1_294' title='bbox 880 3565 1002 3610; x_wconf 76' lang='lat' dir='ltr'>‘est</span> <span class='ocrx_word' id='word_1_295' title='bbox 1054 3549 1406 3621; x_wconf 88' lang='lat' dir='ltr'>incredibile,</span> <span class='ocrx_word' id='word_1_296' title='bbox 1462 3576 1622 3625; x_wconf 85' lang='lat' dir='ltr'>quam</span> <span class='ocrx_word' id='word_1_297' title='bbox 1678 3576 1763 3609; x_wconf 91' lang='lat' dir='ltr'>me</span> <span class='ocrx_word' id='word_1_298' title='bbox 1819 3560 2028 3625; x_wconf 83' lang='lat' dir='ltr'>negotii</span> <span class='ocrx_word' id='word_1_299' title='bbox 2091 3559 2334 3610; x_wconf 82' lang='lat' dir='ltr'>taedeat.</span> <span class='ocrx_word' id='word_1_300' title='bbox 2430 3557 2552 3607; x_wconf 88' lang='lat' dir='ltr'>Non</span> <span class='ocrx_word' id='word_1_301' title='bbox 2611 3558 2779 3607; x_wconf 86' lang='lat' dir='ltr'>habet</span> <span class='ocrx_word' id='word_1_302' title='bbox 2833 3557 2972 3606; x_wconf 84' lang='lat' dir='ltr'>satis</span> 
     </span>
     <span class='ocr_line' id='line_1_38' title="bbox 678 3625 2973 3693; baseline -0.002 -15"><span class='ocrx_word' id='word_1_303' title='bbox 678 3643 933 3693; x_wconf 82' lang='lat' dir='ltr'>magnum</span> <span class='ocrx_word' id='word_1_304' title='bbox 973 3642 1221 3692; x_wconf 86' lang='lat' dir='ltr'>campum</span> <span class='ocrx_word' id='word_1_305' title='bbox 1258 3627 1349 3678; x_wconf 91' lang='lat' dir='ltr'>ille</span> <span class='ocrx_word' id='word_1_306' title='bbox 1389 3629 1492 3680; x_wconf 89' lang='lat' dir='ltr'>tibi</span> <span class='ocrx_word' id='word_1_307' title='bbox 1531 3645 1638 3679; x_wconf 90' lang='lat' dir='ltr'>non</span> <span class='ocrx_word' id='word_1_308' title='bbox 1678 3630 1899 3692; x_wconf 84' lang='lat' dir='ltr'>ignotus</span> <span class='ocrx_word' id='word_1_309' title='bbox 1937 3642 2127 3678; x_wconf 87' lang='lat' dir='ltr'>cursus</span> <span class='ocrx_word' id='word_1_310' title='bbox 2165 3627 2331 3676; x_wconf 88' lang='lat' dir='ltr'>animi</span> <span class='ocrx_word' id='word_1_311' title='bbox 2370 3631 2428 3676; x_wconf 89' lang='lat' dir='ltr'>et</span> <span class='ocrx_word' id='word_1_312' title='bbox 2476 3625 2782 3675; x_wconf 80' lang='lat' dir='ltr'>industriae</span> <span class='ocrx_word' id='word_1_313' title='bbox 2817 3639 2973 3675; x_wconf 81' lang='lat' dir='ltr'>mese</span> 
     </span>
    </p>
   </div>
   <div class='ocr_carea' id='block_1_7' title="bbox 666 3789 2972 4368">
    <p class='ocr_par' dir='ltr' id='par_1_13' title="bbox 666 3789 2972 4368">
     <span class='ocr_line' id='line_1_39' title="bbox 675 3789 2971 3862; baseline -0.002 -17"><span class='ocrx_word' id='word_1_314' title='bbox 675 3792 1026 3846; x_wconf 78' lang='lat' dir='ltr'>clauseram.</span> <span class='ocrx_word' id='word_1_315' title='bbox 1104 3790 1363 3846; x_wconf 80' lang='lat' dir='ltr'>Cetern&#39;m</span> <span class='ocrx_word' id='word_1_316' title='bbox 1403 3791 1664 3862; x_wconf 79' lang='lat' dir='ltr'>fortasse</span> <span class='ocrx_word' id='word_1_317' title='bbox 1709 3806 1836 3843; x_wconf 88' lang='lat' dir='ltr'>num</span> <span class='ocrx_word' id='word_1_318' title='bbox 1884 3789 2219 3862; x_wconf 74' lang='lat' dir='ltr'>perpetiere?</span> <span class='ocrx_word' id='word_1_319' title='bbox 2298 3789 2683 3857; x_wconf 78' lang='lat' dir='ltr'>scribendum,</span> <span class='ocrx_word' id='word_1_320' title='bbox 2730 3803 2971 3859; x_wconf 79' lang='lat' dir='ltr'>sequen-</span> 
     </span>
     <span class='ocr_line' id='line_1_40' title="bbox 676 3870 2970 3947; baseline -0.003 -17"><span class='ocrx_word' id='word_1_321' title='bbox 676 3879 754 3930; x_wconf 76' lang='lat' dir='ltr'>tia</span> <span class='ocrx_word' id='word_1_322' title='bbox 802 3882 991 3931; x_wconf 80' lang='lat' dir='ltr'>autem</span> <span class='ocrx_word' id='word_1_323' title='bbox 1037 3891 1144 3930; x_wconf 87' lang='lat' dir='ltr'>non</span> <span class='ocrx_word' id='word_1_324' title='bbox 1192 3891 1306 3929; x_wconf 81' lang='lat' dir='ltr'>eam</span> <span class='ocrx_word' id='word_1_325' title='bbox 1351 3875 1619 3947; x_wconf 79' lang='lat' dir='ltr'>perferam</span> <span class='ocrx_word' id='word_1_326' title='bbox 1655 3878 1852 3945; x_wconf 79' lang='lat' dir='ltr'>priori</span> <span class='ocrx_word' id='word_1_327' title='bbox 1889 3889 2181 3945; x_wconf 82' lang='lat' dir='ltr'>personae</span> <span class='ocrx_word' id='word_1_328' title='bbox 2213 3874 2516 3929; x_wconf 78' lang='lat' dir='ltr'>tribuenda</span> <span class='ocrx_word' id='word_1_329' title='bbox 2690 3870 2815 3927; x_wconf 81' lang='lat' dir='ltr'>relci</span> <span class='ocrx_word' id='word_1_330' title='bbox 2862 3887 2970 3925; x_wconf 87' lang='lat' dir='ltr'>non</span> 
     </span>
     <span class='ocr_line' id='line_1_41' title="bbox 672 3953 2969 4033; baseline -0.003 -18"><span class='ocrx_word' id='word_1_331' title='bbox 672 3957 886 4033; x_wconf 76' lang='lat' dir='ltr'>potuit?</span> <span class='ocrx_word' id='word_1_332' title='bbox 932 3975 1040 4015; x_wconf 89' lang='lat' dir='ltr'>non</span> <span class='ocrx_word' id='word_1_333' title='bbox 1088 3958 1386 4032; x_wconf 73' lang='lat' dir='ltr'>perpetiar,</span> <span class='ocrx_word' id='word_1_334' title='bbox 1445 3975 1552 4014; x_wconf 89' lang='lat' dir='ltr'>non</span> <span class='ocrx_word' id='word_1_335' title='bbox 1600 3975 1714 4013; x_wconf 80' lang='lat' dir='ltr'>eam</span> <span class='ocrx_word' id='word_1_336' title='bbox 1770 3958 2033 4031; x_wconf 70' lang='lat' dir='ltr'>perferam</span> <span class='ocrx_word' id='word_1_337' title='bbox 2083 3959 2482 4014; x_wconf 76' lang='lat' dir='ltr'>Bueclzelarus</span> <span class='ocrx_word' id='word_1_338' title='bbox 2753 3955 2830 4010; x_wconf 80' lang='lat'>62</span> <span class='ocrx_word' id='word_1_339' title='bbox 2881 3953 2969 4025; x_wconf 82' lang='lat' dir='ltr'>Cf.</span> 
     </span>
     <span class='ocr_line' id='line_1_42' title="bbox 673 4039 2971 4116; baseline -0.003 -15"><span class='ocrx_word' id='word_1_340' title='bbox 673 4045 991 4101; x_wconf 78' lang='lat' dir='ltr'>Lobeclcius</span> <span class='ocrx_word' id='word_1_341' title='bbox 1021 4044 1300 4116; x_wconf 61' lang='lat' dir='ltr'>Aglaoplz.</span> <span class='ocrx_word' id='word_1_342' title='bbox 1339 4042 1499 4101; x_wconf 88' lang='lat'>1016</span> <span class='ocrx_word' id='word_1_343' title='bbox 1675 4043 1754 4099; x_wconf 83' lang='lat'>63</span> <span class='ocrx_word' id='word_1_344' title='bbox 1802 4045 1882 4098; x_wconf 84' lang='lat' dir='ltr'>ad</span> <span class='ocrx_word' id='word_1_345' title='bbox 1906 4044 2288 4114; x_wconf 77' lang='lat' dir='ltr'>supplendum</span> <span class='ocrx_word' id='word_1_346' title='bbox 2321 4058 2552 4098; x_wconf 80' lang='lat' dir='ltr'>uersum</span> <span class='ocrx_word' id='word_1_347' title='bbox 2585 4058 2663 4097; x_wconf 73' lang='lat' dir='ltr'>ea:</span> <span class='ocrx_word' id='word_1_348' title='bbox 2696 4039 2971 4096; x_wconf 81' lang='lat' dir='ltr'>Cicerone</span> 
     </span>
     <span class='ocr_line' id='line_1_43' title="bbox 672 4126 2972 4197; baseline -0.003 -12"><span class='ocrx_word' id='word_1_349' title='bbox 672 4131 726 4185; x_wconf 85' lang='lat' dir='ltr'>di</span> <span class='ocrx_word' id='word_1_350' title='bbox 773 4127 1088 4186; x_wconf 79' lang='lat' dir='ltr'>inmortales</span> <span class='ocrx_word' id='word_1_351' title='bbox 1135 4130 1360 4184; x_wconf 80' lang='lat' dir='ltr'>adsumi</span> <span class='ocrx_word' id='word_1_352' title='bbox 1396 4142 1567 4197; x_wconf 80' lang='lat' dir='ltr'>posse</span> <span class='ocrx_word' id='word_1_353' title='bbox 1601 4131 1815 4183; x_wconf 80' lang='lat' dir='ltr'>monui!</span> <span class='ocrx_word' id='word_1_354' title='bbox 1847 4129 2247 4183; x_wconf 70' lang='lat' dir='ltr'>Buecheler-us</span> <span class='ocrx_word' id='word_1_355' title='bbox 2419 4126 2498 4183; x_wconf 83' lang='lat'>64</span> <span class='ocrx_word' id='word_1_356' title='bbox 2543 4129 2700 4181; x_wconf 78' lang='lat' dir='ltr'>initio</span> <span class='ocrx_word' id='word_1_357' title='bbox 2733 4126 2803 4181; x_wconf 78' lang='lat' dir='ltr'>ita</span> <span class='ocrx_word' id='word_1_358' title='bbox 2834 4140 2972 4194; x_wconf 82' lang='lat' dir='ltr'>sup·</span> 
     </span>
     <span class='ocr_line' id='line_1_44' title="bbox 666 4210 2969 4286; baseline -0.004 -14"><span class='ocrx_word' id='word_1_359' title='bbox 666 4218 840 4286; x_wconf 78' lang='lat' dir='ltr'>pleas</span> <span class='ocrx_word' id='word_1_360' title='bbox 1013 4214 1189 4268; x_wconf 81' lang='lat' dir='ltr'>animo</span> <span class='ocrx_word' id='word_1_361' title='bbox 1235 4231 1339 4266; x_wconf 82' lang='lat' dir='ltr'>om.</span> <span class='ocrx_word' id='word_1_362' title='bbox 1375 4212 1715 4284; x_wconf 72' lang='lat' dir='ltr'>Spenyelius</span> <span class='ocrx_word' id='word_1_363' title='bbox 1758 4214 1949 4268; x_wconf 79' lang='lat' dir='ltr'>diurn.</span> <span class='ocrx_word' id='word_1_364' title='bbox 1996 4217 2174 4284; x_wconf 80' lang='lat' dir='ltr'>antiq.</span> <span class='ocrx_word' id='word_1_365' title='bbox 2212 4211 2373 4267; x_wconf 73' lang='lat'>18:34</span> <span class='ocrx_word' id='word_1_366' title='bbox 2418 4228 2475 4280; x_wconf 86' lang='lat' dir='ltr'>p.</span> <span class='ocrx_word' id='word_1_367' title='bbox 2526 4210 2650 4285; x_wconf 70' lang='grc'>710</span> <span class='ocrx_word' id='word_1_368' title='bbox 2679 4213 2969 4264; x_wconf 82' lang='lat' dir='ltr'>senarium</span> 
     </span>
     <span class='ocr_line' id='line_1_45' title="bbox 674 4292 2967 4368; baseline -0.004 -12"><span class='ocrx_word' id='word_1_369' title='bbox 674 4301 969 4357; x_wconf 76' lang='lat' dir='ltr'>dimetiens</span> <span class='ocrx_word' id='word_1_370' title='bbox 1129 4295 1206 4352; x_wconf 81' lang='grc'>66</span> <span class='ocrx_word' id='word_1_371' title='bbox 1240 4312 1324 4368; x_wconf 81' lang='lat' dir='ltr'>sq.</span> <span class='ocrx_word' id='word_1_372' title='bbox 1359 4302 1751 4368; x_wconf 78' lang='lat' dir='ltr'>septenarium</span> <span class='ocrx_word' id='word_1_373' title='bbox 1783 4301 2074 4354; x_wconf 78' lang='lat' dir='ltr'>constituit</span> <span class='ocrx_word' id='word_1_374' title='bbox 2109 4296 2507 4354; x_wconf 71' lang='lat' dir='ltr'>Buecheler-us</span> <span class='ocrx_word' id='word_1_375' title='bbox 2539 4294 2694 4351; x_wconf 81' lang='lat' dir='ltr'>Cani.</span> <span class='ocrx_word' id='word_1_376' title='bbox 2728 4294 2854 4349; x_wconf 81' lang='lat' dir='ltr'>Lat.</span> <span class='ocrx_word' id='word_1_377' title='bbox 2896 4292 2967 4347; x_wconf 89' lang='lat'>17</span> 
     </span>
    </p>
   </div>
  </div>
 </body>
</html>
