3400 5075
637 359 754 423 108
1427 360 1704 413 SEXTVS
1741 360 2131 411 'rvnmmvs

807 517 1020 602 Aegre
1068 516 1135 581 sd
1181 519 1343 601 pati,
1391 518 1540 601 quia
1584 517 1706 581 hos
1754 497 1889 580 dies
1937 516 2386 599 conpliiseulos

813 632 1233 715 Intereapedo
1282 633 1522 715 siimpti
1568 628 1860 695 faciundi
1900 630 2043 694 fuit.

1636 772 1766 837 VII
1814 770 1915 856 (6)

644 863 767 926 185
1094 909 1113 938 ,
2045 860 2213 925 forte
2262 862 2337 924 e6
2386 860 2486 923 die

807 975 1164 1040 Meretricis
1212 977 1290 1040 ad
1338 998 1439 1039 me
1488 975 1856 1039 delenificae
1903 980 1976 1039 ut
2020 970 2295 1039 'Atticae
2343 977 2782 1038 conuenerant

809 1090 1373 1175 Condixerantque
1434 1092 1660 1155 cenam
1709 1090 1877 1173 apud
1926 1111 2055 1173 me,
2112 1089 2310 1153 Thais
2368 1093 2559 1173 atque
2606 1088 2924 1171 Erotium,

808 1204 1106 1287 Antsfila,
1157 1203 1330 1291 [Lais
1341 1201 1380 1291 ,]
1430 1201 1731 1289 Pythias:
1781 1225 1903 1289 ego
1951 1206 2131 1269 extra
2177 1205 2369 1269 cubui
2416 1203 2717 1268 dominia.

1622 1336 1790 1401 vm
1835 1335 1935 1422 (3)

812 1493 1251 1508 .....
1342 1441 1507 1507 mira
1552 1442 1907 1507 lenitiidine

637 1559 765 1622 190
811 1558 908 1622 Ae
956 1559 1275 1623 suauitate
1324 1558 1629 1622 abiindat.

1658 1673 1752 1738 IX
1789 1671 1900 1761 ,(2)

916 1839 930 1852 .
1022 1811 1166 1852 cum
1213 1791 1276 1851 te
1325 1789 1573 1852 saluom
1620 1788 1838 1870 uide0‚
1872 1791 1958 1862 ‚ut
2002 1785 2207 1869 uolui,
2253 1785 2489 1869 gliscor
2536 1785 2790 1870 galidio.

1653 1902 1713 1966 x
1761 1900 1904 1985 (11)

808 2015 1099 2082 'Vtinam
1144 2018 1386 2105 possim
1433 2016 1556 2081 tibi
1604 2016 1841 2080 referre
1889 2015 2161 2100 gratias»,
2207 2018 2281 2078 ut
2326 2015 2637 2079 demeres!

1653 2131 1749 2195 xl
1798 2127 1900 2217 (9)

810 2244 1061 2310 Deinde
1108 2269 1250 2310 eum
1300 2246 1380 2310 ad
1427 2250 1490 2309 te
1537 2246 1798 2323 redierit
1843 2267 1943 2309 res
2002 2245 2154 2309 olim
2211 2249 2360 2329 post
2405 2246 2677 2309 mortem
2722 2247 2926 2330 patris

616 2426 717 2491 'tes
744 2441 927 2491 multis
955 2442 1115 2491 annis
1154 2440 1375 2503 dicunt,
1412 2440 1612 2490 multos
1641 2456 1815 2490 annos
1838 2440 2037 2490 melius
2062 2439 2297 2489 dixerint
2323 2476 2334 2488 .
2361 2477 2373 2490 .
2400 2442 2435 2489 .'
2576 2440 2680 2489 vll
2715 2440 2925 2490 Nonius

632 2510 753 2573 281,
781 2512 847 2559 26
874 2509 1147 2559 ‘dominus
1174 2524 1385 2559 rursum
1415 2508 1724 2574 appellatur
1750 2508 1990 2559 conuiuii
2026 2507 2324 2569 exhibitor,
2362 2505 2507 2557 unde
2535 2510 2593 2556 et
2626 2506 2924 2557 dominia

632 2578 891 2626 conuiuia.
917 2620 928 2630 .
958 2619 969 2630 .
1001 2582 1038 2626 .’
1177 2576 1312 2627 VIII
1346 2577 1557 2627 Nonius
1598 2580 1719 2637 132,
1764 2580 1785 2625 1
1827 2574 2245 2625 ‘lenitudine
2284 2591 2379 2640 pro
2418 2575 2700 2627 lenitate)
2845 2577 2923 2626 IX

630 2645 837 2694 Nonius
872 2648 965 2705 22,
1008 2647 1067 2695 13
1105 2644 1368 2709 ‘gliscit
1404 2649 1490 2693 est
1526 2644 1875 2709 congelascit
1900 2649 1957 2693 et
1981 2641 2262 2706 colligitur
2288 2642 2374 2693 uel
2403 2643 2604 2692 erescit
2638 2642 2729 2692 uel
2769 2645 2922 2706 igne·

632 2713 779 2764 scit)
919 2714 966 2761 X
1006 2713 1215 2761 Nonius
1239 2714 1358 2774 468,
1387 2714 1446 2761 17
1486 2716 1719 2761 ‘meret
1743 2726 1840 2775 pro
1867 2714 2108 2761 meretur
2131 2746 2145 2760 .
2173 2746 2186 2760 .
2212 2714 2250 2758 .’
2391 2711 2464 2759 XI
2502 2709 2711 2760 Nonius
2748 2713 2865 2772 358,
2892 2713 2922 2760 4

807 2888 923 2945 183
970 2905 1163 2962 aegere
1210 2890 1281 2942 W
1316 2878 1376 2960 p}
1408 2888 1529 2946 484
1578 2905 1709 2961 egre
1737 2890 1874 2945 libri
1896 2907 1956 2959 p.
1992 2886 2113 2944 525
2287 2887 2338 2942 id
2385 2906 2489 2944 om.
2533 2889 2670 2944 libri
2705 2906 2768 2959 p.
2800 2886 2922 2943 525

801 2975 903 3029 hoe
944 2975 1079 3029 libri
1117 2991 1176 3044 p.
1223 2973 1345 3028 484
1517 2970 1862 3045 coplusoulos
1911 2973 2109 3027 Bamb.
2155 2990 2216 3044 p.
2249 2971 2371 3028 484
2592 2971 2712 3029 184
2756 2973 2923 3027 inter·

631 3057 862 3131 capeilos
910 3059 1113 3113 Bamb.
1151 3076 1216 3129 p.
1250 3057 1371 3113 525
1480 3123 1489 3132 ρ
1532 3056 1757 3128 faciendi
1803 3056 2005 3112 Bamb.
2050 3075 2110 3127 p.
2162 3055 2285 3113 484
2460 3055 2578 3113 186
2624 3057 2922 3112 meretricis
2985 3084 2997 3093 ·

631 3145 964 3198 nominatius·
1000 3144 1157 3212 plur.
1200 3142 1450 3213 formam
1492 3148 1717 3197 mutare
1761 3144 1921 3197 nolui
2089 3139 2397 3197 delenificae
2443 3141 2647 3196 Iunius
2691 3145 2747 3195 in
2794 3160 2921 3213 my„

631 3228 858 3297 Lipsius
913 3242 1002 3296 ep.
1063 3244 1153 3298 qu.
1230 3226 1276 3281 V
1335 3225 1409 3280 12
1467 3225 1756 3281 delenitate
1810 3226 1973 3297 libri,
2043 3228 2156 3281 nisi
2209 3227 2361 3297 quod
2412 3224 2690 3281 delinitate
2746 3223 2920 3280 Harl.

630 3310 1178 3366 delicatae-Bolhius
1225 3309 1259 3364 2
1434 3317 1494 3364 ut
1537 3311 1746 3365 Atticae
1789 3308 2158 3382 Grauiosftus
2200 3310 2405 3364 Atticae
2452 3317 2511 3364 ut
2553 3310 2689 3365 libri
2856 3308 2923 3364 de

633 3396 906 3451 uicinitate
961 3394 1168 3466 aliquae
1223 3393 1600 3449 conuenerant
1654 3394 1965 3450 Maduieus
2020 3396 2247 3450 advers.
2303 3397 2435 3448 crit.
2484 3394 2523 3449 I
2572 3393 2690 3448 152
2743 3396 2923 3464 plane

630 3480 936 3535 horribiles
990 3481 1255 3534 senarios
1310 3479 1623 3547 dimensus,
1684 3479 1889 3551 quibus
1945 3481 2116 3533 aurei
2167 3481 2261 3534 sui
2297 3481 2608 3549 praecepti
2647 3476 2743 3531 ‘ne
2796 3480 2924 3549 quis

627 3567 777 3634 fines
833 3564 1123 3618 transiliat
1170 3569 1224 3618 el
1269 3564 1349 3618 ad
1389 3578 1492 3634 ea,
1548 3565 1754 3635 quibus
1799 3581 1910 3617 non
1966 3562 2251 3633 sufficiat,
2290 3559 2730 3635 proyredialur'
2779 3560 2838 3632 (l.
2881 3563 2922 3615 l.

634 3649 668 3702 I
709 3643 805 3720 96)
842 3647 1207 3728 'luculentum
1251 3651 1374 3719 ipse
1412 3651 1709 3718 praestilit
1738 3649 2082 3718 exemplum.
2262 3646 2378 3702 186
2426 3663 2509 3719 sq.
2556 3652 2925 3702 conuenerant

629 3756 1087 3830 condixerantque
1132 3757 1339 3814 Iunius
1383 3761 1441 3812 in
1486 3775 1617 3829 my„
1663 3756 1894 3825 Lipsius
1935 3763 2267 3810 conuenerat
2311 3732 2365 3826 (3
2412 3754 2611 3825 Harl.)
2657 3773 2765 3827 quo
2811 3754 2924 3810 dix·

630 3849 785 3896 crant
817 3857 952 3913 quae
980 3842 1116 3897 libri
1288 3841 1405 3898 187
1439 3856 1653 3895 caenam
1688 3838 1864 3894 Harl.
2038 3839 2155 3893 Tais
2187 3841 2322 3895 libri
2342 3842 2612 3912 plerique
2642 3840 2718 3893 ais
2750 3839 2921 3894 Harl.

803 3924 921 3982 188
967 3923 1086 3980 Lais
1144 3928 1360 3994 addidi,
1420 3943 1525 3982 om.
1581 3925 1721 3979 libri
1888 3923 2077 3995 Pythis
2126 3923 2489 3996 Grautoffius
2689 3921 2924 3977 dominia

633 4016 880 4066 testatur
934 4009 1157 4066 Nonius
1211 4010 1424 4065 domina
1476 4009 1612 4064 libri
1795 4007 2035 4064 Versum
2081 4008 2448 4079 Grauiosftus
2482 4023 2720 4078 pessum
2773 4008 2925 4061 dedii

632 4100 885 4149 celerum
941 4097 1272 4151 octonarios
1322 4096 1547 4164 primus
1601 4094 1893 4148 dimensus
2077 4092 2194 4147 191
2250 4092 2428 4147 solum
2483 4092 2659 4147 Harl.
2717 4090 2925 4144 saluum

632 4182 815 4235 celeri
862 4180 999 4234 libri
1195 4177 1398 4250 gliscor
1449 4179 1612 4242 libri,
1669 4179 1823 4249 quod
1875 4183 2068 4231 luetur
2121 4177 2488 4248 Grauloffius
2547 4176 2650 4248 (cf.
2705 4174 2926 4230 Nonius

625 4281 685 4333 p.
721 4261 865 4333 481,
898 4262 935 4319 3
985 4280 1038 4317 u.
1087 4256 1359 4334 gliscitur)
1405 4262 1578 4334 glisco
1611 4264 1781 4334 uulyo
1957 4259 2073 4317 192
2121 4261 2322 4332 possim
2367 4262 2488 4314 edd.
2536 4261 2749 4331 possint
2792 4259 2928 4312 libri

802 4347 1002 4419 gratias
1050 4346 1094 4415 (s
1140 4349 1196 4400 in
1244 4341 1385 4416 ras.)
1431 4346 1588 4401 Leid.
1640 4345 1783 4416 116,
1828 4363 1939 4417 quo
1986 4346 2417 4401 commendatur
2459 4344 2683 4416 gratiam
2736 4343 2927 4398 Balleia·
