3400 5075
989 248 1086 297 Ex
1124 245 1465 298 INCERTIS
1504 243 1978 297 INCERTORVM
2017 247 2327 296 FABVLIS
2692 246 2809 307 117

1596 402 1718 466 XX

1012 569 1024 581 .
1118 517 1483 583 omnimode
1531 540 1708 582 ames
1756 519 1884 603 que
1928 519 2070 583 ioco
2119 540 2247 601 qua
2294 520 2477 583 serio,

1578 632 1736 695 XXI

799 800 811 811 .
902 747 1230 812 Fortunae
1279 753 1433 813 sunt
1479 748 1943 814 committenda
1991 748 2225 812 omnia.

689 863 839 928 Sine
887 866 1000 947 spe
1047 885 1358 928 conamur
1404 864 1552 927 tilla.

1564 978 1754 1042 XXII

552 1095 639 1157 30
685 1093 912 1157 Artem
960 1115 1042 1157 ne
1090 1094 1333 1177 pudeat
1379 1094 1676 1177 proloqui
1726 1116 1920 1177 quam
1969 1093 2242 1157 factiteS.

1536 1208 1760 1271 XXIII

685 1323 817 1387 Ain
862 1322 1155 1405 tandem,
1201 1322 1395 1386 leno?
1488 1373 1501 1403 :
1596 1372 2145 1386 ......

1545 1435 1769 1501 XXIV

684 1552 807 1616 Sed
858 1552 979 1615 sibi
1029 1574 1173 1616 cum
1220 1549 1441 1615 tetulit
1486 1572 1792 1616 coronam
1839 1551 1921 1616 ob
1970 1553 2368 1637 colligandae
2416 1557 2694 1640 nuptiae,

680 1666 833 1731 Tibi
878 1667 1153 1749 ferebat3
1199 1671 1342 1729 clim
1392 1667 1740 1729 simulabat
1786 1669 1852 1730 se
1898 1667 2019 1731 sibi
2068 1668 2363 1733 alacrite'r
2411 1669 2578 1755 dare,

497 1888 724 1956 νητῶν).
968 1887 1069 1935 XX
1116 1888 1324 1938 Fronto
1372 1888 1537 1951 epist.
1583 1886 1652 1936 ad
1699 1887 1771 1937 M.
1819 1887 2118 1938 Caesarem
2163 1889 2189 1938 Ῑ
2236 1890 2268 1939 8
2314 1908 2367 1956 p.
2415 1894 2481 1942 24
2526 1894 2662 1943 Nab.
2711 1892 2800 1958 (56

495 1959 652 2010 Nicb.
676 1960 740 2007 37
765 1956 848 2005 cd.
874 1951 1051 2021 Rom.)
1079 1956 1227 2005 ‘iiale
1255 1960 1312 2005 et
1336 1970 1440 2017 me,
1466 1955 1714 2018 obsecre,
1741 1956 2110 2006 omnimode
2139 1973 2316 2007 ames
2344 1975 2469 2023 qua
2494 1961 2647 2011 ioco
2674 1977 2798 2025 qua

496 2027 715 2077 serio)
756 2026 928 2086 Quem
957 2024 1131 2072 locum
1159 2022 1409 2072 laudauit
1430 2022 1817 2072 Lachmannus
1842 2024 1897 2072 in
1924 2025 2088 2074 Lucr.
2113 2025 2163 2074 11
2190 2027 2309 2088 488,
2337 2027 2431 2077 sed
2458 2034 2519 2077 ut
2544 2029 2610 2078 de
2631 2044 2795 2080 uersu

495 2092 631 2143 nihil
653 2094 1059 2156 suspicaretur:
1087 2105 1185 2139 nec
1211 2090 1449 2141 diffiteor
1474 2090 1790 2155 ambiguum
1817 2106 1938 2141 esse
1963 2092 2240 2141 indicium.
2347 2094 2477 2143 XXI
2504 2095 2699 2145 Cicero
2726 2098 2795 2146 ad

494 2164 607 2211 Att.
647 2160 691 2208 X
733 2163 783 2222 2,
821 2162 852 2208 2
889 2157 1245 2221 ‘koeloeysfiooe
1295 2159 1403 2206 iam
1451 2158 1634 2219 adest,
1676 2163 1734 2207 ct
1769 2159 1983 2208 animus
2033 2159 2232 2222 ardet,’
2280 2157 2378 2225 (cf.
2427 2163 2634 2214 Caecil.
2673 2166 2794 2227 230)

493 2235 693 2293 ‘neque
733 2232 819 2277 est
854 2227 1175 2290 quicquam,
1225 2240 1330 2290 quo
1370 2232 1426 2275 et
1463 2241 1571 2290 qua
1611 2264 1621 2275 .
1662 2264 1674 2275 .
1714 2262 1726 2275 .
1764 2241 1851 2276 res
1888 2231 2018 2276 suut
2053 2226 2492 2293 inexplicabiles,
2553 2231 2793 2281 Fortu-

493 2299 634 2345 nae’
675 2311 721 2343 e.
760 2310 811 2358 q.
853 2310 896 2342 s.
968 2294 1193 2343 ‘Melius
1230 2295 1276 2342 si
1317 2293 1444 2357 quid
1471 2292 1760 2355 acciderit,
1799 2294 2153 2346 mirabimur)
2225 2297 2437 2346 Poetae
2469 2300 2647 2348 uerba
2683 2316 2792 2349 non

494 2365 841 2427 agnouerunt
1014 2360 1174 2411 XXII
1213 2359 1410 2411 Cicero
1447 2366 1587 2411 orat.
1622 2363 1709 2423 43,
1750 2363 1844 2411 147
1883 2366 1989 2410 ‘me
2037 2368 2221 2411 autem
2271 2364 2388 2413 siue
2429 2367 2792 2432 peruolga-

496 2431 802 2480 tissimus
849 2426 972 2476 ille
1021 2443 1291 2489 uersus,
1342 2429 1449 2492 qui
1494 2434 1694 2478 uetat
1741 2433 1953 2479 artem
1993 2429 2242 2494 pudere
2288 2432 2601 2497 proloqui
2642 2449 2694 2497 q.
2735 2436 2791 2498 f.,

489 2497 834 2549 dissimulare
874 2511 980 2546 non
1020 2496 1154 2546 sinit
1190 2496 1321 2560 quin
1359 2495 1622 2559 delecter,
1668 2496 1788 2547 siue
1826 2503 1978 2547 tuum
2017 2496 2253 2548 studium
2300 2499 2404 2549 hoc
2445 2515 2478 2550 a
2515 2516 2599 2552 me
2639 2502 2790 2553 uolu-

489 2583 613 2616 men
649 2566 944 2630 expressit’
984 2580 1033 2613 e.
1073 2580 1122 2628 q.
1151 2580 1195 2615 s.
1251 2563 1921 2629 (peruolgatissimus
1959 2566 2184 2630 scripsi,
2224 2571 2284 2616 ut
2321 2573 2474 2618 extat
2509 2569 2564 2619 in
2590 2571 2789 2620 Abrin-

489 2636 635 2685 censi
657 2634 865 2684 codice.
893 2648 925 2696 p
942 2632 1513 2696 eruagatissimus
1536 2648 1656 2682 cum
1677 2635 1881 2683 ceteris
1898 2632 2106 2697 uulgo.)
2130 2636 2302 2696 Quem
2316 2634 2442 2685 olim
2469 2637 2791 2688 dubitanter

489 2704 633 2752 inter
659 2699 983 2765 tragoediae
1015 2699 1277 2762 reliquias
1305 2697 1435 2760 (inc.
1462 2700 1568 2749 inc.
1598 2701 1712 2754 fab.
1747 2700 1901 2762 XIX)
1926 2702 2260 2767 recepissem
2296 2718 2440 2753 nunc
2471 2706 2788 2755 comoediae

490 2771 784 2834 adsignare
812 2766 979 2816 malui
1004 2766 1361 2820 uersiculum:
1401 2768 1639 2817 fortasse
1666 2769 1916 2818 mimicus
1944 2774 2046 2821 est.
2184 2769 2372 2820 XXIII
2410 2772 2788 2834 Quintilianus

488 2837 564 2886 lx
592 2841 639 2897 3,
671 2839 733 2886 16
771 2834 860 2897 (de
898 2833 1087 2898 figuris
1129 2834 1184 2882 in
1222 2833 1641 2899 particularum,
1677 2836 1832 2885 uelut
1869 2836 1989 2886 ‘sed
2030 2837 2217 2901 enim’,
2256 2842 2406 2888 ‘nam
2444 2841 2609 2903 quis'‚
2651 2845 2784 2890 ‘tarn

487 2906 662 2969 magis
692 2941 702 2951 .
730 2938 743 2951 .
771 2939 783 2953 .
812 2917 971 2966 quam
997 2902 1198 2965 magis'
1236 2918 1337 2952 usu
1375 2903 1677 2966 disserens)
1717 2903 1890 2968 ‘pleni
1928 2903 2137 2954 talibus
2175 2907 2385 2971 antiqui
2413 2913 2555 2957 sunt.
2626 2909 2786 2959 initio

488 2971 738 3021 Eunuchi
773 2970 1095 3020 Terentium
1136 2969 1265 3034 quid
1311 2970 1481 3033 igitur
1528 2971 1769 3020 faciam?
1824 2972 2019 3036 inquit.
2084 2971 2291 3022 alius:
2347 2975 2460 3023 ain
2513 2977 2782 3026 tandem

486 3039 674 3089 leno?
735 3036 984 3087 Catullus
1021 3038 1077 3086 in
1114 3037 1518 3101 Epithalamio=
1565 3037 1690 3087 dum
1739 3040 1972 3103 innupta
2008 3044 2213 3090 mnnet'
2263 3057 2309 3090 e.
2351 3058 2399 3106 q.
2437 3057 2480 3095 s.
2554 3044 2782 3104 (aliust

486 3108 601 3157 ain‘
643 3106 919 3155 Halmius.
966 3103 1146 3154 alius
1203 3105 1269 3153 in
1322 3106 1507 3157 Ambr.
1565 3106 1756 3155 Bamb.
1812 3106 2052 3157 allusit
2106 3110 2319 3160 Monac.
2367 3113 2617 3173 Argent„
2657 3112 2782 3162 edd.

486 3174 664 3224 alius
702 3173 790 3222 sit
828 3172 956 3222 olim
996 3173 1357 3224 conieceram.
1430 3173 1491 3222 1n
1531 3174 1707 3224 alius
1745 3173 1945 3224 litteris
1985 3174 2242 3226 Atilius
2280 3176 2369 3226 uel
2410 3176 2782 3243 Caeciliae,

480 3243 641 3292 immo
688 3239 975 3301 Statius,
1022 3239 1196 3289 latere
1238 3240 1557 3304 suspicatur
1579 3241 1956 3305 VVoelfflinus)
2095 3242 2275 3291 XXIV
2311 3242 2504 3294 Cicero
2544 3244 2610 3295 de
2639 3252 2776 3296 orat.

484 3309 673 3371 11158,
710 3310 809 3358 219
847 3305 1018 3356 ‘aliud
1055 3307 1340 3372 uoluptas:
1380 3307 1606 3358 effusum
1646 3314 1700 3359 et
1739 3314 2014 3372 tenerum,
2053 3309 2347 3360 hilaratum
2376 3327 2441 3361 ac
2465 3314 2777 3364 remissum:

477 3543 483 3552 .
653 3486 731 3543 27
791 3489 1086 3542 senarium
1148 3487 1393 3558 explere
1448 3485 1568 3541 med
1630 3489 1892 3544 addendo
1948 3489 2107 3562 ηρῖιιι·
2319 3489 2401 3546 30
2457 3506 2687 3546 uersum
2746 3510 2777 3547 e

483 3574 777 3629 Ciceronis
820 3572 1016 3626 uerbis
1060 3571 1429 3642 conformans·
1598 3569 1677 3626 32
1725 3570 1824 3626 sibi
1855 3573 2085 3627 Abrinc.
2121 3573 2243 3628 Erl.
2293 3576 2376 3628 ab
2424 3574 2550 3629 mihi
2596 3581 2780 3632 ceteri

650 3654 982 3729 colligandus
1031 3656 1156 3712 Erl.
1204 3656 1290 3711 ab
1351 3654 1654 3710 colicandas
1710 3656 1942 3712 Abrinc.
2003 3656 2342 3712 collocandas
2403 3661 2570 3731 uulqo
2626 3662 2770 3715 coiu-

480 3741 681 3817 gandas
713 3741 777 3796 L.
808 3739 1130 3796 Muellerus
1171 3742 1241 3795 de
1272 3756 1338 3795 re
1367 3758 1438 3795 m.
1472 3740 1589 3796 361
1768 3740 1848 3799 33
1896 3757 1955 3796 se
1984 3739 2083 3796 sibi
2115 3741 2359 3797 alacriter
2388 3742 2514 3798 (lare
2546 3748 2772 3801 interim

479 3830 721 3898 scripsi,
776 3825 908 3880 dum
966 3827 1121 3897 quod
1164 3824 1528 3896 probabilius
1584 3832 1735 3882 esset
1790 3829 2163 3882 inueniretur.
2212 3842 2270 3881 se
2325 3826 2425 3882 sibi
2472 3828 2599 3883 aiaci
2645 3829 2770 3885 dare

478 3913 712 3967 Abrinc.
748 3909 872 3963 Erl.
905 3910 988 3964 ab
1033 3925 1154 3965 sese
1184 3910 1310 3964 sisci
1342 3909 1467 3964 darc
1500 3910 1640 3983 Lay.
1686 3912 1982 3983 plerique,
2029 3914 2116 3967 ed.
2161 3912 2322 3967 Rom.
2371 3928 2491 3967 sese
2536 3914 2769 3969 aiacidan

478 3997 592 4065 (uel
637 3987 764 4062 uati)
812 3991 937 4048 dare
982 3997 1086 4051 alii
1126 3993 1268 4066 Laq.
1315 4010 1435 4049 sese
1480 3994 1636 4050 alacri
1682 3995 1810 4050 dare
1853 3997 1994 4068 [τις.
2030 3996 2143 4066 81,
2205 3996 2342 4052 Vici.
2391 4004 2447 4052 et
2490 4015 2593 4054 om.
2643 3998 2768 4054 dare

479 4081 623 4136 Gud.
655 4080 733 4134 ab
779 4093 899 4132 sese
931 4077 1086 4134 alteri
1130 4078 1255 4133 (lare
1289 4082 1458 4152 uulyo
1502 4096 1624 4134 sese
1667 4078 1922 4135 altaribus
1968 4080 2092 4136 dare
2138 4084 2551 4138 commendauit
2585 4083 2766 4156 Bery-

476 4166 607 4221 lcius
649 4165 720 4219 de
752 4162 979 4218 Helena
1025 4180 1103 4219 ex
1149 4166 1442 4235 erayoeclia
1478 4166 1656 4220 uerba
1690 4179 1815 4220 esse
1855 4170 2182 4237 suspicans.
2229 4182 2290 4221 se
2336 4165 2434 4222 sibi
2480 4167 2764 4223 amiculum

475 4250 591 4321 (uel
636 4245 832 4317 fallaci)
888 4246 1012 4302 (lare
1059 4252 1205 4304 coni.
1256 4249 1655 4322 Isiesslinqius.
1762 4249 2063 4322 Temptaui
2106 4253 2313 4323 uaria„
2372 4253 2508 4308 olim·
2559 4269 2617 4308 se
2660 4252 2763 4308 sibi
