3400 5075
706 337 936 391 LXXIV
1589 334 2115 390 COROLLARIVM

705 496 812 585 (cf.
866 498 1036 585 115).
1130 497 1363 563 Comes
1412 499 1547 563 sive
1596 520 1816 562 servus
1864 499 1999 562 sive
2056 520 2202 561 erus
2250 499 2386 561 sive
2448 499 2695 562 amicus
2741 504 2997 584 tergum

706 607 1143 691 adgredientis
1191 611 1380 688 teyere
1425 609 1492 669 et
1533 606 1832 671 svmtinere
1876 605 1978 679 vel
2026 604 2363 669 defendere
2411 609 2810 691 pugnantem
2859 608 2994 671 sive

705 713 1129 777 altercantem
1192 712 1469 777 iubetur.
1560 712 1908 776 Praeterea
1970 711 2140 796 quod
2204 711 2520 775 traditum
2585 716 2685 776 est
2746 714 3000 795 accipite

702 819 814 884 hoc
864 842 997 885 non
1055 823 1275 903 potest
1336 819 1633 905 intellegi
1695 819 1824 883 nisi
1879 819 1957 882 de
2003 819 2392 884 vestimento
2446 818 2550 882 vel
2599 819 2729 884 alio
2786 843 2996 904 onere,

703 948 831 1012 quo
880 949 947 989 se
976 927 1293 1009 impetum
1339 926 1630 991 facturus
1646 926 1849 1009 levet,
1893 927 2022 989 nisi
2059 925 2231 991 forte
2262 927 2776 991 succenturiatos
2805 950 2994 1011 quos-

704 1033 883 1115 dam,
929 1032 1109 1097 velut
1154 1033 1457 1114 lorariOS,
1514 1056 1589 1097 ex
1638 1032 1893 1097 insidiis
1943 1034 2234 1117 accipere
2285 1033 2726 1097 adversarium
2773 1034 2993 1098 verbe-

704 1140 887 1203 ribus
935 1140 1164 1204 iubens
1208 1142 1463 1222 acciffl'te
1513 1140 1677 1205 hunc
1730 1140 1922 1203 dixitt
1979 1140 2057 1203 cf.
2105 1139 2324 1203 Plauti
2370 1138 2539 1203 Men.
2590 1139 2718 1203 704
2766 1138 2992 1207 ‘adibo

706 1250 899 1331 atque
944 1245 1276 1312 hominem
1324 1247 1644 1331 accipiam
1671 1246 1905 1331 quibus
1944 1246 2136 1310 dictis
2183 1244 2437 1331 meret’3
2486 1245 2816 1335 Amphitr.
2846 1249 2991 1313 286.

706 1353 835 1418 296
882 1352 1045 1418 Rud.
1093 1350 1239 1418 800.

883 1459 1014 1525 245
1060 1462 1366 1526 occasione
1410 1466 1591 1545 capta
1633 1460 2017 1525 Duebnerus
2065 1481 2333 1543 quoque.

884 1568 1013 1632 264
1068 1567 1393 1632 Disertius
1448 1590 1710 1633 monere
1757 1570 2081 1651 poteram,
2136 1568 2424 1649 procella
2469 1566 2537 1629 in
2583 1567 2746 1630 mari
2793 1565 2991 1631 iacta—

703 1677 841 1737 tum
909 1678 974 1738 et
1038 1675 1145 1739 vix
1212 1679 1541 1740 servatum
1605 1675 1801 1758 loqui.
1891 1673 2130 1739 Nescio
2197 1673 2368 1737 enim
2433 1696 2628 1757 quam
2702 1673 2995 1758 intellegi

705 1780 866 1844 velit
919 1781 1187 1845 fulicam
1244 1783 1355 1866 qui
1413 1805 1625 1845 meam
1682 1782 2008 1866 quandam
2062 1784 2347 1844 veterem
2404 1780 2842 1845 coniecturam
2899 1781 2995 1844 fu-

706 1890 886 1950 ratus
933 1910 1139 1971 nuper
1184 1888 1562 1952 deverbium
1607 1889 1740 1953 tale
1797 1888 2109 1953 instituit:
2164 1888 2243 1951 ά]
2287 1888 2366 1951 a!
2415 1887 2616 1968 fulica
2669 1887 2812 1952 be'ne
2851 1908 2994 1970 per-

704 1994 849 2057 isti!
895 1992 928 2065 ΙΓ
972 1995 1044 2057 ἀί
1085 1999 1140 2057 te
1184 1997 1548 2059 ”metassz'nt
1588 1996 1770 2060 malo.

885 2100 1011 2164 267
1080 2099 1449 2165 Admodum
1514 2102 1758 2166 arridet
1817 2101 2145 2168 Gerlachii
2211 2102 2581 2166 coniectura
2641 2102 2996 2165 vellicarier.

705 2230 858 2272 nam
903 2209 1279 2290 velifimndO,
1324 2208 1386 2272 h.
1417 2232 1467 2272 e.
1497 2209 1887 2275 blandiendo
1917 2210 2027 2294 qui
2072 2210 2252 2274 locus
2299 2208 2367 2273 in
2412 2206 2536 2271 hac
2584 2207 2995 2272 contentione

705 2313 922 2396 fuerit,
970 2336 1159 2399 aegre
1208 2316 1570 2401 intellegaS‚
1617 2316 1744 2379 nisi
1791 2316 1960 2381 forte
2007 2316 2176 2400 quod
2204 2314 2712 2398 Bambergensis
2760 2316 2826 2376 et
2851 2312 2994 2377 Lei·

709 2421 923 2484 densis
973 2421 1238 2485 alterius
1286 2421 1526 2487 indicio
1575 2427 1640 2485 et
1686 2423 2170 2487 adlitteratione
2218 2419 2659 2486 commendari
2704 2420 2998 2483 videatur

706 2526 900 2591 verbis
947 2527 1179 2592 lactare
1229 2528 1296 2593 in
1342 2553 1400 2593 v.
1448 2530 1578 2593 264
1634 2530 1948 2614 accipias,
2004 2533 2076 2593 ut
2129 2532 2338 2594 totum
2394 2530 2723 2592 certamen
2776 2526 2997 2590 redeat

709 2634 790 2697 ad
846 2634 1202 2699 blanditias
1261 2640 1535 2701 mutuas.
1629 2640 1698 2701 at
1744 2638 1916 2701 enim
1962 2637 2158 2701 verbis
2210 2634 2383 2698 istud
2438 2633 2631 2697 facile
2678 2655 2756 2696 ex
2811 2654 2996 2715 supe-

706 2740 990 2804 rioribus
1045 2741 1263 2806 Plauti
1322 2747 1388 2807 et
1432 2744 1709 2827 Turpilii
1765 2744 2079 2827 exemplis
2135 2740 2356 2828 (verbis
2407 2741 2816 2805 velitationem
2857 2740 2999 2822 fieri

710 2849 775 2909 et
818 2847 1013 2912 verbis
1056 2848 1331 2936 volitare)
1380 2873 1596 2915 errore
1624 2850 1881 2915 librarii
1928 2850 2054 2914 huc
2087 2847 2427 2913 transferri
2473 2847 2706 2931 potuit.
2771 2848 2998 2910 contra

706 2955 938 3017 iactata
984 2955 1051 3018 in
1097 2956 1420 3039 principio
1469 2953 1972 3022 concertationis
2018 2956 2198 3021 verba
2243 2958 2316 3019 ut
2361 2954 2498 3038 pila
2527 2953 2758 3037 proelii
2805 2952 2995 3017 initio

711 3058 957 3154 optime
1005 3060 1087 3124 ad
1131 3063 1537 3126 velitationem
1582 3064 1918 3128 labrorum
1966 3086 2004 3126 a
2048 3062 2321 3126 velitum
2366 3061 2496 3124 levi
2545 3082 2619 3124 ac
2648 3059 2854 3124 veloci
2901 3058 2995 3122 in·

640 3233 645 3239 ,
711 3164 1005 3230 cursione
1071 3172 1401 3251 sumptam
1467 3170 1804 3252 quadrant.
1906 3169 2179 3234 Prorsus
2246 3168 2445 3231 deleri
2508 3166 2869 3248 velificari&
2932 3167 2999 3227 et

710 3273 1079 3336 octonarios
1140 3274 1457 3339 iambicos
1516 3276 1750 3339 interea
1807 3276 1988 3340 ve‘rba
2044 3278 2276 3341 iactare
2332 3265 2390 3338 <53
2447 3274 2640 3338 labris
2698 3270 2876 3333 Inte‘r
2933 3290 2997 3333 se

708 3378 1017 3442 velitdeer
1070 3379 1372 3444 distribui
1429 3379 1906 3447 Studemundus
1962 3382 2160 3447 iubet.
2247 3380 2473 3464 Inepte
2530 3378 2790 3462 quidam
2849 3398 2995 3439 con—

713 3485 947 3550 iunctis
993 3486 1192 3550 variis
1239 3487 1557 3553 librorum
1585 3489 1982 3554 testimoniis
2026 3489 2221 3553 verbis
2247 3487 2428 3552 verba
2456 3487 2683 3550 lacta-re
2728 3482 2997 3562 effinxit,

712 3613 875 3674 quae
922 3592 1076 3676 quid
1125 3594 1249 3657 sibi
1297 3595 1540 3659 vellent
1588 3596 1959 3681 significare
2007 3596 2312 3680 dignatus
2356 3615 2489 3657 non
2535 3595 2649 3655 est.

887 3698 1019 3761 270
1064 3698 1380 3784 Dactylos
1428 3703 1598 3766 inter
1626 3701 1971 3766 trochaeos
2017 3700 2086 3764 in
2124 3699 2458 3764 octonario
2504 3697 2759 3761 defendi
2806 3719 2998 3780 posse

712 3825 967 3882 censeo:
1022 3829 1176 3870 nam
1219 3810 1631 3890 pertimuistis
1686 3808 2122 3890 compositum
2179 3809 2280 3869 est
2333 3801 2449 3890 (cf.
2496 3803 2810 3867 Rudentis
2867 3803 2996 3866 922

712 3908 1064 3996 ‘suscitet’,
1119 3913 1251 3978 930
1298 3913 1735 4000 ‘instruam');
1793 3913 2144 3977 te'rriculczm
2200 3915 2463 3976 tuentur
2510 3933 2587 3974 ex
2634 3910 2856 3973 eadem
2902 3907 2996 3970 fa-

712 4015 867 4079 bula
914 4016 1201 4101 ‘oppida'
1230 4022 1379 4103 933,
1426 4019 1870 4086 ‘elleborosus'
1906 4020 2094 4102 1106,
2140 4018 2425 4082 Terentii
2461 4016 2640 4081 haut.
2677 4014 2797 4088 1717
2848 4013 2993 4076 ‘sol—

714 4121 1161 4209 licitudinem'‚
1208 4127 1339 4191 580
1387 4125 1723 4191 ‘officium’
1772 4127 1920 4191 alia.

890 4231 1019 4295 288
1067 4231 1486 4297 Octonarium
1535 4254 1786 4316 quoque
1832 4232 2186 4296 iambicum
2232 4229 2575 4314 temptavi:

979 4339 1296 4421 repemina
1338 4333 1653 4426 serezdnte
1695 4340 1951 4418 ἰαυωτίε,
1997 4338 2070 4405 eit
2111 4358 2293 4406 senex
2330 4338 2535 4420 fmyis
2575 4333 2774 4417 frua-5.
