3400 5075
1149 238 1212 287 L.
1249 238 1670 290 POMPONIVS
1712 238 2202 292 BONONIENSIS
2604 210 2609 221 ⁸
2700 241 2822 305 231

1581 396 1647 460 II
1694 395 1796 483 (1)

1904 514 2135 578 beilnea

712 623 916 688 Fortis
964 626 1270 690 macellus
1316 628 1474 691 seina
1518 632 1747 712 portus
1793 630 2082 713 porticus

1491 741 1866 810 DECVMA

821 906 834 920 .
925 878 1060 922 non
1105 858 1322 941 multi,
1368 859 1479 923 sed
1525 860 1748 923 temeti
1793 859 2055 944 plurimi

1266 972 1638 1038 DEOVMA
1683 973 2117 1041 FVLLONIS

576 1089 663 1151 40
715 1086 823 1151 'Et
867 1088 978 1152 ubi
1034 1087 1252 1153 insilui
1296 1089 1366 1153 in
1413 1091 1732 1154 eoleatum
1780 1093 2099 1176 eculeum,
2152 1092 2244 1156 ibi
2300 1092 2556 1157 tolutim
2603 1096 2828 1157 tortor.

1546 1213 1814 1280 DIVES

715 1326 923 1403 Quom
970 1328 1339 1412 palumbem
1387 1351 1463 1393 ex
1511 1332 1622 1394 6re
1668 1331 1844 1395 tollit
1888 1337 2092 1396 linum
2140 1381 2404 1396 .....

1492 1443 1871 1511 DOTALIS

573 1558 688 1625 41¹
719 1556 964 1624 Vinum
1041 1581 1431 1645 panemque,
1495 1563 1753 1626 omnem
1829 1565 2110 1627 ceterum
2185 1562 2379 1627 {iliam
2456 1562 2827 1647 praeberem

2137 1691 2393 1754 penum.

529 1864 829 1916 Candidati
864 1878 985 1914 esse
1023 1867 1209 1912 monet
1245 1860 1571 1914 Gulielmius
1610 1864 1788 1914 Veris.
1828 1864 1853 1913 1
1895 1866 1952 1913 11
2101 1865 2154 1915 11
2193 1864 2405 1915 Nonius
2441 1866 2567 1926 206,
2611 1866 2669 1915 18
2705 1865 2832 1915 ‘fo-

528 1950 662 1984 rum
699 1931 921 1998 generis
947 1931 1144 1981 neutri.
1215 1929 1510 1980 masculini
1535 1966 1548 1980 .
1570 1969 1582 1981 .
1608 1969 1620 1981 .
1651 1931 1986 1997 Pomponius
2012 1931 2355 1987 Petitore:
2390 1932 2618 1983 balnea’
2643 1949 2690 1986 e,
2715 1948 2766 1997 q.
2787 1949 2829 1987 s.

528 2004 796 2053 Fortasse
846 1999 1121 2065 promittit
1164 1998 1306 2048 haee
1352 1997 1685 2049 candidatus
1732 2014 1794 2049 se
1849 1998 2264 2050 aedificaturum
2322 2015 2473 2062 esse,
2528 2001 2577 2049 si
2632 2000 2832 2052 aedilis

527 2068 1054 2186 ωωῧὲοξνῖιῗήᾊᾶ
1096 2133 1322 2184 fullonis
1348 2134 1650 2184 Decumum
1679 2135 2001 2186 coniectura
2028 2129 2283 2190 refertur.
2329 2136 2532 2185 Festus
2556 2153 2608 2201 p.
2633 2136 2732 2185 364
2754 2137 2826 2187 Μ.

526 2208 873 2322 ‘telmetum
922 2201 1107 2333 ui)num
1150 2229 1220 2238 -—
1263 2202 1596 2268 Pomponius
1643 2203 1700 2253 in
1738 2203 1998 2274 Decima:
2048 2207 2178 2253 non'
2218 2218 2265 2253 e.
2303 2217 2354 2266 q.
2395 2219 2440 2254 s.
2513 2200 2831 2265 (deuneia

534 2274 613 2324 Po
639 2271 806 2322 itiani
852 2286 970 2320 exc.

666 2343 903 2391 DscvuA
939 2338 1237 2388 Fvnnoms
1309 2337 1520 2388 Nonius
1544 2340 1594 2401 4,
1627 2340 1686 2389 17
1727 2337 2022 2388 ‘tolutim
2062 2338 2266 2388 dieitur
2302 2337 2460 2403 quasi
2487 2337 2715 2388 uolutim
2739 2340 2829 2389 uel
2890 2358 2905 2378 κ

528 2408 851 2459 uolubiliter
876 2446 890 2460 .
919 2442 930 2452 .
959 2440 972 2453 .
1000 2444 1012 2457 .
1041 2404 1373 2470 Pomponius
1409 2407 1655 2456 Decuma
1703 2405 1956 2456 fullonis:
2006 2411 2082 2456 et'
2122 2422 2169 2458 e.
2211 2422 2261 2470 q.
2301 2422 2341 2455 s.
2417 2405 2565 2456 Idem
2607 2408 2725 2467 105,
2767 2410 2830 2458 15

527 2475 858 2534 ‘eculeos‚
899 2472 1297 2524 deminutiuum
1337 2473 1405 2522 ab
1442 2474 1597 2539 equis
1634 2473 1706 2521 Μ.
1731 2472 1948 2523 'rullius
1988 2474 2043 2523 in
2070 2474 2373 2524 Hortensio
2410 2473 2522 2523 dici
2558 2473 2824 2526 uoluit...

526 2544 860 2609 Pomponius
916 2544 1156 2592 Decuma
1204 2541 1454 2592 fullonis:
1503 2541 1622 2592 ubi’
1671 2557 1717 2591 e.
1757 2557 1809 2608 q.
1849 2558 1891 2593 s.
1972 2542 2122 2592 Idem
2172 2544 2284 2606 182,
2325 2545 2387 2592 14
2434 2547 2689 2593 ‘tortor
2726 2559 2822 2609 pro

527 2620 801 2678 torqueor.
873 2609 1210 2674 Pomponius
1247 2608 1563 2659 Fullonis
1601 2609 1860 2660 ducum:
1901 2615 1977 2660 et'
2018 2626 2063 2659 e.
2104 2624 2157 2673 q.
2197 2626 2242 2659 s.

663 2679 846 2739 vass
921 2677 1130 2729 Nouius
1169 2679 1287 2738 219,
1325 2677 1357 2726 8
1394 2677 1717 2742 ‘palumbi
1744 2717 1754 2727 .
1867 2677 2169 2729 masculino
2197 2717 2210 2731 .
2236 2716 2247 2726 .
2276 2714 2289 2727 .
2325 2678 2658 2743 Pomponius
2694 2678 2827 2728 De-

530 2749 758 2799 uitae:
797 2750 926 2811 quo’
968 2762 1013 2797 e.
1054 2761 1103 2808 q.
1142 2761 1186 2794 s.
1225 2744 1498 2805 (Debita
1534 2744 1723 2795 Iunius
1762 2745 1838 2795 de
1877 2746 2017 2794 uite
2058 2743 2263 2794 Aldina
2297 2745 2528 2795 Diuite
2567 2746 2824 2805 Bothius)

661 2816 940 2873 Dominis,
979 2827 1173 2862 seruus
1211 2812 1444 2862 scilicet.
1523 2811 1733 2863 Nonius
1769 2828 1823 2877 p.
1860 2816 1976 2874 219,
2023 2816 2089 2863 30
2133 2816 2367 2878 ‘penus
2403 2850 2412 2863 .
2443 2850 2489 2864 ..
2532 2813 2827 2863 masculini

527 2884 931 2949 Pomponius
968 2880 1217 2945 Dogali
1255 2879 1536 2945 (elogali
1575 2879 1769 2929 Urbin.
1808 2878 1929 2944 308)
1965 2896 2161 2930 unum
2199 2896 2438 2946 penum
2486 2896 2652 2946 quae
2688 2898 2738 2931 o.
2779 2897 2826 2934 o.

698 3057 776 3119 37
822 3060 1044 3118 balneae
1089 3059 1430 3115 Mercerus:
1484 3057 1700 3114 balneas
1746 3062 1797 3114 si
1838 3062 2083 3130 scribes,
2144 3061 2380 3117 habebis
2434 3064 2829 3131 septenarium

695 3147 776 3205 38
823 3147 972 3202 soros
1030 3144 1284 3200 macellus
1321 3149 1555 3215 poetam
1600 3146 1909 3215 scripsisse
1947 3152 2091 3217 puto
2264 3144 2342 3200 39
2389 3152 2491 3199 cml
2549 3145 2621 3200 ab
2666 3147 2826 3202 initio

531 3236 641 3290 uini
684 3232 1190 3305 praemittendum,
1240 3237 1342 3285 aut
1387 3244 1516 3284 cum
1553 3228 1910 3285 Buechelero
1955 3228 2149 3284 mulier
2189 3235 2321 3299 post
2366 3227 2522 3283 multi
2566 3232 2826 3286 inseren-

525 3323 657 3377 dum
827 3315 922 3371 sed
968 3314 1154 3371 temeti
1197 3316 1414 3384 scripsi
1455 3312 1639 3367 temeti
1684 3311 1780 3366 sed
1826 3315 1971 3382 cod„
2022 3330 2125 3368 om.
2176 3316 2232 3368 in
2287 3314 2506 3368 lacuna
2553 3312 2830 3370 Politiani

527 3421 660 3461 exc.
836 3399 919 3457 40
964 3408 1019 3455 et
1063 3416 1170 3455 om.
1215 3399 1352 3454 libri
1391 3415 1449 3468 p.
1487 3397 1629 3466 105,
1670 3395 1855 3467 facile
1901 3405 1985 3451 set
2028 3398 2282 3452 conicias
2451 3395 2651 3452 insiliui
2695 3399 2830 3454 libri

523 3509 582 3562 p.
623 3487 740 3546 182
774 3485 1087 3542 secundum
1119 3481 1549 3549 Quicheralium
1581 3480 1791 3536 insiluit
1815 3482 1951 3538 libri
1981 3480 2098 3537 105
2229 3480 2496 3537 colentum
2525 3482 2827 3538 Turnebus

527 3577 674 3633 Adu.
706 3569 900 3628 XVII
924 3567 998 3623 21
1050 3568 1348 3639 colentum,
1393 3584 1521 3638 sup.
1557 3582 1607 3636 c,
1654 3564 1809 3621 Leid.
1851 3584 1912 3637 p.
1954 3563 2069 3622 182
2103 3565 2400 3621 coelestum
2431 3568 2567 3623 libri
2603 3584 2666 3638 p.
2703 3568 2822 3623 182

528 3667 581 3717 et
620 3660 886 3730 plerique
912 3671 971 3725 p.
1004 3652 1042 3708 4
1088 3652 1405 3708 clocleatum
1453 3652 1522 3705 W
1563 3668 1622 3723 p.
1653 3649 1691 3705 4
1739 3651 2045 3706 culenarum
2079 3649 2234 3706 Leid.
2263 3668 2326 3721 p.
2363 3650 2481 3708 105
2527 3650 2824 3708 culm-atum

528 3745 710 3801 ceteri
746 3741 883 3796 libri
920 3756 980 3809 p.
1020 3736 1137 3795 105
1179 3736 1481 3793 codicatum
1515 3736 1760 3792 Bothius
1803 3735 2140 3811 cochleatum
2185 3735 2500 3807 defendunt
2534 3737 2826 3793 Gesnerus

528 3836 582 3884 el
611 3825 999 3885 Forcellinius
1029 3821 1367 3877 coculeatum
1404 3820 1816 3891 Buecheler-tw,
1845 3821 2104 3893 sortasse
2133 3826 2291 3876 recle
2422 3819 2511 3875 ubi
2541 3819 2675 3876 libri
2697 3838 2757 3891 p.
2786 3820 2824 3875 4

528 3911 839 3971 secundum
873 3906 1325 3978 Quicheratium,
1358 3905 1516 3962 Leid.
1545 3924 1604 3976 p.
1644 3904 1763 3962 182
1924 3903 2002 3958 41
2040 3920 2150 3976 quo
2178 3906 2315 3961 libri
2342 3913 2590 3975 praeter
2630 3905 2823 3961 Urbin.

531 3997 674 4068 308,
706 3997 806 4068 qui
832 3991 969 4048 duo:
1016 4007 1124 4065 quo
1155 3992 1358 4052 habeh-
1402 3992 1631 4047 uidetur
1660 3997 1853 4045 aulem
1883 4005 2069 4045 sermo
2101 4005 2226 4045 esse
2256 3990 2325 4043 de
2357 4005 2421 4045 eo
2432 4029 2450 4061 ‚
2499 3993 2599 4062 qui
2627 3992 2825 4045 omittit

531 4100 704 4140 unam
744 4076 1090 4150 palumbem,
1137 4093 1308 4148 quam
1354 4083 1574 4131 cereum
1618 4077 1825 4143 lenuit,
1875 4081 1937 4130 ut
1980 4077 2240 4130 incertas
2283 4075 2478 4130 decem
2523 4081 2718 4145 captet

530 4183 593 4222 ex
641 4181 735 4222 ore
782 4161 926 4218 tollit
974 4178 1137 4216 unum
1184 4163 1395 4230 scripsi
1436 4175 1599 4214 unum
1645 4175 1710 4214 ex
1756 4174 1850 4214 ore
1909 4158 2051 4214 tollit
2099 4160 2235 4215 libri
2402 4160 2489 4215 An
2535 4175 2676 4232 quor
2708 4199 2721 4212 .
2760 4202 2772 4215 .
2809 4201 2821 4213 .

534 4250 717 4307 tollis?
890 4239 993 4301 41¹
1044 4248 1128 4301 sic
1158 4262 1313 4301 nunc
1344 4247 1557 4316 scripsi
1599 4261 1727 4301 cum
1768 4244 2124 4301 Buecheler«)
2158 4238 2380 4319 [eodem
2406 4244 2541 4317 fere
2570 4245 2730 4301 modo
2762 4250 2824 4301 ul
