3400 5075
592 330 678 394 30
1512 329 1621 381 CN.
1659 294 1973 382 NAnvn'rs

1363 485 1585 550 XXIII
1633 486 1831 571 (Nou.
1878 487 2001 551 ino.
2049 485 2120 571 6)

597 576 724 725 ig?
781 617 948 694 Quid
979 619 1034 681 si
1082 620 1340 682 taceas?
1388 619 1538 682 dum
1572 616 1683 705 [te]
1737 619 1979 702 uideat,
2025 620 2160 682 tum
2190 619 2352 681 sciat
2398 617 2548 701 quid
2579 619 2889 702 scriptum

2034 735 2171 797 siet.

1563 846 1783 911 XXIV
1831 846 1931 932 (8)

769 943 1114 1026 butubatta

1575 1049 1762 1113 XXV
1809 1048 1910 1133 (9)

769 1163 1262 1249 Concipilauisti

1449 1277 1669 1343 XXVI
1717 1278 1909 1361 (Add.
1958 1276 2027 1361 9)

776 1368 1124 1454 consponsi

1619 1480 1875 1546 XXVII

609 1600 733 1662 134
781 1650 795 1662 .
845 1650 858 1663 .
908 1650 921 1662 .
970 1650 983 1662 .
1030 1597 1297 1681 deponit
1341 1618 1442 1661 me
1489 1597 1789 1661 miseram
1838 1596 1917 1661 ad
1965 1619 2204 1662 necem.

1600 1747 1892 1813 XXVIII

773 1863 1215 1947 Inglirgitauit
1262 1869 1463 1946 iisque
1510 1862 1591 1926 ad
1639 1864 1838 1927 imum
1887 1867 2233 1948 gutturem.

592 2056 753 2106 haeo'
803 2072 850 2107 e.
889 2072 939 2121 q.
978 2073 1020 2106 s.
1168 2057 1356 2107 XXIII
1402 2057 1603 2106 Festus
1651 2073 1704 2122 p.
1742 2057 1844 2108 360
1880 2057 1951 2106 M.
2003 2061 2086 2106 ‘at
2132 2056 2348 2121 antiqui
2394 2062 2524 2109 tam
2572 2060 2739 2109 etiam
2791 2076 2889 2125 pro

590 2129 774 2173 tamen
811 2125 896 2173 usi
933 2132 1088 2186 aunt,
1125 2132 1187 2175 ut
1224 2125 1496 2178 Naeuius:
1553 2123 1704 2188 quid’
1743 2140 1789 2173 e.
1831 2141 1884 2190 q.
1921 2140 1965 2173 s.
2035 2124 2300 2188 (nonius
2338 2123 2423 2174 ed.
2460 2125 2565 2191 pr.)
2635 2125 2890 2191 Nugatur

589 2192 859 2255 interpres
895 2191 1325 2253 massmannus,
1370 2197 1433 2241 ut
1469 2191 1629 2242 solet.
1709 2191 1986 2257 Bergkius
2022 2192 2203 2257 Symb.
2240 2193 2267 2242 1
2308 2194 2401 2243 117
2450 2208 2534 2257 sq.
2576 2195 2888 2260 suspicatur

588 2259 777 2308 Livii
820 2258 1033 2309 Tereo
1078 2258 1214 2309 haec
1259 2259 1537 2309 reddenda
1585 2263 1643 2308 et
1696 2258 1765 2309 de
1811 2263 1997 2316 ueste,
2053 2260 2140 2309 oui
2187 2257 2361 2309 cladis
2406 2274 2541 2311 suae
2597 2260 2886 2312 historiam

587 2325 897 2377 Philomela
933 2327 1259 2390 intexuerit,
1297 2325 1680 2391 intellegenda
1720 2341 1859 2377 esse.
1998 2327 2179 2378 XXIV
2215 2327 2380 2377 Pauli
2406 2327 2608 2378 Festus
2642 2345 2694 2394 p.
2722 2330 2788 2379 36
2815 2330 2889 2382 Μ.

590 2394 989 2444 ‘butubatta
1012 2394 1257 2443 Naeuius
1284 2410 1381 2460 pro
1408 2394 1718 2457 nugatoriis
1746 2393 1957 2458 posuit,
1995 2393 2098 2443 hoo
2124 2398 2236 2456 est,
2273 2393 2479 2445 nullius
2505 2396 2560 2444 di
2604 2397 2886 2447 nationis.’

723 2461 877 2512 XXV
913 2460 1074 2511 Pauli
1109 2462 1315 2512 Festus
1352 2479 1402 2527 p.
1428 2463 1494 2511 62
1529 2459 1603 2510 M.
1640 2460 2191 2525 ‘concipilauisti
2225 2460 2435 2511 dictum
2472 2479 2506 2513 a
2593 2464 2753 2515 aeuio
2790 2480 2886 2529 pro

551 2543 558 2549 ·
590 2528 910 2593 corripuisti
955 2532 1012 2578 et
1053 2528 1361 2583 inuolasti.’
1534 2528 1714 2580 XXVI
1750 2528 1924 2579 Varro
1971 2528 2040 2579 de
2086 2529 2123 2579 l.
2160 2528 2225 2583 L.
2265 2529 2342 2581 vl
2378 2533 2445 2582 70
2478 2529 2556 2584 Μ.
2593 2532 2710 2596 ‘qui
2755 2532 2886 2581 item

587 2600 650 2646 ut
695 2596 873 2646 faciat
909 2596 1189 2662 obligatur
1225 2613 1456 2663 sponsu,
1497 2611 1853 2661 consponsae.
1917 2596 2020 2647 hoo
2055 2597 2304 2648 Naeuius
2339 2597 2617 2662 significat
2654 2614 2775 2648 oum
2809 2599 2887 2649 ait

587 2664 991 2729 consponsi!
1061 2662 1324 2729 (‘quidem
1364 2665 1541 2715 faeiat
1574 2662 1858 2728 obligatur
1892 2669 2149 2729 sponana’
2196 2664 2335 2728 cod„
2385 2680 2522 2715 corr.
2558 2665 2886 2729 Spengelius

590 2730 660 2780 de
699 2738 819 2782 arte
865 2731 1065 2781 critica
1110 2732 1169 2782 in
1204 2733 1470 2784 Varronis
1507 2731 1573 2781 de
1619 2731 1655 2781 l.
1707 2730 1743 2780 1.
1795 2731 1949 2783 libris
1986 2731 2295 2782 exercenda
2330 2748 2382 2797 p.
2418 2735 2500 2786 31.
2573 2731 2664 2782 cf.
2702 2733 2886 2782 Lach-

588 2813 822 2849 mannus
865 2814 1001 2849 mus,
1044 2798 1218 2853 Rhen.
1264 2801 1342 2850 VI
1389 2801 1502 2850 118.
1574 2798 1823 2850 neuius
1866 2797 2041 2863 Flor.)
2180 2799 2341 2849 Pauli
2386 2800 2587 2849 Festus
2624 2815 2675 2865 p.
2710 2802 2772 2849 41
2809 2797 2882 2851 M.

590 2870 990 2930 ‘eonsposos
1028 2867 1240 2931 antiqui
1276 2867 1536 2918 dicebant
1578 2865 1681 2916 fide
1722 2871 1910 2916 mutua
1946 2866 2279 2931 colligatos)
2351 2865 2439 2916 Cf.
2477 2865 2694 2917 Romuli
2730 2868 2797 2917 fr.
2833 2866 2887 2916 11

723 2933 935 2984 XXVII
969 2933 1134 2984 Thes,
1181 2949 1305 2988 nou.
1353 2937 1478 2984 Lat.
1519 2935 1573 2984 in
1610 2933 1673 2984 A.
1709 2933 1824 2984 Mai
1860 2939 2007 2984 auct.
2045 2934 2208 2987 class,
2254 2934 2388 2984 VIII
2436 2936 2531 2985 175
2576 2933 2886 3000 ‘depuire

590 3000 906 3052 uerberare.
980 3001 1506 3083 Naeuiuszssepuit’
1545 3016 1591 3051 e.
1631 3017 1684 3081 q.
1725 3016 1770 3051 s.
1841 3001 1929 3082 Oi.
1967 3000 2129 3051 Pauli
2151 3002 2442 3080 Festus-p.
2479 3001 2653 3097 70,M.
2693 3002 2882 3068 ‘depu-

590 3067 1079 3187 Ξῗθῆἧαῗῖᾱοῗὶθᾶε
1119 3068 1466 3201 113.u{(3‘11¹,u{0
1502 3068 1775 3202 9313?ssss
1779 3068 2142 3187 Θηῗέῗξίυαέειι
2154 3070 2417 3200 Βεθὲιῖθυτιίζ
2439 3084 2548 3189 m.e.
2582 3135 2887 3188 masculino

592 3202 1547 3258 Plautus...anilius...Neuiua:
1586 3204 1975 3269 ingurgitauit’
2015 3219 2060 3254 e.
2091 3219 2142 3267 q.
2170 3217 2214 3254 n.
2275 3204 2451 3254 Nouio
2478 3204 2605 3254 olim
2630 3204 2887 3256 dederam

761 3399 882 3457 130
926 3401 1098 3458 Redin·
1138 3402 1218 3456 ad
1247 3415 1515 3457 numeros
1544 3399 1898 3468 Botlu‘anos,
1943 3416 2289 3472 quamquam
2330 3399 2701 3455 iambicorum
2743 3415 2879 3470 quo-

589 3498 699 3557 que
741 3489 1170 3554 octonariorum
1209 3485 1409 3557 frusta
1445 3525 1595 3541 .....
1641 3482 1770 3556 quid
1943 3484 2077 3538 sciat
2121 3481 2258 3549 Quid
2303 3483 2565 3556 scriptum
2608 3484 2680 3537 sit
2723 3489 2885 3538 recte

590 3583 651 3624 se
694 3569 925 3625 habent.
973 3569 1118 3643 quod
1169 3570 1346 3626 Vatic.
1383 3568 1433 3625 R
1465 3570 1557 3642 qui
1589 3586 1696 3641 my.
1741 3567 1930 3624 Vrsin.
2061 3575 2234 3622 taceas
2279 3571 2491 3638 scripsi
2502 3592 2518 3620 .·
2562 3566 2642 3638 cf.
2691 3566 2888 3623 Plauti

591 3653 812 3709 Bacch.
861 3652 941 3710 35
989 3663 1159 3710 taceat
1205 3656 1329 3710 cod.
1486 3661 1539 3709 te
1580 3655 1836 3722 inserui,
1883 3669 1988 3708 om.
2033 3653 2158 3708 cod.
2291 3659 2398 3707 tam
2446 3652 2715 3708 Vaticani
2754 3651 2884 3720 RS,

506 3738 523 3756 ‘
588 3738 855 3794 Politian.
903 3745 1079 3795 tamen
1125 3739 1209 3793 ed.
1235 3756 1336 3810 pr.
1384 3745 1487 3794 tam
1529 3737 1687 3793 etiam
1728 3735 1972 3793 Ursinus
2013 3752 2141 3792 cum
2170 3735 2298 3792 Ald.
2428 3734 2575 3809 quod
2624 3735 2805 3793 Vatic.
2832 3736 2886 3792 R

591 3823 745 3895 quasi
791 3825 938 3879 coni.
976 3823 1360 3895 Kiesslinqius
1486 3823 1590 3876 siet
1635 3820 1881 3877 Botkius
1922 3821 1995 3876 sit
2039 3822 2166 3877 cod.
2308 3820 2396 3876 De
2439 3835 2614 3875 versu
2658 3822 2888 3892 qualem

592 3907 912 3963 Corssenus
953 3908 1012 3961 in
1057 3907 1324 3978 symbolis
1367 3909 1589 3962 criticis
1628 3922 1689 3976 p.
1738 3903 1859 3960 274
1900 3908 2205 3977 proposuit
2250 3904 2342 3977 qui
2372 3905 2474 3959 etsi
2521 3912 2713 3976 taceat,
2758 3903 2885 3959 duim

591 3990 802 4062 uideat,
851 3999 955 4045 tam
1001 3991 1158 4046 eti-'nn
1203 3991 1366 4060 sciat,
1412 3988 1538 4062 quid
1584 3987 1848 4062 scriptum
1892 3990 1963 4044 sit
2006 3986 2281 4046 iudicium
2338 3991 2443 4044 tuli
2482 3991 2542 4046 in
2583 3988 2773 4044 libello
2816 3989 2888 4044 de

585 4077 896 4146 particulis
935 4077 1132 4131 latinis
1176 4075 1510 4147 quibusdam
1549 4091 1612 4144 p.
1643 4072 1723 4132 28
1755 4089 1865 4146 sq„
1910 4088 2019 4129 nec
2064 4075 2235 4130 aliter
2276 4075 2553 4129 iudicauit
2600 4071 2889 4145 Berylcius

590 4160 767 4232 symb.
816 4159 849 4213 I
896 4159 1046 4227 117,
1101 4163 1202 4231 qui
1256 4159 1541 4215 baccheos
1589 4161 1896 4230 proposuit
1939 4175 2051 4214 nou
2098 4161 2277 4231 maqis
2315 4159 2680 4228 probabiles:
2737 4153 2883 4226 quod

589 4244 690 4299 etsi
737 4244 937 4313 tuccini,
994 4243 1119 4298 dum
1167 4243 1346 4314 uidet,
1405 4253 1508 4297 tam
1567 4244 1703 4298 sciat
1759 4241 1885 4316 quid
1944 4242 2204 4315 scriptum
2260 4243 2330 4297 sit
2535 4239 2651 4295 134
2698 4237 2881 4309 depuit

591 4329 902 4384 thesaurus
