3400 5075
1058 385 1401 447 AQvnnvs
1471 385 1793 436 menmvs
1865 382 2249 438 0A1301L1vs
2717 386 2801 448 35

1626 542 1691 606 ΙΙ

559 659 635 721 10
684 657 812 722 Vbi
861 655 1141 740 primum
1190 679 1495 722 accensus
1543 658 1857 721 clamarat
1901 653 2231 721 meridiem

1109 862 1661 948 LICINIVS
1740 863 2207 945 IMBREX

1471 1048 1842 1114 NEAERA

683 1164 854 1230 Nolo
902 1169 1023 1250 ego
1069 1164 1388 1230 Neaeram
1435 1167 1499 1229 te
1547 1167 1809 1247 nocent,
1855 1164 1966 1228 sed
2012 1162 2384 1247 Nerienem,

684 1282 844 1344 Cum
895 1280 1153 1364 quidem
1203 1280 1486 1345 Mauorti
1532 1302 1600 1343 es
1648 1279 1719 1343 1'n
1766 1279 2113 1342 conubium
2161 1280 2329 1343 data.

1048 1489 1683 1578 CAECILIVS
1781 1490 2267 1577 STATIVS

1400 1678 1903 1781 AETHERIO?

1567 1796 1597 1859 Ι
1645 1792 1744 1878 (1)

682 1910 779 1973 Ι)6
827 1913 1016 1975 nocte
1064 1911 1143 1974 ad
1193 1915 1452 1994 portum
1501 1915 1644 1974 611111
1690 1912 2036 1992 prouectus
2085 1909 2428 1992 pr6sumia.

505 2108 559 2152 te
606 2104 866 2161 nel-teris,
916 2104 1176 2169 effugium
1224 2102 1431 2153 nullum
1479 2108 1579 2153 est.
1718 2103 1775 2154 11
1810 2102 1985 2154 Varro
2033 2102 2099 2152 de
2134 2102 2172 2156 1.
2197 2104 2273 2153 -L.
2310 2103 2383 2152 VI
2419 2105 2484 2154 89
2520 2103 2590 2154 M.
2664 2108 2800 2153 ‘ac-

503 2185 770 2219 censum
820 2171 1043 2222 solitum
1089 2174 1235 2221 ciere
1273 2171 1503 2221 Boeotia
1539 2169 1812 2232 ostendit,
1850 2185 2013 2233 quam
2052 2170 2388 2220 comoediam
2433 2171 2639 2235 Aquilii
2680 2187 2801 2221 esse

505 2237 718 2300 dicunt,
757 2238 861 2287 boc
886 2254 1078 2289 uersu:
1115 2239 1231 2288 ubi’
1258 2254 1304 2291 6.
1333 2255 1383 2303 q.
1409 2254 1451 2288 s.
1489 2237 1781 2301 (Aquilii
1817 2238 2105 2287 Turnebus
2145 2242 2201 2286 et
2223 2236 2536 2289 Gronouius
2576 2240 2631 2287 in
2661 2238 2801 2294 Gen,

504 2305 587 2355 111
622 2308 654 2355 3
703 2305 824 2354 alii
871 2305 1032 2370 libri,
1077 2321 1179 2358 om.
1219 2305 1454 2365 vindeb.
1499 2304 1655 2366 alii,
1702 2306 1783 2355 sic
1829 2319 1951 2355 cum
1998 2306 2188 2369 script.
2234 2320 2407 2371 comp.
2457 2306 2542 2358 ed.
2594 2321 2672 2370 pr.
2712 2306 2803 2358 Cf.

503 2372 847 2423 Ritschelius
881 2373 1109 2438 Parerg.
1150 2374 1176 2423 1
1218 2375 1276 2422 11
1316 2372 1422 2437 sq.)

637 2439 833 2490 Lmnu
870 2440 1106 2490 Nes-ens
1178 2440 1266 2492 Cf.
1307 2436 1538 2503 Νέαιρα
1570 2437 1834 2488 Timocus
1869 2443 1926 2488 61
1962 2438 2318 2489 Philemonis.
2380 2438 2672 2489 Parasitus
2711 2456 2799 2490 as-

505 2512 758 2558 sentator
810 2508 1003 2559 militis
1058 2509 1142 2560 sui
1189 2513 1409 2558 amatae
1457 2508 1642 2559 dicere
1689 2505 1924 2557 uidetur.
2005 2506 2219 2558 Gellius
2264 2506 2401 2557 XIII
2447 2509 2514 2558 23
2560 2506 2686 2571 (22),
2740 2511 2802 2559 16

505 2579 753 2640 ‘praeter
807 2576 1063 2626 Plautum
1127 2577 1298 2626 etiam
1363 2582 1692 2641 praeterque
1750 2573 1983 2624 Gellium
2036 2576 2287 2625 Licinius
2352 2575 2570 2625 Imbrex
2638 2581 2801 2626 uetus

505 2643 907 2693 comoediarum
956 2644 1215 2708 scriptor,
1262 2646 1320 2693 in
1368 2643 1585 2707 fabula,
1642 2657 1782 2707 (16116
1828 2642 2069 2692 Neaera’
2126 2640 2363 2706 (neara
2411 2644 2539 2693 Par.
2595 2658 2804 2693 nerea

503 2710 686 2776 Lngd.
734 2709 943 2774 Guelf.)
990 2712 1235 2776 ‘scripta
1283 2715 1398 2774 est,
1443 2711 1524 2760 ita
1569 2710 1818 2774 scripsit:
1867 2709 2016 2759 nolo’
2064 2725 2110 2758 e.
2150 2725 2199 2774 q.
2242 2725 2287 2759 s.
2361 2710 2472 2759 ‘Ita
2522 2715 2706 2760 autem
2743 2727 2802 2760 se

502 2792 758 2828 numerus
792 2778 1026 2827 huiusce
1064 2793 1257 2828 uersus
1302 2777 1506 2840 habet,
1555 2783 1618 2827 ut
1652 2778 1821 2826 tertia
1868 2777 1926 2824 in
1965 2791 2030 2826 eo
2080 2778 2301 2827 nomine
2349 2777 2568 2841 syllaba
2613 2782 2803 2827 contra

504 2861 662 2909 quam
690 2860 861 2909 supra
897 2846 1104 2897 dictum
1145 2849 1231 2895 est
1267 2845 1616 2911 corripienda
1640 2845 1731 2904 sit,
1758 2844 1912 2892 cuius
1940 2845 2149 2893 sonitus
2177 2850 2381 2908 quanta
2406 2844 2554 2909 apud
2578 2849 2809 2894 ueteres‘

502 2913 877 2962 indifferentia
913 2914 988 2962 sit
1033 2914 1214 2963 notius
1262 2918 1347 2962 est
1397 2927 1562 2977 quam
1597 2917 1659 2960 ut
1693 2910 1854 2976 plura
1890 2910 1944 2959 in
1982 2910 2039 2960 id
2074 2912 2248 2962 uerba
2283 2911 2549 2962 sumenda
2585 2913 2735 2961 siut!

640 2980 948 3030 Cnsscxmvs
987 2980 1255 3031 Sum-nrm
1309 2981 1533 3030 seruaui
1571 2978 1819 3029 ordinem
1855 2982 2133 3029 nominum
2171 2980 2393 3044 qualem
2429 2980 2639 3029 indicat
2677 2979 2804 3030 Gel-

504 3047 611 3097 lius
637 3048 711 3097 IV
748 3050 833 3110 20,
874 3050 961 3108 13,
1000 3063 1327 3112 quamquam
1355 3046 1622 3097 Statius
1647 3043 1999 3097 Caecilius
2035 3047 2350 3112 appellatur
2385 3047 2442 3096 in
2479 3048 2803 3109 Hieronymi

504 3114 763 3164 chronico
800 3115 892 3177 (cf.
929 3115 995 3166 de
1041 3130 1317 3180 praenom.
1356 3130 1404 3168 c.
1441 3115 1516 3178 4).
1666 3114 1961 3163 Ana-uento
1998 3115 2092 3164 uel
2128 3117 2422 3164 An'rnmo‘?
2482 3115 2801 3164 Aetlncrium

502 3183 688 3232 Iouem
735 3181 1008 3246 intellegit
1051 3182 1383 3247 Spengelius
1431 3199 1482 3248 p.
1529 3183 1560 3231 6
1603 3180 1987 3246 Amphitruoni
2033 3197 2140 3233 non
2193 3183 2425 3232 multum
2478 3182 2802 3232 dissimilem

507 3249 750 3299 fabulam
788 3250 959 3300 fuisse
999 3250 1309 3312 coniciens;
1351 3255 1406 3299 et
1451 3249 1674 3299 deorum
1711 3263 1844 3297 sane
1893 3253 2081 3313 partes
2119 3252 2172 3298 in
2220 3265 2288 3299 ea
2338 3250 2509 3299 fuisse
2548 3249 2805 3298 uidentur

504 3317 799 3366 secundum
840 3318 906 3367 fr.
945 3317 1047 3380 IV,
1085 3317 1193 3367 nisi
1231 3318 1372 3367 forte
1410 3317 1779 3379 metonymice
1816 3317 2123 3366 Mercurius
2161 3316 2389 3368 dicitur:
2440 3317 2614 3381 ipsum
2665 3316 2803 3366 adeo

502 3383 1238 3447 Amphitrionis-nomen
1277 3386 1466 3450 optimi
1505 3383 1633 3432 libri
1657 3383 1824 3433 Nonii
1862 3383 2272 3446 commendant,
2312 3384 2452 3447 quod
2482 3385 2803 3446 reciperem,

504 3452 612 3500 nisi
648 3453 806 3502 Festi
844 3459 900 3500 et
923 3452 1208 3502 Diomedis
1244 3453 1533 3502 obstarent
1566 3449 1909 3501 testimonia.
1978 3451 2455 3500 Aeschrionem
2487 3450 2803 3515 Apollodori

505 3517 779 3569 Caecilius
817 3519 1168 3570 transtulisse
1205 3519 1429 3570 uidetur
1464 3518 1749 3569 Meinekio
1790 3517 1915 3567 hist.
1954 3533 2029 3567 cr.
2063 3519 2180 3569 461.
2219 3517 2480 3582 Cogitaui
2527 3520 2696 3568 etiam
2734 3518 2801 3568 de

676 3699 757 3754 10
799 3698 1038 3753 clamarit
1081 3700 1207 3754 cod.
1242 3697 1295 3751 B
1323 3697 1574 3752 clamauit
1608 3697 1880 3752 Osannus
1908 3696 2076 3752 Anat.
2113 3712 2197 3750 cr.
2242 3693 2358 3751 185
2391 3712 2466 3751 an
2510 3694 2803 3751 clamabat?

678 3782 709 3836 1
756 3798 1001 3838 neaerem
1046 3783 1225 3855 Luqd.
1272 3796 1465 3837 neaera
1511 3781 1699 3837 Germ.
1735 3779 1937 3840 Petau.
1983 3795 2173 3835 neaere
2219 3781 2361 3839 Par.
2492 3788 2578 3835 set
2622 3781 2800 3852 Luyd.

673 3865 761 3921 De
798 3867 1034 3939 formae
1076 3865 1359 3921 Nerienem
1403 3879 1674 3922 mensura
1723 3865 1805 3937 cf.
1852 3865 2274 3921 Fleckeisenus
2317 3866 2481 3936 epist.
2530 3867 2659 3919 crit.
2705 3867 2798 3920 ad.

507 3949 585 4004 M.
618 3950 920 4006 Herlzium
961 3968 1021 4021 p.
1070 3949 1149 4006 32
1325 3948 1361 4003 2
1408 3947 1847 4023 quandoquidem
1893 3949 2137 4005 Boihius
2180 3965 2300 4004 cum
2347 3948 2619 4022 (1606116111
2663 3948 2803 4004 Lion

505 4034 757 4106 (1601116111
814 4033 1032 4108 quidem
1089 4034 1507 4091 Fleckeisenus
1558 4036 1599 4090 l.
1652 4036 1690 4089 l.
1734 4051 1794 4105 p.
1842 4033 1922 4090 36
2106 4033 2333 4089 Mauorti
2392 4035 2606 4105 scripsi
2652 4032 2802 4087 Marti

501 4119 656 4188 libri,
704 4122 816 4174 nisi
857 4120 1013 4191 quod
1042 4120 1200 4175 marci
1233 4119 1411 4192 Luqd.
1587 4114 1620 4173 e
1685 4118 1841 4174 Voss.
1878 4118 2065 4174 Germ.
2112 4123 2143 4172 6
2191 4119 2393 4175 Petau.
2512 4114 2800 4172 conubium

520 4202 679 4258 Voss.
729 4203 916 4258 Germ.
964 4203 1142 4276 Mayl.
1189 4203 1366 4276 Luyd.
1414 4200 1617 4259 Pelau.
1664 4202 1807 4275 Req.
1855 4202 1998 4256 Par.
2049 4199 2140 4274 (m.
2174 4206 2275 4259 alt.
2318 4196 2624 4274 conubium)
2673 4216 2803 4255 con·

504 4284 723 4341 nubium
754 4290 926 4359 uulyo
1043 4288 1327 4343 Numeros
1354 4288 1577 4343 iuuabit
1606 4289 1782 4358 quies
1810 4285 1910 4358 ipsi
1944 4287 1995 4340 in
2020 4286 2334 4360 coniugium
2357 4285 2477 4340 (1616
2500 4289 2804 4356 scripserit

681 4372 710 4424 1
761 4380 1055 4443 prouectus
1105 4373 1303 4427 Bcemb.
1354 4371 1509 4426 Leia.
1558 4388 1616 4427 η.
1670 4369 1787 4425 116
1833 4368 2022 4442 prosec
2082 4373 2156 4427 W
2194 4370 2472 4444 profectus
2519 4373 2701 4424 ceter-2·

2312 4463 2379 4519 3*
