3400 5075
968 367 1063 415 Ex
1102 365 1443 419 INCERTIS
1481 366 1963 420 INCERTORVM
2000 368 2313 419 FABVLIS
2669 366 2790 431 125

1550 522 1734 587 LXII

543 636 627 702 75
674 635 784 701 Sui
833 634 1069 720 quique
1117 659 1327 703 mores
1374 636 1659 724 fingunt-
1687 640 2018 704 fortunam
2063 639 2450 705 hominibus,

1530 825 1749 890 LXIII

670 938 851 1003 Onus
900 941 1000 1003 est
1044 938 1254 1004 honos
1303 939 1413 1024 qui
1460 941 1739 1006 slistinet
1783 964 1919 1006 rem
1967 942 2306 1027 ptiblieam.

1535 1127 1747 1193 LXIV

666 1240 820 1319 Non
866 1243 966 1306 est
1010 1242 1272 1328 beatae,
1318 1245 1458 1308 esse
1506 1265 1574 1307 se
1621 1243 1730 1327 qui
1777 1245 1912 1307 n6n
1958 1247 2165 1328 putat.

490 1471 676 1522 sunit!
818 1472 969 1522 LXII
1009 1470 1297 1522 Cornelius
1333 1474 1516 1538 Nepos
1562 1474 1680 1522 uita
1716 1472 1893 1524 Attici
1932 1475 2018 1531 11,
2066 1474 2099 1522 6
2147 1473 2360 1538 ‘itaque
2398 1474 2490 1523 hie
2529 1474 2690 1537 feeit,
2726 1480 2788 1524 ut

489 1554 619 1589 uere
659 1540 867 1589 dietum
906 1539 1191 1590 uideatur:
1229 1542 1339 1590 sui’
1378 1557 1425 1591 e.
1455 1556 1505 1604 q.
1531 1555 1571 1593 s.
1645 1540 1844 1591 Cicero
1869 1541 2070 1592 Parad.
2096 1543 2144 1597 5,
2184 1543 2250 1592 35
2289 1545 2399 1591 ‘cui
2437 1542 2606 1591 etiam
2643 1558 2784 1607 quae

488 1608 596 1656 nim
636 1606 842 1657 habere
880 1608 1169 1657 maximam
1197 1607 1401 1657 dieitur
1426 1610 1674 1657 Fortuna
1712 1608 1836 1673 ipsa
1873 1608 2043 1670 cedit,
2083 1609 2231 1657 sieut
2268 1612 2548 1672 sapiens
2585 1615 2786 1674 poeta

489 1675 655 1723 dixit:
693 1675 840 1724 suis
879 1690 956 1723 ea
995 1676 1239 1738 cuique
1279 1676 1580 1740 fingitur
1616 1677 1956 1725 moribus.’
2042 1676 2252 1725 Nonius
2289 1677 2404 1738 526,
2443 1678 2509 1725 24
2547 1678 2700 1740 ‘quia
2736 1678 2784 1726 si

487 1744 665 1807 prima
690 1742 969 1793 sententia
1006 1741 1392 1808 philosophica
1419 1744 1624 1807 accipit
1657 1742 2022 1803 intellectum,
2064 1758 2200 1808 quae
2239 1744 2346 1795 ait:
2387 1744 2487 1793 sui
2516 1782 2527 1793 .
2558 1780 2570 1792 .
2598 1785 2608 1796 .
2645 1744 2783 1793 fin-

487 1816 682 1875 gunt,
721 1811 1064 1875 omnipotens
1103 1810 1326 1861 fortuna
1372 1826 1492 1860 esse
1532 1809 1775 1860 desiuit.’
1848 1811 1988 1860 Tota
2024 1810 2190 1860 Nonii
2240 1810 2545 1874 disputatio
2584 1811 2709 1861 inde
2750 1828 2784 1861 a

485 1894 537 1942 p.
576 1879 691 1933 526,
733 1879 796 1927 16
832 1892 1003 1940 usque
1054 1878 1120 1926 ad
1160 1880 1277 1941 527,
1320 1881 1381 1929 10
1418 1895 1485 1928 ex
1524 1880 1916 1928 commentario
1953 1877 2140 1942 aliquo
2177 1878 2499 1943 Vergiliano
2538 1878 2609 1929 ad
2646 1880 2782 1931 Aen.

485 1948 562 1995 IV
601 1947 699 1995 696
735 1950 956 2009 sumpta
995 1951 1109 1994 est:
1148 1946 1221 1997 cf.
1260 1946 1485 1996 Seruius
1526 1950 1581 1995 et
1616 1944 1833 1996 Gellius
1870 1946 2005 1996 XIII
2044 1949 2092 1998 1.
2173 1947 2379 1997 Versus
2415 1952 2605 1996 noster
2640 1947 2784 1996 inter

483 2011 714 2063 Publilii
762 2011 887 2076 Syri
933 2013 1243 2062 sententias
1289 2013 1639 2064 referebatur
1674 2011 1837 2078 (sent.
1875 2013 1999 2063 fals.
2030 2015 2123 2063 141
2164 2029 2215 2077 p.
2258 2016 2353 2063 124
2388 2013 2530 2077 W.):
2569 2020 2627 2064 et
2664 2015 2784 2063 ‘mi-

484 2082 680 2130 micum
715 2083 958 2130 uersum’
996 2080 1134 2130 dicit
1171 2081 1559 2130 Lachmannus
1606 2095 1821 2146 quoque
1860 2081 1914 2130 in
1953 2081 2116 2131 Lucr.
2153 2084 2247 2143 94,
2292 2081 2393 2131 sed
2431 2083 2652 2131 mimum
2690 2081 2782 2131 du·

485 2148 597 2198 bito
635 2163 762 2197 num
799 2148 998 2198 Cicero
1042 2149 1341 2213 ‘sapientie
1386 2152 1608 2214 poetae’
1647 2150 1865 2199 nomine
1913 2149 2212 2199 ornauerit.
2385 2148 2569 2199 LXIII
2607 2150 2781 2199 Varro

483 2217 549 2267 de
586 2215 621 2265 l.
659 2217 725 2267 L.
763 2216 812 2266 V
851 2217 913 2266 73
964 2215 1206 2266 ‘honos
1256 2217 1326 2266 ab
1363 2216 1565 2266 honere
1613 2217 1735 2266 siue
1782 2231 1974 2273 onere,
2021 2217 2210 2281 itaque
2256 2216 2544 2266 honestum
2584 2216 2783 2266 dicitur

483 2283 627 2348 quod
666 2287 980 2344 oneratum,
1031 2288 1089 2332 et
1136 2283 1410 2334 dictum:
1461 2287 1618 2334 onus'
1668 2299 1715 2335 e.
1754 2299 1803 2348 q.
1842 2299 1885 2333 s.
1958 2284 2222 2334 Fortasse
2269 2299 2458 2333 uersus
2494 2284 2781 2349 popularis

454 2352 591 2417 ,fuit
625 2355 686 2400 ut
721 2350 835 2413 ille,
875 2366 1033 2414 quem
1073 2349 1202 2401 olim
1240 2352 1328 2401 hie
1366 2353 1527 2416 posui
1564 2367 1631 2402 ex
1657 2352 1908 2402 Varrone
1948 2351 2014 2402 de
2051 2366 2110 2401 re
2147 2355 2284 2405 rust.
2307 2352 2392 2402 111
2418 2354 2519 2413 2,1
2564 2358 2620 2401 et
2655 2351 2781 2401 Gel-

477 2418 554 2469 lio
581 2418 657 2468 1v
693 2420 743 2480 5,
777 2421 809 2468 5
849 2416 1110 2467 ‘maltim
1157 2419 1520 2470 eonsilium
1567 2418 1954 2470 consultori
1991 2417 2459 2483 pessimumst.’
2600 2418 2779 2470 LXIV

481 2485 692 2537 Seneca
728 2488 891 2552 epist.
926 2488 973 2547 9,
1011 2488 1073 2536 21
1115 2487 1285 2552 ‘apud
1322 2493 1584 2554 poetam
1624 2488 1951 2537 comicum
1990 2487 2267 2536 inuenies:
2305 2503 2414 2536 non
2442 2492 2526 2537 est
2551 2486 2776 2536 beatns’

481 2571 526 2606 e.
566 2573 616 2622 q.
658 2571 701 2606 s.
770 2556 845 2605 cf.
882 2554 1111 2605 Publilii
1160 2556 1283 2619 Syri
1329 2560 1461 2606 sent.
1512 2556 1640 2606 fals.
1688 2558 1788 2606 239
1834 2572 1885 2621 p.
1938 2556 2034 2605 128
2082 2557 2169 2606 W.
2253 2555 2477 2606 Retinui
2512 2555 2618 2605 hoc
2655 2555 2777 2605 loeo

479 2624 609 2673 olim
658 2623 956 2673 adiunctas
1001 2625 1309 2674 sententias
1354 2639 1486 2687 qnae
1533 2625 1749 2675 Seneca
1795 2623 2074 2685 laudauit,
2131 2638 2460 2687 quamquam
2507 2623 2775 2686 quaedam

480 2706 666 2740 earum
716 2692 887 2741 etiam
931 2690 987 2739 in
1035 2690 1246 2756 sylloge
1294 2707 1436 2756 quae
1482 2690 1714 2742 Publilii
1761 2691 1884 2756 Syri
1935 2692 2154 2740 nomine
2204 2688 2392 2740 fertur*
2426 2695 2618 2740 extant
2672 2706 2776 2740 nee

480 2759 660 2810 minus
695 2757 1061 2823 probabiliter
1098 2759 1247 2809 aliae
1284 2774 1500 2824 quoque
1538 2759 1607 2810 ad
1647 2760 1866 2809 mimum
1903 2759 2234 2812 referuntur.

649 3009 726 3066 75
773 3010 857 3065 sui
914 3008 1116 3081 quique
1171 3012 1533 3067 scribendum
1590 3024 1717 3066 esse
1769 3016 1901 3081 post
1945 3004 2385 3066 Fleckeisenum
2429 3008 2635 3065 Philol.
2683 3008 2720 3064 I
2735 3008 2781 3064 V

478 3093 601 3150 340
645 3096 1061 3151 demonstrauit
1103 3095 1511 3152 Lachmannus
1553 3099 1611 3151 in
1642 3095 1818 3151 Lucr.
1869 3092 1946 3150 94
1992 3095 2075 3149 sui
2124 3095 2362 3167 quoique
2395 3094 2643 3149 Haenel.
2689 3094 2773 3148 sui

476 3180 670 3253 cuique
726 3183 907 3235 ceteri
955 3178 1093 3234 libri
1146 3178 1413 3253 Nepotis,
1477 3180 1729 3250 Nonius,
1787 3180 1939 3251 quod
1990 3198 2026 3234 α
2071 3178 2302 3235 Klotzio
2360 3183 2518 3233 recte
2574 3178 2772 3249 defen·

475 3257 599 3319 su'm
643 3266 874 3320 uidetur
906 3261 1257 3333 Nipperdeio
1301 3267 1358 3320 in
1393 3264 1562 3321 Corn.
1601 3264 1746 3336 Nep.
1795 3266 1980 3336 spicil.
2031 3267 2162 3319 crit.
2203 3262 2281 3319 78
2327 3263 2441 3316 suis
2486 3277 2546 3316 ea
2576 3262 2773 3335 cuique

479 3344 708 3412 Cicer-0,
757 3348 859 3402 sed
897 3346 1010 3400 suis
1037 3347 1093 3416 ss
1116 3363 1176 3402 ea
1220 3349 1416 3422 cuique
1448 3349 1604 3405 Leid.
1652 3368 1688 3404 α
1733 3350 1846 3403 suis
1891 3364 1949 3402 ea
1997 3349 2226 3421 quisque
2269 3347 2419 3402 Pith.
2468 3347 2579 3400 suis
2627 3347 2773 3419 quis-

477 3446 582 3503 que
642 3431 784 3487 Gud.
844 3429 879 3485 2
945 3431 1129 3487 Rern.
1188 3433 1307 3490 702
1364 3433 1479 3488 suis
1536 3435 1768 3507 quisque
1823 3431 1966 3487 sorte
2025 3432 2149 3487 Erl.
2323 3445 2500 3484 mores
2559 3428 2774 3503 fingunt

474 3512 678 3587 Nepos
723 3523 777 3572 et
824 3515 1075 3587 Nonius,
1122 3520 1234 3573 nisi
1275 3520 1429 3590 quod
1469 3517 1774 3591 funguntur
1820 3516 2052 3572 Monac.
2103 3514 2292 3570 Haen.
2341 3515 2578 3586 Nepotis
2613 3512 2773 3587 fingi-

476 3608 564 3655 tur
609 3599 847 3655 moribus
895 3599 1127 3672 Cicero,
1174 3603 1280 3657 sed
1321 3601 1569 3676 fungitur
1631 3602 1861 3657 Vindob.
1914 3598 2069 3655 Oehl.
2129 3600 2254 3657 Erl.
2301 3599 2500 3654 Duisb.
2549 3598 2689 3654 Gud.
2739 3600 2770 3653 Ι)

474 3686 622 3741 ΡιἹΙι.
673 3685 882 3758 sugitur
926 3685 1106 3741 Bern.
1154 3686 1308 3759 fungi
1353 3703 1412 3742 se
1460 3687 1604 3743 Gud.
1657 3686 1779 3743 150
1978 3683 2251 3739 fortunam
2309 3681 2615 3738 hominibus
2663 3700 2768 3738 om.

477 3770 724 3840 Nonius),
769 3770 1066 3826 adduntur
1110 3789 1145 3826 a
1196 3769 1455 3827 Cornelio
1490 3771 1742 3842 Nepote,
1789 3771 1885 3827 ubi
1914 3776 2101 3825 tamen
2133 3769 2350 3823 fortuna
2381 3767 2537 3823 Mon.
2572 3768 2767 3822 Haen.

644 3852 949 3910 hominibus
1007 3871 1110 3910 om.
1184 3857 1307 3912 cod.
1378 3857 1606 3929 colleyii
1666 3854 1852 3925 Rom„
1918 3854 2076 3909 Leia.
2155 3852 2311 3908 Voss.
2369 3852 2452 3907 ab
2520 3849 2768 3906 omuibus

471 3955 777 4012 suprascr.
823 3942 880 3995 in
930 3938 1126 4011 Gifan.
1190 3939 1362 4012 Wolf.
1412 3939 1587 4013 Sanq.
1640 3937 1831 3996 Vrbiin.
1885 3937 2062 3995 ottob.
2110 3938 2280 3993 Alex.
2327 3937 2538 4024 Putate.
2571 3934 2764 3991 Haen.
2848 3942 2856 3949 '

638 4025 749 4079 suis
810 4021 1035 4096 fingitur
1100 4023 1321 4080 fortuna
1375 4026 1571 4098 cuique
1640 4022 1881 4079 moribus
1950 4023 2111 4093 apud
2175 4020 2504 4077 Ciceronem
2569 4021 2769 4076 scribit

470 4109 909 4176 LachmannuS,
957 4123 1066 4164 nec
1111 4110 1601 4180 reprehensurum
1648 4124 1710 4164 se
1754 4110 1892 4165 dicit
1935 4121 2166 4164 uersum
2209 4107 2380 4162 huius
2422 4105 2572 4160 modi
2582 4129 2598 4158 .-
2657 4104 2767 4158 sor-

471 4201 652 4250 tunam
710 4191 1017 4248 hominibus
1063 4209 1243 4249 mores
1290 4195 1485 4267 cuique
1531 4192 1661 4248 (lant
1707 4194 1809 4248 sui.
2052 4191 2128 4247 77
2177 4207 2286 4245 non
2332 4197 2417 4245 est
2458 4188 2509 4242 h.
2568 4189 2659 4262 qui
2706 4205 2765 4243 se

469 4276 684 4334 beatum
731 4293 849 4332 esse
897 4293 1003 4333 non
1052 4285 1206 4351 putat
1257 4279 1435 4334 Remi.
1501 4279 1681 4333 Vatic.
1731 4274 1877 4352 αβγ
1931 4276 2127 4333 Palat.
2171 4274 2203 4330 λ
2260 4290 2369 4330 non
2415 4281 2498 4328 est
2551 4271 2764 4328 beatum

469 4379 587 4421 esse
633 4377 918 4418 commune
961 4365 993 4419 i.
1042 4379 1090 4417 e.
1137 4379 1246 4418 non
1293 4371 1380 4417 est
1424 4362 1611 4418 beatus
1658 4363 1750 4436 qui
1795 4378 1902 4416 non
1949 4369 2103 4434 putat
2148 4360 2340 4416 Palae.
2391 4378 2421 4414 v
2471 4357 2651 4414 ottob.
