3400 5075
665 308 781 369 124
1135 312 1231 360 Ex
1267 310 1608 361 INCERTIS
1646 309 2122 361 INCER'I'ORVM
2161 310 2474 359 FABVLIS

1743 466 1854 529 LV

834 582 1263 665 obstrudent,
1309 581 1706 646 obsatullent

1730 696 1878 761 LVI

1931 812 2120 876 aridio
2133 863 2151 895 ‚
2195 812 2358 875 haut
2402 813 2712 875 ausculta

1709 927 1892 991 LVII

676 1042 782 1108 74¹
833 1040 1075 1128 'Vsque
1125 1045 1425 1108 donicum
1473 1043 1803 1127 effligatur

1688 1158 1902 1222 LVIII

830 1271 1012 1338 Vssla
1072 1274 1457 1358 est‘patrui.
1548 1274 1653 1338 hio
1707 1274 1862 1359 ager
1907 1278 2008 1338 est
2063 1275 2172 1338 ubi
2230 1278 2381 1337 stae.
2472 1274 2641 1357 pone
2689 1294 2944 1336 uersum

1977 1389 2125 1453 illac
2173 1412 2348 1452 mare
2397 1391 2510 1453 est.

832 1611 1161 1677 'Insanum
1210 1614 1397 1677 aliter
1444 1614 1560 1676 suti
1607 1611 1932 1676 sententia
1978 1614 2172 1696 {itque
2220 1611 2488 1675 aliarum
2536 1610 2874 1673 mulierum

830 1845 1104 1910 iniurius
1720 1932 1866 1996 LXI

1775 1972 1798 1995 A.

1020 2099 1032 2111 .
1126 2047 1881 2133 Scytdlosagittipe'lliger

650 2242 1026 2302 tumultuaris,
1076 2246 1265 2293 soror?
1313 2242 1441 2307 quid
1489 2240 1740 2293 insanis?
1790 2242 1943 2306 quid
1990 2241 2371 2292 elamorem’
2423 2258 2469 2291 e.
2510 2258 2560 2306 q.
2600 2257 2640 2291 s.
2713 2241 2941 2291 Versum

650 2328 771 2361 esso
819 2311 958 2361 uidit
1007 2310 1235 2360 Beierus
1280 2310 1338 2359 in
1385 2310 1501 2360 Cio.
1550 2310 1657 2360 Off.
1704 2310 1764 2359 T.
1806 2311 1828 2359 1
1866 2327 1915 2375 p.
1960 2312 2054 2361 178
2260 2311 2357 2359 LV
2395 2311 2598 2359 Festus
2646 2325 2695 2373 p.
2739 2311 2834 2358 193
2872 2309 2941 2357 Μ.

647 2378 1113 2435 ‘obstrudant,
1154 2377 1620 2440 obsatullent,
1651 2378 1721 2427 ab
1750 2377 1913 2427 auide
1940 2377 2213 2427 trudendo
2238 2377 2293 2426 in
2321 2377 2522 2442 gulam,
2549 2392 2654 2427 non
2681 2375 2942 2426 sumendo

649 2447 871 2496 eibum)
1042 2445 1163 2495 LVI
1202 2447 1377 2495 Varro
1414 2446 1478 2495 de
1518 2445 1553 2494 l.
1590 2445 1652 2494 L.
1690 2445 1765 2494 VI
1802 2446 1868 2495 83
1904 2446 1975 2495 M.
2017 2445 2111 2494 ‘ab
2151 2445 2430 2495 audiendo
2468 2449 2634 2494 etiam
2675 2444 2942 2494 auscul-

649 2520 794 2565 tare
842 2513 1208 2575 declinatum,
1257 2511 1399 2578 quod
1445 2513 1501 2563 hi
1548 2512 1868 2563 auscultare
1912 2511 2197 2573 dicuntur,
2246 2514 2338 2579 qui
2387 2512 2596 2564 auditis
2644 2517 2870 2577 parent,
2909 2528 2943 2563 a

647 2598 754 2648 quo
781 2582 985 2631 dictum
1013 2587 1238 2646 poetae:
1278 2581 1505 2639 audi0,
1543 2581 1710 2630 haut
1747 2580 2097 2634 ausculto)
2172 2581 2256 2629 Cf.
2297 2580 2503 2632 Caecil.
2540 2597 2591 2634 u.
2634 2582 2749 2634 196.

784 2649 929 2700 Olim
954 2650 1044 2699 hie
1069 2649 1160 2711 (fr.
1189 2647 1564 2711 LVII—LIX)
1604 2649 1824 2713 glossas
1859 2648 2215 2713 hosticapa
2254 2649 2347 2711 (ef.
2387 2649 2560 2711 praef.
2586 2664 2722 2698 com.
2751 2648 2833 2698 ed.
2862 2665 2941 2713 pr.

688 2756 699 2768 .
724 2716 871 2779 ΧΠ),
899 2716 1427 2767 bamotrahones
1453 2716 1635 2775 (Pauli
1662 2717 1865 2766 Festus
1890 2732 1942 2780 p.
1975 2715 2111 2778 102),
2134 2717 2485 2781 locutulei,
2512 2714 2941 2776 blaterones,

647 2735 1008 2849 Finguaees
1045 2781 1211 2847 (Gell.
1250 2784 1275 2833 1
1317 2788 1394 2843 15,
1431 2783 1517 2848 20)
1555 2784 1783 2846 inserui,
1823 2798 1963 2849 quae
2001 2789 2187 2834 tamen
2223 2799 2328 2834 non
2366 2784 2588 2833 meliore
2627 2785 2745 2833 iure
2783 2799 2938 2848 quam

647 2853 853 2903 multae
902 2851 1049 2902 aliae
1098 2856 1250 2901 certo
1296 2852 1614 2902 testimonio
1660 2852 1965 2902 destitutae
2010 2852 2328 2903 comoediae
2375 2853 2740 2902 ascribuntur.

645 2921 798 2970 LVII
838 2920 1124 2970 Charisius
1163 2935 1213 2984 p.
1241 2920 1337 2970 178
1364 2921 1422 2970 P.
1463 2919 1733 2970 ‘efflictim
1760 2920 2006 2969 Naeuius
2030 2920 2088 2969 in
2115 2919 2420 2970 Corollaria
2446 2917 2534 2984 [1]‚
2571 2919 2664 2969 ubi
2699 2919 2939 2970 Probus=

644 3004 818 3053 usque
857 2987 908 3043 d,
948 2990 1016 3041 e.’
1089 2986 1197 3037 Secl
1233 2987 1374 3037 haee
1420 3002 1527 3036 non
1576 2987 1945 3050 grammatici,
1995 2988 2092 3037 sed
2132 2992 2329 3053 poetae
2365 2987 2537 3037 uerba
2575 2981 2696 3037 e'sse
2734 2990 2942 3042 monuit

647 3055 986 3106 Ritschelius
1026 3069 1213 3119 opusc.
1251 3057 1307 3105 ΙΙ
1345 3057 1460 3108 241.
1600 3055 1786 3104 LVIII
1823 3053 2109 3105 Charisius
2145 3072 2192 3120 p.
2236 3057 2327 3105 191
2366 3055 2427 3104 Ρ.
2466 3059 2660 3119 ‘pone
2697 3070 2942 3105 uersus

645 3124 718 3173 M.
759 3124 900 3173 Cato
932 3161 943 3172 .
966 3160 978 3172 .
1000 3160 1012 3174 .
1039 3122 1173 3172 item
1217 3121 1359 3171 idem
1391 3159 1401 3170 .
1424 3159 1436 3172 .
1460 3159 1472 3172 .
1499 3122 1736 3171 hostium
1774 3131 1802 3170 *ι
1836 3122 1978 3171 uilla
2015 3127 2124 3172 est’
2165 3139 2210 3171 e.
2249 3137 2299 3185 q.
2340 3139 2383 3175 s.
2465 3122 2794 3172 Comoediae
2842 3123 2938 3172 ad·

646 3197 893 3308 3:5¹3&ss
920 3188 2105 3323 553‘51132;¹31315..?3233{5502³12¹1²,mi..
2143 3189 2656 3308 .1.{;{3³.f³1¹;2‘.¹.‚⁸¹3¹3
2682 3193 2819 3307 ἓ·ξέ
2826 3191 2940 3307 {133

642 3327 920 3376 insanum’
971 3341 1015 3373 e.
1066 3340 1113 3388 q.
1163 3338 1204 3372 s.
1291 3323 1537 3374 Turbato
1583 3324 1867 3374 titulorum
1913 3324 2132 3387 ordine,
2189 3325 2258 3374 de
2304 3339 2411 3388 quo
2456 3327 2667 3374 monuit
2711 3325 2942 3389 Keffins,

644 3394 855 3443 factum
907 3397 991 3441 est
1038 3399 1098 3440 ut
1145 3396 1200 3441 et
1246 3391 1500 3441 Sallustii
1547 3391 1853 3457 exemplum
1900 3408 2190 3458 perperam
2234 3391 2341 3442 huo
2374 3393 2772 3458 intruderetur,
2821 3408 2939 3442 cum

644 3462 773 3511 olim
810 3461 959 3510 infra
995 3458 1071 3520 (in
1110 3459 1273 3509 titulo
1311 3459 1478 3509 ‘alias
1514 3476 1613 3524 pro
1652 3456 1860 3524 aliter’)
1898 3459 2076 3510 locum
2114 3460 2427 3522 habuisset,
2466 3466 2522 3510 et
2559 3475 2678 3510 eum
2715 3461 2944 3511 nomini·

643 3530 743 3578 bus
780 3530 950 3580 uerba
990 3542 1202 3591 quoque
1242 3527 1484 3577 eiusdem
1522 3533 1716 3592 poetae
1738 3528 1928 3578 comici
1961 3528 2308 3592 eiusdemque
2348 3527 2576 3579 fabulae
2602 3528 2938 3588 exciderent,

641 3597 797 3646 cuius
843 3600 1036 3644 nostra
1087 3599 1228 3646 sunt.
1301 3595 1459 3656 Quod
1508 3596 1788 3660 perspexit
1825 3596 1887 3644 L.
1927 3595 2162 3645 Mueller
2197 3610 2330 3644 mus.
2375 3595 2551 3647 Rhen.
2598 3596 2778 3645 XXIV
2823 3598 2941 3646 242.

777 3662 872 3712 Lx
916 3661 1231 3712 Seruius=in
1272 3662 1402 3717 Aen.
1443 3662 1521 3713 IX
1562 3665 1655 3713 107
1695 3662 1851 3712 ‘hinc
1888 3667 1974 3712 est
2009 3662 2158 3728 apud
2196 3662 2438 3713 comicos
2473 3663 2798 3725 iniurius,
2849 3664 2942 3729 qui

643 3731 813 3781 audet
849 3729 1057 3795 aliquid
1106 3734 1302 3779 contra
1339 3730 1586 3780 ordinem
1634 3730 1812 3779 iuris.’
2019 3730 2148 3780 LXI
2185 3730 2562 3780 Tertullianus
2599 3730 2665 3779 de
2704 3730 2874 3795 pallio
2909 3734 2943 3781 4

641 3799 891 3849 ‘tametsi
929 3797 1192 3848 adoratur
1229 3814 1262 3847 a
1298 3798 1485 3861 uobis,
1525 3798 1618 3861 qui
1655 3796 2061 3848 erubescendus
2096 3801 2208 3861 est,
2247 3798 2940 3864 Scytalosagittipel-

640 3866 822 3930 liger
857 3866 984 3928 ille,
1033 3866 1126 3930 qui
1173 3870 1344 3916 totam
1393 3865 1625 3931 epitheti
1676 3866 1761 3915 sui
1797 3871 1996 3915 sortem
2044 3882 2164 3916 cum
2200 3866 2457 3916 muliebri
2495 3866 2647 3915 cultu
2684 3882 2939 3931 compen-

812 4045 889 4102 73
929 4051 1122 4115 potest
1167 4047 1335 4100 etiam
1381 4048 1704 4116 septenarii
1744 4045 1976 4101 iambici
2017 4049 2210 4102 excitus
2247 4045 2438 4117 fuisse
2611 4042 2941 4098 obsatnllont

646 4129 705 4186 Ο.
753 4129 1077 4186 Muellerus
1122 4127 1427 4183 obsatulent
1473 4130 1597 4184 cod.
1775 4128 1851 4184 74
1902 4129 2039 4184 haud
2099 4129 2405 4186 Turnebus
2457 4131 2549 4186 siit
2591 4129 2750 4184 Flor.
2797 4134 2941 4183 teste

641 4217 719 4272 Η.
768 4216 844 4272 K.
887 4221 980 4269 aut
1026 4213 1189 4269 Goth.
1238 4214 1437 4268 Haun.
1484 4214 1625 4268 Par.
1673 4215 1734 4284 b,
1781 4231 1888 4269 om.
1939 4231 2065 4271 cum
2113 4216 2252 4269 Par.
2303 4234 2338 4269 a
2386 4214 2728 4286 Spenyelius

641 4294 747 4357 74⁵
787 4300 1047 4371 fortasse
1091 4299 1294 4353 melius
1338 4288 1985 4372 Scytalossgittipelliger
2030 4301 2240 4371 efferri
2282 4302 2495 4356 monuit
2544 4297 2940 4353 Buechelerus
