3400 5075
1332 303 1858 387 coROLLARIVM
2611 305 2740 358 xlx

442 467 599 531 bam
648 466 799 550 quid
846 466 913 531 ni
963 488 1090 530 una
1136 488 1282 531 cum
1328 467 1506 531 tituli
1551 472 1735 551 parte
1783 468 2017 531 lacuna
2072 466 2377 530 haustam
2425 488 2564 530 esse
2613 489 2743 531 cre-

443 573 728 636 damus?
1207 568 1211 572 ’

626 677 907 742 Versum
943 680 1086 762 116,
1133 681 1389 764 qualem
1420 680 1790 744 coniectura
1820 680 2069 763 scripsi,
2108 679 2387 743 conferri
2416 681 2570 744 licet
2597 703 2742 745 cum

447 784 702 869 Graec'o
764 787 1106 868 proverbio
1166 787 1413 871 χρυσοῦ
1472 788 1839 863 λαλοῦντος
1897 787 2023 862 πᾶς
2078 780 2484 871 ἄπρακτείτω
2540 784 2739 870 λόγος

445 889 911 976 (paroemiogr.
961 891 1066 956 Gr.
1113 892 1177 956 11
1226 916 1284 975 p.
1335 894 1458 956 7:27
1508 916 1568 956 n.
1617 894 1750 978 38),
1797 894 1965 974 quod
2014 894 2324 957 Erasmus
2373 895 2440 958 in
2488 896 2740 979 adagiis

450 1018 513 1078 p.
543 998 671 1059 589
719 998 813 1060 sic
852 998 1052 1062 latine
1090 1000 1552 1082 interpretatus
1593 1004 1716 1063 est:
1766 999 1954 1064 ‘auro
2004 1001 2304 1084 loquente
2342 1002 2511 1066 ratio
2549 1024 2740 1084 quae-

449 1104 551 1166 vis
598 1104 789 1167 irrita
835 1103 975 1167 est?

628 1209 871 1273 Versus
917 1213 1039 1274 118
1080 1212 1372 1275 convicia
1410 1213 1462 1275 si
1505 1213 1674 1276 inter
1715 1213 1900 1277 binos
1940 1214 2183 1277 iactata
2211 1215 2507 1297 fuissent,
2537 1218 2744 1280 multo

449 1339 577 1380 non
625 1316 904 1380 fortiora
950 1322 1230 1399 tantum,
1278 1342 1496 1383 verum
1546 1320 1742 1383 etiam
1792 1317 2085 1384 acutiora
2132 1326 2196 1383 et
2253 1323 2744 1387 maledicentiae

450 1423 587 1484 sale
634 1423 913 1506 quodam
962 1425 1221 1488 uberius
1270 1426 1529 1489 condita
1576 1431 2000 1508 expectarem.

641 1548 779 1610 122.
847 1546 1008 1611 Cum
1071 1549 1242 1611 inter
1300 1549 1458 1613 duos
1518 1571 1727 1613 armo-s·
1787 1552 1920 1614 suis
1981 1553 2266 1636 positum
2327 1554 2413 1616 sit
2455 1556 2744 1637 ymte'mffl,

448 1652 730 1715 fortasse
792 1676 908 1735 per
959 1655 1159 1719 risum
1223 1655 1334 1719 ille
1389 1678 1668 1739 quoque,
1727 1659 2050 1739 parasitus
2101 1662 2284 1740 put0‚
2343 1661 2540 1721 ‹tr-mis
2589 1682 2788 1745 sane,

450 1760 742 1823 meruisse
799 1760 1161 1844 dicebatur,
1220 1784 1348 1826 non
1406 1768 1625 1826 tamen
1674 1768 1745 1826 ut
1802 1765 2072 1847 milite-e,
2130 1766 2238 1827 sed
2297 1765 2610 1845 petimine
2668 1766 2744 1828 de

451 1867 652 1929 armis
701 1871 980 1951 sumpto,
1027 1869 1199 1952 quod
1245 1870 1668 1933 devoraverit.

636 1992 778 2055 125.
826 1990 923 2055 Cf.
969 1990 1185 2055 Plauti
1235 1992 1395 2057 Rud.
1443 1995 1576 2057 430
1624 1993 1770 2065 ‘vel
1805 1998 1874 2057 tu
1927 1995 2013 2058 mi
2064 1995 2201 2059 aias
2250 1996 2348 2059 vel
2397 1995 2639 2080 neges?

632 2114 874 2178 Versus
919 2117 1043 2179 126
1086 2139 1176 2199 sq.
1240 2140 1372 2181 non
1421 2122 1523 2180 sat
1569 2122 1791 2200 aperte
1839 2119 2158 2182 declaravi
2209 2120 2278 2182 in
2324 2119 2493 2183 hunc
2542 2120 2743 2202 potis-

450 2222 689 2284 simum
737 2223 999 2285 modum
1049 2223 1208 2286 mihi
1258 2224 1460 2288 videri
1507 2226 1941 2289 restituendos
1990 2248 2156 2289 esse:

674 2347 837 2426 quae'
872 2348 1138 2427 desymret
1184 2349 1250 2411 se
1295 2352 1647 2431 nupturam
1695 2349 1972 2411 viridulo
2022 2349 2522 2431 adulescentum,

673 2454 750 2515 ea
797 2453 950 2516 licet
997 2453 1197 2516 sensse
1246 2458 1483 2518 tractet
1529 2456 1836 2526 de'tritum
1885 2455 2260 2518 rutabulum

451 2600 581 2641 non
632 2578 853 2641 addita
899 2578 1338 2662 interrogandi
1386 2585 1561 2643 nota.
1638 2577 1942 2642 Ceterum
1991 2601 2383 2663 quamquam
2431 2582 2740 2645 conviciis

451 2685 839 2767 respondere
888 2684 1223 2768 indignum
1274 2708 1374 2748 me
1422 2686 1661 2767 habe0‚
1722 2686 2032 2748 traditum
2081 2687 2147 2748 in
2195 2687 2413 2749 codice
2460 2689 2744 2751 retritum

450 2794 517 2852 et
578 2791 1059 2854 adlitteratione
1115 2793 1691 2856 commendabatur
1745 2815 1859 2855 1199
1919 2792 2127 2874 magis
2182 2794 2265 2856 ab
2322 2815 2397 2856 ea
2457 2793 2740 2874 notione,

450 2920 579 2980 qua
606 2897 713 2960 hic
753 2921 914 2980 opus
946 2919 1084 2961 esse
1121 2920 1311 2962 nemo
1351 2923 1477 2963 non
1518 2900 1712 2978 videt,
1756 2899 2102 2962 abhorrere
2142 2900 2352 2962 visum
2393 2903 2492 2962 est
2529 2923 2742 2983 quam,

450 2999 524 3067 ut
553 3004 676 3066 hoe
727 3009 887 3086 utar,
923 3010 1195 3068 retusum
1243 3007 1444 3068 telum
1485 3006 1653 3088 quod
1692 3006 1930 3068 dieitur
1976 3005 2083 3090 (cf.
2121 3005 2589 3091 retrimen-tzme),
2625 3029 2742 3071 nec

456 3111 810 3192 productae
858 3111 1325 3193 praepositioni
1374 3134 1457 3189 re,
1486 3135 1648 3195 quae
1694 3113 1805 3175 red
1847 3113 2035 3194 plene
2067 3113 2363 3193 sonabat,
2412 3114 2742 3176 excusatio

450 3217 764 3300 quaedam
826 3217 1064 3298 deerat,
1124 3219 1506 3299 praesertim
1564 3240 1708 3281 cum
1770 3218 1894 3282 1109
1945 3241 2068 3280 uno
2130 3218 2274 3280 loeo
2324 3221 2498 3279 extet
2557 3241 2741 3281 voca-

451 3324 693 3387 bulum.

636 3431 760 3493 130
799 3452 889 3513 sq.
937 3430 1309 3494 Temeraria
1355 3435 1421 3493 et
1467 3453 1768 3514 perversa
1816 3434 1916 3493 est
1960 3429 2226 3510 Bergkii
2276 3427 2579 3508 suspici0‚
2618 3451 2743 3511 qua

450 3538 517 3601 in
564 3536 735 3600 Livii
773 3537 974 3599 Tereo
1023 3536 1183 3599 haec
1222 3537 1648 3601 Philomelam
1698 3536 1937 3599 dixisse
1975 3534 2178 3625 finxit,
2218 3556 2255 3595 a
2304 3533 2482 3594 cuius
2528 3523 2741 3597 mente

449 3653 555 3706 acx
584 3665 860 3725 persona
905 3646 1218 3726 quantum
1280 3644 1677 3707 abhorreant
1737 3641 1967 3705 melius
2031 3640 2254 3702 sentiri
2317 3661 2447 3702 non
2507 3642 2742 3723 potest,

449 3772 645 3833 quam
694 3749 747 3813 si
796 3750 1047 3813 coneris
1086 3749 1300 3813 verbis
1349 3751 1725 3832 exprimere,
1755 3748 1906 3831 quid
1955 3747 2070 3810 illa
2117 3747 2247 3808 fere
2296 3746 2505 3809 dicere
2553 3752 2739 3830 potu-

449 3857 591 3919 erit.
680 3856 894 3938 potuit
955 3856 1261 3919 nimirum
1327 3857 1403 3919 de
1460 3856 1847 3918 vestimento
1905 3876 1942 3916 a
1999 3875 2065 3915 se
2130 3856 2305 3916 texto
2360 3877 2491 3916 11011
2547 3854 2742 3917 nimis

447 3964 667 4044 inepte
716 3962 808 4024 sic
856 3961 1134 4025 fortasse
1173 3962 1377 4044 loqui:
1426 3961 1625 4045 ‘quod
1675 3962 1797 4024 etsi
1841 3964 2033 4041 tacet,
2082 3982 2226 4022 cum
2278 3959 2512 4022 viderit
2559 3982 2743 4023 soror

446 4073 669 4132 tamen
717 4068 928 4150 scibit,
976 4069 1127 4151 quid
1174 4068 1419 4131 factum
1471 4066 1596 4131 sit.'
1670 4068 1693 4130 i
1742 4089 1909 4129 nunc
1957 4068 2022 4127 et
2063 4066 2222 4128 haec
2271 4066 2368 4130 vel
2421 4088 2563 4128 911111
2613 4070 2739 4128 tra-

446 4175 606 4237 ditis
656 4174 754 4238 vel
804 4196 949 4237 cum
997 4173 1383 4257 Bergkianis
1430 4175 1644 4237 verbis
1693 4173 1985 4238 concilia.

629 4296 729 4362 Ne
777 4298 846 4361 in
893 4298 1311 4362 adnotatione
1360 4298 1616 4380 quidem
1665 4297 1931 4382 dignum
1981 4296 2179 4359 habui
2228 4315 2419 4378 quem
2467 4315 2740 4376 expone-

2237 4398 2314 4453 b*
