<?xml version="1.0" encoding="UTF-8"?>
<!DOCTYPE html PUBLIC "-//W3C//DTD XHTML 1.0 Transitional//EN"
    "http://www.w3.org/TR/xhtml1/DTD/xhtml1-transitional.dtd">
<html xmlns="http://www.w3.org/1999/xhtml" xml:lang="en" lang="en">
 <head>
  <title>
</title>
<meta http-equiv="Content-Type" content="text/html;charset=utf-8" />
  <meta name='ocr-system' content='tesseract 3.04.00' />
  <meta name='ocr-capabilities' content='ocr_page ocr_carea ocr_par ocr_line ocrx_word'/>
</head>
<body>
  <div class='ocr_page' id='page_1' title='image "./comicorumromano00teregoog_0177.png"; bbox 0 0 3400 5075; ppageno 0'>
   <div class='ocr_carea' id='block_1_1' title="bbox 1298 301 2813 365">
    <p class='ocr_par' dir='ltr' id='par_1_1' title="bbox 1298 301 2813 365">
     <span class='ocr_line' id='line_1_1' title="bbox 1298 301 2813 365; baseline 0.008 -11"><span class='ocrx_word' id='word_1_1' title='bbox 1298 304 1685 356; x_wconf 79' lang='lat' dir='ltr'><strong>CAEclLIVS</strong></span> <span class='ocrx_word' id='word_1_2' title='bbox 1734 303 2037 354; x_wconf 78' lang='lat' dir='ltr'>STATIVS</span> <span class='ocrx_word' id='word_1_3' title='bbox 2730 301 2813 365; x_wconf 84' lang='lat'><strong>39</strong></span> 
     </span>
    </p>
   </div>
   <div class='ocr_carea' id='block_1_2' title="bbox 1635 458 1700 523">
    <p class='ocr_par' dir='ltr' id='par_1_2' title="bbox 1635 458 1700 523">
     <span class='ocr_line' id='line_1_2' title="bbox 1635 458 1700 523; baseline 0 0"><span class='ocrx_word' id='word_1_4' title='bbox 1635 458 1700 523; x_wconf 93' lang='grc' dir='ltr'>Π</span> 
     </span>
    </p>
   </div>
   <div class='ocr_carea' id='block_1_3' title="bbox 559 549 2535 632">
    <p class='ocr_par' dir='ltr' id='par_1_3' title="bbox 559 549 2535 632">
     <span class='ocr_line' id='line_1_3' title="bbox 559 549 2535 632; baseline -0.002 -18"><span class='ocrx_word' id='word_1_5' title='bbox 559 553 646 614; x_wconf 81' lang='grc'>20</span> <span class='ocrx_word' id='word_1_6' title='bbox 1806 549 2117 632; x_wconf 86' lang='lat' dir='ltr'><strong>numquid</strong></span> <span class='ocrx_word' id='word_1_7' title='bbox 2165 550 2317 612; x_wconf 76' lang='lat' dir='ltr'><strong>mim</strong></span> <span class='ocrx_word' id='word_1_8' title='bbox 2364 550 2535 613; x_wconf 83' lang='lat' dir='ltr'><strong>fores</strong></span> 
     </span>
    </p>
   </div>
   <div class='ocr_carea' id='block_1_4' title="bbox 693 637 1889 790">
    <p class='ocr_par' dir='ltr' id='par_1_4' title="bbox 693 637 1889 790">
     <span class='ocr_line' id='line_1_4' title="bbox 693 637 1216 702; baseline -0.006 0"><span class='ocrx_word' id='word_1_9' title='bbox 693 637 925 702; x_wconf 75' lang='lat' dir='ltr'><strong>Fecere</strong></span> <span class='ocrx_word' id='word_1_10' title='bbox 973 637 1168 700; x_wconf 79' lang='lat' dir='ltr'><strong>soniti</strong></span> <span class='ocrx_word' id='word_1_11' title='bbox 1182 637 1216 699; x_wconf 70' lang='grc' dir='ltr'><strong>ἶ)</strong></span> 
     </span>
     <span class='ocr_line' id='line_1_5' title="bbox 1440 724 1889 790; baseline 0 -1"><span class='ocrx_word' id='word_1_12' title='bbox 1440 724 1889 790; x_wconf 81' lang='lat' dir='ltr'>CHRYSION</span> 
     </span>
    </p>
   </div>
   <div class='ocr_carea' id='block_1_5' title="bbox 558 841 2546 1396">
    <p class='ocr_par' dir='ltr' id='par_1_5' title="bbox 691 841 2546 1155">
     <span class='ocr_line' id='line_1_6' title="bbox 759 841 2451 926; baseline -0.001 -21"><span class='ocrx_word' id='word_1_13' title='bbox 759 894 770 905; x_wconf 94' lang='lat'><strong>.</strong></span> <span class='ocrx_word' id='word_1_14' title='bbox 820 862 1208 925; x_wconf 82' lang='lat' dir='ltr'><strong>quamquam</strong></span> <span class='ocrx_word' id='word_1_15' title='bbox 1257 862 1378 926; x_wconf 90' lang='lat' dir='ltr'><strong>ego</strong></span> <span class='ocrx_word' id='word_1_16' title='bbox 1426 841 1715 905; x_wconf 74' lang='lat' dir='ltr'><strong>mercede</strong></span> <span class='ocrx_word' id='word_1_17' title='bbox 1761 841 1887 905; x_wconf 87' lang='lat' dir='ltr'><strong>hue</strong></span> <span class='ocrx_word' id='word_1_18' title='bbox 1938 841 2292 905; x_wconf 68' lang='lat' dir='ltr'><strong>conductus</strong></span> <span class='ocrx_word' id='word_1_19' title='bbox 2339 844 2451 904; x_wconf 77' lang='lat' dir='ltr'><strong>tua</strong></span> 
     </span>
     <span class='ocr_line' id='line_1_7' title="bbox 691 956 2546 1040; baseline -0.001 -18"><span class='ocrx_word' id='word_1_20' title='bbox 691 957 1018 1040; x_wconf 75' lang='lat' dir='ltr'><strong>AdueniO,</strong></span> <span class='ocrx_word' id='word_1_21' title='bbox 1063 978 1144 1020; x_wconf 88' lang='lat' dir='ltr'><strong>ne</strong></span> <span class='ocrx_word' id='word_1_22' title='bbox 1193 956 1310 1019; x_wconf 76' lang='lat' dir='ltr'><strong>tibi</strong></span> <span class='ocrx_word' id='word_1_23' title='bbox 1357 978 1459 1019; x_wconf 87' lang='lat' dir='ltr'><strong>me</strong></span> <span class='ocrx_word' id='word_1_24' title='bbox 1507 958 1644 1020; x_wconf 75' lang='lat' dir='ltr'><strong>esse</strong></span> <span class='ocrx_word' id='word_1_25' title='bbox 1694 956 1776 1020; x_wconf 92' lang='lat' dir='ltr'><strong>ob</strong></span> <span class='ocrx_word' id='word_1_26' title='bbox 1826 978 1968 1020; x_wconf 83' lang='lat' dir='ltr'><strong>eam</strong></span> <span class='ocrx_word' id='word_1_27' title='bbox 2015 978 2150 1021; x_wconf 90' lang='lat' dir='ltr'><strong>rem</strong></span> <span class='ocrx_word' id='word_1_28' title='bbox 2197 956 2546 1020; x_wconf 78' lang='lat' dir='ltr'><strong>obnoxium</strong></span> 
     </span>
     <span class='ocr_line' id='line_1_8' title="bbox 695 1069 2211 1155; baseline -0.002 -17"><span class='ocrx_word' id='word_1_29' title='bbox 695 1072 926 1138; x_wconf 61' lang='lat' dir='ltr'><strong>Reiire:</strong></span> <span class='ocrx_word' id='word_1_30' title='bbox 975 1072 1226 1136; x_wconf 84' lang='lat' dir='ltr'><strong>audibis</strong></span> <span class='ocrx_word' id='word_1_31' title='bbox 1272 1072 1467 1155; x_wconf 68' lang='lat' dir='ltr'><strong>maile,</strong></span> <span class='ocrx_word' id='word_1_32' title='bbox 1513 1071 1568 1134; x_wconf 87' lang='lat' dir='ltr'><strong>si</strong></span> <span class='ocrx_word' id='word_1_33' title='bbox 1613 1073 1782 1135; x_wconf 83' lang='lat' dir='ltr'><strong>male</strong></span> <span class='ocrx_word' id='word_1_34' title='bbox 1830 1069 1991 1135; x_wconf 75' lang='lat' dir='ltr'><strong>dieis</strong></span> <span class='ocrx_word' id='word_1_35' title='bbox 2036 1071 2211 1135; x_wconf 88' lang='lat' dir='ltr'><strong>mihi.</strong></span> 
     </span>
    </p>

    <p class='ocr_par' dir='ltr' id='par_1_6' title="bbox 558 1193 2410 1396">
     <span class='ocr_line' id='line_1_9' title="bbox 1419 1193 1907 1260; baseline -0.002 -1"><span class='ocrx_word' id='word_1_36' title='bbox 1419 1193 1907 1260; x_wconf 80' lang='lat' dir='ltr'><strong>DARDANVS</strong></span> 
     </span>
     <span class='ocr_line' id='line_1_10' title="bbox 558 1310 2410 1396; baseline -0.003 -18"><span class='ocrx_word' id='word_1_37' title='bbox 558 1312 646 1378; x_wconf 80' lang='lat'><strong>25</strong></span> <span class='ocrx_word' id='word_1_38' title='bbox 692 1310 878 1376; x_wconf 87' lang='lat' dir='ltr'><strong>Nihss</strong></span> <span class='ocrx_word' id='word_1_39' title='bbox 926 1332 1047 1396; x_wconf 87' lang='lat' dir='ltr'><strong>ego</strong></span> <span class='ocrx_word' id='word_1_40' title='bbox 1097 1311 1231 1396; x_wconf 87' lang='lat' dir='ltr'><strong>spei</strong></span> <span class='ocrx_word' id='word_1_41' title='bbox 1279 1310 1495 1394; x_wconf 87' lang='lat' dir='ltr'><strong>credo,</strong></span> <span class='ocrx_word' id='word_1_42' title='bbox 1541 1311 1752 1374; x_wconf 73' lang='lat' dir='ltr'><strong>omnis</strong></span> <span class='ocrx_word' id='word_1_43' title='bbox 1799 1333 1901 1375; x_wconf 86' lang='lat' dir='ltr'><strong>res</strong></span> <span class='ocrx_word' id='word_1_44' title='bbox 1950 1311 2189 1395; x_wconf 62' lang='lat' dir='ltr'><strong>spissaeis</strong></span> <span class='ocrx_word' id='word_1_45' title='bbox 2237 1311 2410 1374; x_wconf 75' lang='lat' dir='ltr'><strong>facit.</strong></span> 
     </span>
    </p>
   </div>
   <div class='ocr_carea' id='block_1_6' title="bbox 513 1486 2819 2363">
    <p class='ocr_par' dir='ltr' id='par_1_7' title="bbox 515 1486 2819 1554">
     <span class='ocr_line' id='line_1_11' title="bbox 515 1486 2819 1554; baseline -0 -15"><span class='ocrx_word' id='word_1_46' title='bbox 515 1488 786 1539; x_wconf 84' lang='lat' dir='ltr'><strong>uidetur</strong></span> <span class='ocrx_word' id='word_1_47' title='bbox 811 1493 1185 1538; x_wconf 82' lang='lat' dir='ltr'><strong>mutuatum</strong></span> <span class='ocrx_word' id='word_1_48' title='bbox 1208 1486 1428 1554; x_wconf 84' lang='lat' dir='ltr'><strong>Maehly</strong></span> <span class='ocrx_word' id='word_1_49' title='bbox 1455 1503 1582 1538; x_wconf 82' lang='lat' dir='ltr'><strong>ann.</strong></span> <span class='ocrx_word' id='word_1_50' title='bbox 1609 1487 1819 1552; x_wconf 89' lang='lat' dir='ltr'><strong>philoll.</strong></span> <span class='ocrx_word' id='word_1_51' title='bbox 1848 1489 1971 1538; x_wconf 81' lang='lat'>1861</span> <span class='ocrx_word' id='word_1_52' title='bbox 2001 1504 2052 1553; x_wconf 90' lang='lat' dir='ltr'><strong>p.</strong></span> <span class='ocrx_word' id='word_1_53' title='bbox 2075 1487 2193 1551; x_wconf 78' lang='lat'>140)</span> <span class='ocrx_word' id='word_1_54' title='bbox 2299 1488 2349 1537; x_wconf 90' lang='lat'><strong>11</strong></span> <span class='ocrx_word' id='word_1_55' title='bbox 2378 1487 2586 1537; x_wconf 81' lang='lat' dir='ltr'><strong>Nonius</strong></span> <span class='ocrx_word' id='word_1_56' title='bbox 2610 1489 2725 1549; x_wconf 76' lang='lat'>491,</span> <span class='ocrx_word' id='word_1_57' title='bbox 2751 1490 2819 1539; x_wconf 84' lang='grc'>25</span> 
     </span>
    </p>

    <p class='ocr_par' dir='ltr' id='par_1_8' title="bbox 514 1554 2815 1757">
     <span class='ocr_line' id='line_1_12' title="bbox 514 1554 2815 1620; baseline -0.001 -12.977"><span class='ocrx_word' id='word_1_58' title='bbox 514 1558 750 1607; x_wconf 77' lang='lat' dir='ltr'><strong>‘soniti</strong></span> <span class='ocrx_word' id='word_1_59' title='bbox 791 1560 847 1606; x_wconf 81' lang='lat' dir='ltr'><strong>et</strong></span> <span class='ocrx_word' id='word_1_60' title='bbox 881 1571 1018 1606; x_wconf 84' lang='lat' dir='ltr'><strong>sonu</strong></span> <span class='ocrx_word' id='word_1_61' title='bbox 1055 1571 1151 1620; x_wconf 87' lang='lat' dir='ltr'><strong>pro</strong></span> <span class='ocrx_word' id='word_1_62' title='bbox 1177 1557 1388 1607; x_wconf 81' lang='lat' dir='ltr'><strong>sonitus</strong></span> <span class='ocrx_word' id='word_1_63' title='bbox 1426 1560 1482 1606; x_wconf 85' lang='lat' dir='ltr'><strong>et</strong></span> <span class='ocrx_word' id='word_1_64' title='bbox 1519 1560 1674 1606; x_wconf 79' lang='lat' dir='ltr'><strong>sono&#39;</strong></span> <span class='ocrx_word' id='word_1_65' title='bbox 1716 1554 1887 1619; x_wconf 82' lang='lat' dir='ltr'><strong>(‘soni</strong></span> <span class='ocrx_word' id='word_1_66' title='bbox 1913 1559 1973 1612; x_wconf 54' lang='lat' dir='ltr'><strong>et,</strong></span> <span class='ocrx_word' id='word_1_67' title='bbox 1994 1570 2159 1604; x_wconf 84' lang='lat' dir='ltr'><strong>sonus</strong></span> <span class='ocrx_word' id='word_1_68' title='bbox 2187 1570 2285 1620; x_wconf 87' lang='lat' dir='ltr'><strong>pro</strong></span> <span class='ocrx_word' id='word_1_69' title='bbox 2311 1555 2525 1605; x_wconf 81' lang='lat' dir='ltr'><strong>sonitus</strong></span> <span class='ocrx_word' id='word_1_70' title='bbox 2562 1562 2621 1604; x_wconf 75' lang='lat' dir='ltr'><strong>et</strong></span> <span class='ocrx_word' id='word_1_71' title='bbox 2656 1560 2815 1605; x_wconf 82' lang='lat' dir='ltr'><strong>sona’</strong></span> 
     </span>
     <span class='ocr_line' id='line_1_13' title="bbox 517 1621 2814 1688; baseline -0 -14"><span class='ocrx_word' id='word_1_72' title='bbox 517 1623 665 1688; x_wconf 82' lang='lat' dir='ltr'><strong>libri)</strong></span> <span class='ocrx_word' id='word_1_73' title='bbox 703 1624 1004 1675; x_wconf 79' lang='lat' dir='ltr'><strong>‘Pacuuius</strong></span> <span class='ocrx_word' id='word_1_74' title='bbox 1030 1622 1348 1674; x_wconf 84' lang='lat' dir='ltr'><strong>Duloreste·</strong></span> <span class='ocrx_word' id='word_1_75' title='bbox 1388 1623 1719 1688; x_wconf 78' lang='lat' dir='ltr'><strong>quidnam..</strong></span> <span class='ocrx_word' id='word_1_76' title='bbox 1743 1622 2060 1675; x_wconf 83' lang='lat' dir='ltr'><strong>,Caecilius</strong></span> <span class='ocrx_word' id='word_1_77' title='bbox 2085 1622 2348 1672; x_wconf 83' lang='lat' dir='ltr'><strong>Calcis.</strong></span> <span class='ocrx_word' id='word_1_78' title='bbox 2387 1638 2509 1671; x_wconf 90' lang='lat' dir='ltr'><strong>nam</strong></span> <span class='ocrx_word' id='word_1_79' title='bbox 2537 1621 2814 1687; x_wconf 86' lang='lat' dir='ltr'><strong>quidnam&#39;</strong></span> 
     </span>
     <span class='ocr_line' id='line_1_14' title="bbox 518 1688 1350 1757; baseline -0.002 -15"><span class='ocrx_word' id='word_1_80' title='bbox 518 1708 565 1742; x_wconf 89' lang='lat' dir='ltr'><strong>e.</strong></span> <span class='ocrx_word' id='word_1_81' title='bbox 593 1708 641 1757; x_wconf 89' lang='lat' dir='ltr'><strong>q.</strong></span> <span class='ocrx_word' id='word_1_82' title='bbox 668 1707 713 1743; x_wconf 78' lang='lat' dir='ltr'><strong>s.</strong></span> <span class='ocrx_word' id='word_1_83' title='bbox 752 1690 1088 1754; x_wconf 82' lang='lat' dir='ltr'><strong>(Chalciis</strong></span> <span class='ocrx_word' id='word_1_84' title='bbox 1123 1688 1350 1754; x_wconf 85' lang='lat' dir='ltr'><strong>Junius)</strong></span> 
     </span>
    </p>

    <p class='ocr_par' dir='ltr' id='par_1_9' title="bbox 513 1755 2816 2363">
     <span class='ocr_line' id='line_1_15' title="bbox 652 1755 2814 1823; baseline -0 -15"><span class='ocrx_word' id='word_1_85' title='bbox 652 1757 958 1809; x_wconf 69' lang='lat' dir='ltr'><strong>Cnnrsiou.</strong></span> <span class='ocrx_word' id='word_1_86' title='bbox 1029 1756 1347 1823; x_wconf 76' lang='lat' dir='ltr'><strong>‘Chrysion’</strong></span> <span class='ocrx_word' id='word_1_87' title='bbox 1386 1755 1569 1823; x_wconf 89' lang='lat' dir='ltr'><strong>(immo</strong></span> <span class='ocrx_word' id='word_1_88' title='bbox 1606 1756 1920 1821; x_wconf 79' lang='lat' dir='ltr'><strong>Crusion)</strong></span> <span class='ocrx_word' id='word_1_89' title='bbox 1968 1772 2076 1808; x_wconf 86' lang='lat' dir='ltr'><strong>non</strong></span> <span class='ocrx_word' id='word_1_90' title='bbox 2114 1757 2426 1821; x_wconf 78' lang='lat' dir='ltr'><strong>‘Chrysius’</strong></span> <span class='ocrx_word' id='word_1_91' title='bbox 2465 1757 2814 1807; x_wconf 86' lang='lat' dir='ltr'><strong>scribendum</strong></span> 
     </span>
     <span class='ocr_line' id='line_1_16' title="bbox 516 1824 2812 1901; baseline -0.001 -24"><span class='ocrx_word' id='word_1_92' title='bbox 516 1843 637 1877; x_wconf 85' lang='lat' dir='ltr'><strong>esse</strong></span> <span class='ocrx_word' id='word_1_93' title='bbox 675 1826 822 1875; x_wconf 82' lang='lat' dir='ltr'><strong>uidit</strong></span> <span class='ocrx_word' id='word_1_94' title='bbox 859 1824 1190 1890; x_wconf 84' lang='lat' dir='ltr'><strong>Spengelius</strong></span> <span class='ocrx_word' id='word_1_95' title='bbox 1234 1841 1288 1890; x_wconf 90' lang='lat' dir='ltr'><strong>p.</strong></span> <span class='ocrx_word' id='word_1_96' title='bbox 1326 1828 1386 1878; x_wconf 85' lang='lat'><strong>6:</strong></span> <span class='ocrx_word' id='word_1_97' title='bbox 1432 1827 1506 1876; x_wconf 86' lang='lat' dir='ltr'><strong>cf.</strong></span> <span class='ocrx_word' id='word_1_98' title='bbox 1542 1827 1651 1876; x_wconf 87' lang='lat' dir='ltr'><strong>inc.</strong></span> <span class='ocrx_word' id='word_1_99' title='bbox 1692 1825 1808 1876; x_wconf 82' lang='lat' dir='ltr'><strong>fab.</strong></span> <span class='ocrx_word' id='word_1_100' title='bbox 1848 1824 2096 1875; x_wconf 82' lang='lat' dir='ltr'><strong>XXXVI.</strong></span> <span class='ocrx_word' id='word_1_101' title='bbox 2166 1825 2229 1874; x_wconf 88' lang='lat' dir='ltr'><strong>In</strong></span> <span class='ocrx_word' id='word_1_102' title='bbox 2265 1824 2601 1901; x_wconf 83' lang='lat' dir='ltr'><strong>Antiphanis</strong></span> <span class='ocrx_word' id='word_1_103' title='bbox 2618 1824 2812 1900; x_wconf 82' lang='lat' dir='ltr'><strong>Chry-</strong></span> 
     </span>
     <span class='ocr_line' id='line_1_17' title="bbox 515 1882 2813 1972; baseline 0 -29"><span class='ocrx_word' id='word_1_104' title='bbox 515 1895 633 1944; x_wconf 85' lang='lat' dir='ltr'><strong>side</strong></span> <span class='ocrx_word' id='word_1_105' title='bbox 668 1892 770 1957; x_wconf 88' lang='lat'><em>(11)</em></span> <span class='ocrx_word' id='word_1_106' title='bbox 807 1892 1010 1943; x_wconf 84' lang='lat' dir='ltr'><strong>habes:</strong></span> <span class='ocrx_word' id='word_1_107' title='bbox 1048 1889 1311 1955; x_wconf 75' lang='grc' dir='ltr'><strong>τέτταρες</strong></span> <span class='ocrx_word' id='word_1_108' title='bbox 1347 1884 1411 1943; x_wconf 75' lang='grc' dir='ltr'><strong>δ’</strong></span> <span class='ocrx_word' id='word_1_109' title='bbox 1436 1885 1783 1958; x_wconf 71' lang='grc' dir='ltr'><strong><em>αὐλητρίδες</em></strong></span> <span class='ocrx_word' id='word_1_110' title='bbox 1806 1884 2085 1972; x_wconf 81' lang='grc' dir='ltr'><strong><em>Ἔχουσι</em></strong></span> <span class='ocrx_word' id='word_1_111' title='bbox 2110 1885 2375 1956; x_wconf 76' lang='grc' dir='ltr'><strong><em>μισθὸν</em></strong></span> <span class='ocrx_word' id='word_1_112' title='bbox 2412 1890 2512 1942; x_wconf 81' lang='grc' dir='ltr'><strong>καὶ</strong></span> <span class='ocrx_word' id='word_1_113' title='bbox 2550 1882 2813 1957; x_wconf 72' lang='grc' dir='ltr'><em>μάγειροι</em></span> 
     </span>
     <span class='ocr_line' id='line_1_18' title="bbox 514 1954 2813 2026; baseline -0 -15"><span class='ocrx_word' id='word_1_114' title='bbox 514 1956 743 2013; x_wconf 77' lang='grc' dir='ltr'><strong><em>δώδεκα</em></strong></span> <span class='ocrx_word' id='word_1_115' title='bbox 778 1957 878 2011; x_wconf 80' lang='grc' dir='ltr'><strong>καὶ</strong></span> <span class='ocrx_word' id='word_1_116' title='bbox 916 1956 1261 2025; x_wconf 73' lang='grc' dir='ltr'>δημιουργοὶ</span> <span class='ocrx_word' id='word_1_117' title='bbox 1296 1956 1523 2026; x_wconf 78' lang='grc' dir='ltr'><strong><em>μέλιτος</em></strong></span> <span class='ocrx_word' id='word_1_118' title='bbox 1560 1956 1830 2011; x_wconf 81' lang='grc' dir='ltr'><strong><em>αἰτοῦσαι</em></strong></span> <span class='ocrx_word' id='word_1_119' title='bbox 1868 1954 2113 2024; x_wconf 73' lang='grc' dir='ltr'><strong><em>σκάφας.</em></strong></span> <span class='ocrx_word' id='word_1_120' title='bbox 2251 1959 2467 2010; x_wconf 83' lang='lat' dir='ltr'><strong>Gellius</strong></span> <span class='ocrx_word' id='word_1_121' title='bbox 2507 1961 2580 2010; x_wconf 91' lang='lat' dir='ltr'><strong>VI</strong></span> <span class='ocrx_word' id='word_1_122' title='bbox 2627 1962 2813 2017; x_wconf 88' lang='grc'>17,13</span> 
     </span>
     <span class='ocr_line' id='line_1_19' title="bbox 514 2026 2813 2110; baseline -0.001 -31.978"><span class='ocrx_word' id='word_1_123' title='bbox 514 2031 663 2110; x_wconf 66' lang='lat' dir='ltr'><strong>‘quis</strong></span> <span class='ocrx_word' id='word_1_124' title='bbox 710 2028 847 2079; x_wconf 82' lang='lat' dir='ltr'><strong>adeo</strong></span> <span class='ocrx_word' id='word_1_125' title='bbox 886 2032 998 2077; x_wconf 76' lang='lat' dir='ltr'><strong>tam</strong></span> <span class='ocrx_word' id='word_1_126' title='bbox 1033 2027 1258 2093; x_wconf 85' lang='lat' dir='ltr'><strong>linguae</strong></span> <span class='ocrx_word' id='word_1_127' title='bbox 1295 2028 1536 2079; x_wconf 77' lang='lat' dir='ltr'><strong>Latinae</strong></span> <span class='ocrx_word' id='word_1_128' title='bbox 1573 2028 1798 2093; x_wconf 79' lang='lat' dir='ltr'><strong>ignarus</strong></span> <span class='ocrx_word' id='word_1_129' title='bbox 1845 2033 1953 2089; x_wconf 80' lang='lat' dir='ltr'><strong>est,</strong></span> <span class='ocrx_word' id='word_1_130' title='bbox 2002 2028 2134 2092; x_wconf 87' lang='lat' dir='ltr'><strong>quin</strong></span> <span class='ocrx_word' id='word_1_131' title='bbox 2180 2028 2325 2077; x_wconf 80' lang='lat' dir='ltr'><strong>sciat</strong></span> <span class='ocrx_word' id='word_1_132' title='bbox 2371 2042 2492 2077; x_wconf 85' lang='lat' dir='ltr'><strong>eum</strong></span> <span class='ocrx_word' id='word_1_133' title='bbox 2540 2027 2651 2078; x_wconf 86' lang='lat' dir='ltr'><strong>dici</strong></span> <span class='ocrx_word' id='word_1_134' title='bbox 2699 2026 2813 2077; x_wconf 91' lang='lat' dir='ltr'><strong>ob-</strong></span> 
     </span>
     <span class='ocr_line' id='line_1_20' title="bbox 513 2065 2816 2159; baseline -0 -14"><span class='ocrx_word' id='word_1_135' title='bbox 513 2098 805 2158; x_wconf 85' lang='lat' dir='ltr'><strong>noxium,</strong></span> <span class='ocrx_word' id='word_1_136' title='bbox 856 2097 948 2144; x_wconf 88' lang='lat' dir='ltr'><strong>cui</strong></span> <span class='ocrx_word' id='word_1_137' title='bbox 995 2094 1124 2159; x_wconf 86' lang='lat' dir='ltr'><strong>quid</strong></span> <span class='ocrx_word' id='word_1_138' title='bbox 1174 2095 1245 2145; x_wconf 85' lang='lat' dir='ltr'><strong>ab</strong></span> <span class='ocrx_word' id='word_1_139' title='bbox 1292 2110 1385 2157; x_wconf 88' lang='lat' dir='ltr'><strong>eo,</strong></span> <span class='ocrx_word' id='word_1_140' title='bbox 1441 2096 1529 2145; x_wconf 87' lang='lat' dir='ltr'><strong>eui</strong></span> <span class='ocrx_word' id='word_1_141' title='bbox 1576 2110 1698 2145; x_wconf 87' lang='lat' dir='ltr'><strong>esse</strong></span> <span class='ocrx_word' id='word_1_142' title='bbox 1747 2065 2013 2145; x_wconf 67' lang='lat' dir='ltr'><strong>obnoxius</strong></span> <span class='ocrx_word' id='word_1_143' title='bbox 2051 2095 2282 2158; x_wconf 81' lang='lat' dir='ltr'><strong>dicitur,</strong></span> <span class='ocrx_word' id='word_1_144' title='bbox 2329 2094 2720 2145; x_wconf 82' lang='lat' dir='ltr'><strong>incommodari</strong></span> <span class='ocrx_word' id='word_1_145' title='bbox 2758 2100 2816 2144; x_wconf 77' lang='lat' dir='ltr'><strong>et</strong></span> 
     </span>
     <span class='ocr_line' id='line_1_21' title="bbox 513 2133 2813 2229; baseline 0 -17"><span class='ocrx_word' id='word_1_146' title='bbox 513 2164 702 2215; x_wconf 84' lang='lat' dir='ltr'><strong>noceri</strong></span> <span class='ocrx_word' id='word_1_147' title='bbox 729 2163 933 2229; x_wconf 77' lang='lat' dir='ltr'><strong>possit,</strong></span> <span class='ocrx_word' id='word_1_148' title='bbox 972 2169 1029 2212; x_wconf 81' lang='lat' dir='ltr'><strong>et</strong></span> <span class='ocrx_word' id='word_1_149' title='bbox 1053 2163 1147 2227; x_wconf 88' lang='lat' dir='ltr'><strong>qui</strong></span> <span class='ocrx_word' id='word_1_150' title='bbox 1172 2133 1385 2213; x_wconf 59' lang='lat' dir='ltr'><strong>habeat,</strong></span> <span class='ocrx_word' id='word_1_151' title='bbox 1402 2162 1645 2227; x_wconf 81' lang='lat' dir='ltr'><strong>aliquem</strong></span> <span class='ocrx_word' id='word_1_152' title='bbox 1671 2178 1876 2225; x_wconf 77' lang='lat' dir='ltr'><strong>noxae,</strong></span> <span class='ocrx_word' id='word_1_153' title='bbox 1914 2162 1970 2212; x_wconf 85' lang='lat' dir='ltr'><strong>id</strong></span> <span class='ocrx_word' id='word_1_154' title='bbox 1997 2168 2082 2212; x_wconf 84' lang='lat' dir='ltr'><strong>est</strong></span> <span class='ocrx_word' id='word_1_155' title='bbox 2109 2162 2305 2227; x_wconf 86' lang='lat' dir='ltr'><strong>eulpae</strong></span> <span class='ocrx_word' id='word_1_156' title='bbox 2332 2177 2466 2212; x_wconf 84' lang='lat' dir='ltr'><strong>suae</strong></span> <span class='ocrx_word' id='word_1_157' title='bbox 2495 2163 2813 2213; x_wconf 83' lang='lat' dir='ltr'><strong>conscium?</strong></span> 
     </span>
     <span class='ocr_line' id='line_1_22' title="bbox 635 2229 2813 2296; baseline -0 -15.053"><span class='ocrx_word' id='word_1_158' title='bbox 635 2246 744 2296; x_wconf 85' lang='lat' dir='ltr'><strong>qua</strong></span> <span class='ocrx_word' id='word_1_159' title='bbox 791 2246 923 2280; x_wconf 89' lang='lat' dir='ltr'><strong>uero</strong></span> <span class='ocrx_word' id='word_1_160' title='bbox 969 2229 1061 2279; x_wconf 88' lang='lat' dir='ltr'><strong>ille</strong></span> <span class='ocrx_word' id='word_1_161' title='bbox 1110 2231 1499 2294; x_wconf 82' lang='lat' dir='ltr'><strong>grammaticus</strong></span> <span class='ocrx_word' id='word_1_162' title='bbox 1545 2229 1792 2281; x_wconf 82' lang='lat' dir='ltr'><strong>finitione</strong></span> <span class='ocrx_word' id='word_1_163' title='bbox 1839 2245 1972 2280; x_wconf 85' lang='lat' dir='ltr'><strong>usus</strong></span> <span class='ocrx_word' id='word_1_164' title='bbox 2019 2235 2128 2288; x_wconf 82' lang='lat' dir='ltr'><strong>est,</strong></span> <span class='ocrx_word' id='word_1_165' title='bbox 2180 2246 2248 2279; x_wconf 91' lang='lat' dir='ltr'><strong>ea</strong></span> <span class='ocrx_word' id='word_1_166' title='bbox 2282 2229 2502 2279; x_wconf 74' lang='lat' dir='ltr'><strong>uidetur</strong></span> <span class='ocrx_word' id='word_1_167' title='bbox 2545 2232 2602 2279; x_wconf 87' lang='lat' dir='ltr'><strong>iu</strong></span> <span class='ocrx_word' id='word_1_168' title='bbox 2645 2231 2813 2281; x_wconf 84' lang='lat' dir='ltr'><strong>uerbo</strong></span> 
     </span>
     <span class='ocr_line' id='line_1_23' title="bbox 516 2297 2812 2363; baseline -0.001 -14"><span class='ocrx_word' id='word_1_169' title='bbox 516 2305 626 2349; x_wconf 83' lang='lat' dir='ltr'><strong>tam</strong></span> <span class='ocrx_word' id='word_1_170' title='bbox 651 2297 943 2362; x_wconf 76' lang='lat' dir='ltr'><strong>multiplici</strong></span> <span class='ocrx_word' id='word_1_171' title='bbox 970 2313 1131 2347; x_wconf 84' lang='lat' dir='ltr'><strong>unam</strong></span> <span class='ocrx_word' id='word_1_172' title='bbox 1158 2303 1371 2348; x_wconf 82' lang='lat' dir='ltr'><strong>tantum</strong></span> <span class='ocrx_word' id='word_1_173' title='bbox 1397 2297 1554 2348; x_wconf 87' lang='lat' dir='ltr'><strong>modo</strong></span> <span class='ocrx_word' id='word_1_174' title='bbox 1579 2298 1991 2363; x_wconf 82' lang='lat' dir='ltr'><strong>usurpationem</strong></span> <span class='ocrx_word' id='word_1_175' title='bbox 2018 2297 2136 2347; x_wconf 85' lang='lat' dir='ltr'><strong>eius</strong></span> <span class='ocrx_word' id='word_1_176' title='bbox 2162 2302 2406 2359; x_wconf 81' lang='lat' dir='ltr'><strong>notasse,</strong></span> <span class='ocrx_word' id='word_1_177' title='bbox 2431 2311 2571 2361; x_wconf 89' lang='lat' dir='ltr'><strong>quae</strong></span> <span class='ocrx_word' id='word_1_178' title='bbox 2598 2297 2812 2361; x_wconf 86' lang='lat' dir='ltr'><strong>quidem</strong></span> 
     </span>
    </p>
   </div>
   <div class='ocr_carea' id='block_1_7' title="bbox 515 2363 2907 2437">
    <p class='ocr_par' dir='ltr' id='par_1_10' title="bbox 515 2363 2907 2437">
     <span class='ocr_line' id='line_1_24' title="bbox 515 2363 2907 2437; baseline -0.001 -22"><span class='ocrx_word' id='word_1_179' title='bbox 515 2368 769 2431; x_wconf 79' lang='lat' dir='ltr'><strong>congruit</strong></span> <span class='ocrx_word' id='word_1_180' title='bbox 805 2381 925 2415; x_wconf 89' lang='lat' dir='ltr'><strong>cum</strong></span> <span class='ocrx_word' id='word_1_181' title='bbox 964 2363 1309 2429; x_wconf 78' lang='lat' dir='ltr'><strong>significatu,</strong></span> <span class='ocrx_word' id='word_1_182' title='bbox 1347 2380 1454 2429; x_wconf 88' lang='lat' dir='ltr'><strong>quo</strong></span> <span class='ocrx_word' id='word_1_183' title='bbox 1492 2365 1773 2416; x_wconf 82' lang='lat' dir='ltr'><strong>Caecilius</strong></span> <span class='ocrx_word' id='word_1_184' title='bbox 1808 2380 1942 2416; x_wconf 83' lang='lat' dir='ltr'><strong>usus</strong></span> <span class='ocrx_word' id='word_1_185' title='bbox 1982 2370 2068 2414; x_wconf 79' lang='lat' dir='ltr'><strong>est</strong></span> <span class='ocrx_word' id='word_1_186' title='bbox 2102 2365 2158 2437; x_wconf 70' lang='lat' dir='ltr'><strong>iri</strong></span> <span class='ocrx_word' id='word_1_187' title='bbox 2197 2364 2436 2428; x_wconf 80' lang='lat' dir='ltr'><strong>Crysio</strong></span> <span class='ocrx_word' id='word_1_188' title='bbox 2478 2364 2535 2413; x_wconf 90' lang='lat' dir='ltr'><strong>in</strong></span> <span class='ocrx_word' id='word_1_189' title='bbox 2572 2363 2659 2414; x_wconf 84' lang='lat' dir='ltr'><strong>his</strong></span> <span class='ocrx_word' id='word_1_190' title='bbox 2694 2379 2814 2415; x_wconf 89' lang='lat' dir='ltr'><strong>uer·</strong></span> <span class='ocrx_word' id='word_1_191' title='bbox 2900 2388 2907 2399; x_wconf 84' lang='lat'><strong>·</strong></span> 
     </span>
    </p>
   </div>
   <div class='ocr_carea' id='block_1_8' title="bbox 510 2442 2813 2669">
    <p class='ocr_par' dir='ltr' id='par_1_11' title="bbox 510 2442 2813 2669">
     <span class='ocr_line' id='line_1_25' title="bbox 510 2442 2813 2534; baseline -0.001 -15"><span class='ocrx_word' id='word_1_192' title='bbox 510 2470 690 2519; x_wconf 83' lang='lat' dir='ltr'><strong>sibus:</strong></span> <span class='ocrx_word' id='word_1_193' title='bbox 728 2472 1080 2534; x_wconf 82' lang='lat' dir='ltr'><strong>quamquam&#39;</strong></span> <span class='ocrx_word' id='word_1_194' title='bbox 1120 2483 1165 2521; x_wconf 90' lang='lat' dir='ltr'><strong>e.</strong></span> <span class='ocrx_word' id='word_1_195' title='bbox 1202 2484 1252 2532; x_wconf 90' lang='lat' dir='ltr'><strong>q.</strong></span> <span class='ocrx_word' id='word_1_196' title='bbox 1288 2483 1328 2524; x_wconf 83' lang='lat' dir='ltr'><strong>s,</strong></span> <span class='ocrx_word' id='word_1_197' title='bbox 1374 2465 1636 2533; x_wconf 81' lang='lat' dir='ltr'><strong>(Crysio</strong></span> <span class='ocrx_word' id='word_1_198' title='bbox 1673 2469 1740 2518; x_wconf 87' lang='lat' dir='ltr'><strong>in</strong></span> <span class='ocrx_word' id='word_1_199' title='bbox 1774 2469 1910 2533; x_wconf 84' lang='lat' dir='ltr'><strong>Reg.</strong></span> <span class='ocrx_word' id='word_1_200' title='bbox 1946 2469 2074 2519; x_wconf 80' lang='lat' dir='ltr'><strong>Vat.</strong></span> <span class='ocrx_word' id='word_1_201' title='bbox 2115 2442 2256 2517; x_wconf 68' lang='lat' dir='ltr'><strong>e¹sio</strong></span> <span class='ocrx_word' id='word_1_202' title='bbox 2301 2467 2369 2515; x_wconf 87' lang='lat' dir='ltr'><strong>iu</strong></span> <span class='ocrx_word' id='word_1_203' title='bbox 2395 2465 2813 2532; x_wconf 80' lang='lat' dir='ltr'><strong>Rott.)Ooquus</strong></span> 
     </span>
     <span class='ocr_line' id='line_1_26' title="bbox 515 2539 2811 2669; baseline -0.001 -14"><span class='ocrx_word' id='word_1_204' title='bbox 515 2539 957 2655; x_wconf 48' lang='lat' dir='ltr'><strong>&#39;oqulglzlimmvs</strong></span> <span class='ocrx_word' id='word_1_205' title='bbox 995 2603 1366 2666; x_wconf 63' lang='lat' dir='ltr'><strong>(Memmii-H)</strong></span> <span class='ocrx_word' id='word_1_206' title='bbox 1420 2604 1631 2655; x_wconf 79' lang='lat' dir='ltr'><strong>Nonius</strong></span> <span class='ocrx_word' id='word_1_207' title='bbox 1667 2607 1783 2666; x_wconf 83' lang='grc'>392,</span> <span class='ocrx_word' id='word_1_208' title='bbox 1824 2607 1939 2655; x_wconf 73' lang='lat'><strong>15‘</strong></span> <span class='ocrx_word' id='word_1_209' title='bbox 1954 2605 2242 2669; x_wconf 83' lang='lat' dir='ltr'><strong>spissum</strong></span> <span class='ocrx_word' id='word_1_210' title='bbox 2290 2601 2567 2668; x_wconf 78' lang='lat' dir='ltr'><strong>significat</strong></span> <span class='ocrx_word' id='word_1_211' title='bbox 2612 2602 2811 2654; x_wconf 64' lang='lat' dir='ltr'><strong>tarde)</strong></span> 
     </span>
    </p>
   </div>
   <div class='ocr_carea' id='block_1_9' title="bbox 521 2717 939 2725">
    <p class='ocr_par' dir='ltr' id='par_1_12' title="bbox 521 2717 939 2725">
     <span class='ocr_line' id='line_1_27' title="bbox 521 2717 939 2725; baseline 0 0"><span class='ocrx_word' id='word_1_212' title='bbox 521 2717 939 2725; x_wconf 95' lang='lat' dir='ltr'><strong> </strong></span> 
     </span>
    </p>
   </div>
   <div class='ocr_carea' id='block_1_10' title="bbox 507 2781 2813 3867">
    <p class='ocr_par' dir='ltr' id='par_1_13' title="bbox 507 2781 2813 3867">
     <span class='ocr_line' id='line_1_28' title="bbox 514 2781 2811 2855; baseline -0.001 -16"><span class='ocrx_word' id='word_1_213' title='bbox 514 2786 811 2839; x_wconf 81' lang='lat' dir='ltr'><strong>senarium</strong></span> <span class='ocrx_word' id='word_1_214' title='bbox 856 2783 1076 2838; x_wconf 77' lang='lat' dir='ltr'><strong>scilicet</strong></span> <span class='ocrx_word' id='word_1_215' title='bbox 1113 2783 1495 2854; x_wconf 79' lang='lat' dir='ltr'><strong>praedicans.</strong></span> <span class='ocrx_word' id='word_1_216' title='bbox 1586 2783 1659 2837; x_wconf 74' lang='lat' dir='ltr'><strong>ait</strong></span> <span class='ocrx_word' id='word_1_217' title='bbox 1704 2783 1788 2837; x_wconf 88' lang='lat' dir='ltr'><strong>hic</strong></span> <span class='ocrx_word' id='word_1_218' title='bbox 1835 2783 2045 2839; x_wconf 88' lang='lat' dir='ltr'><strong>uicinus</strong></span> <span class='ocrx_word' id='word_1_219' title='bbox 2090 2800 2182 2838; x_wconf 79' lang='lat' dir='ltr'><strong>eas</strong></span> <span class='ocrx_word' id='word_1_220' title='bbox 2226 2781 2382 2838; x_wconf 87' lang='lat' dir='ltr'><strong>nobis</strong></span> <span class='ocrx_word' id='word_1_221' title='bbox 2427 2784 2707 2855; x_wconf 81' lang='lat' dir='ltr'><strong>peperisse</strong></span> <span class='ocrx_word' id='word_1_222' title='bbox 2752 2799 2811 2836; x_wconf 88' lang='lat' dir='ltr'><strong>se</strong></span> 
     </span>
     <span class='ocr_line' id='line_1_29' title="bbox 513 2866 2811 2940; baseline -0.002 -16"><span class='ocrx_word' id='word_1_223' title='bbox 513 2870 605 2924; x_wconf 81' lang='lat' dir='ltr'><strong>uel</strong></span> <span class='ocrx_word' id='word_1_224' title='bbox 651 2868 725 2922; x_wconf 77' lang='lat' dir='ltr'><strong>ait</strong></span> <span class='ocrx_word' id='word_1_225' title='bbox 771 2867 857 2921; x_wconf 89' lang='lat' dir='ltr'><strong>hic</strong></span> <span class='ocrx_word' id='word_1_226' title='bbox 902 2882 952 2920; x_wconf 90' lang='lat' dir='ltr'><strong>u.</strong></span> <span class='ocrx_word' id='word_1_227' title='bbox 1001 2883 1089 2922; x_wconf 84' lang='lat' dir='ltr'><strong>eas</strong></span> <span class='ocrx_word' id='word_1_228' title='bbox 1135 2868 1413 2940; x_wconf 82' lang='lat' dir='ltr'><strong>peperisse</strong></span> <span class='ocrx_word' id='word_1_229' title='bbox 1456 2883 1517 2923; x_wconf 91' lang='lat' dir='ltr'><strong>se</strong></span> <span class='ocrx_word' id='word_1_230' title='bbox 1563 2866 1726 2922; x_wconf 84' lang='lat' dir='ltr'><strong>Vobis</strong></span> <span class='ocrx_word' id='word_1_231' title='bbox 1773 2870 1895 2937; x_wconf 84' lang='lat' dir='ltr'><strong>uel,</strong></span> <span class='ocrx_word' id='word_1_232' title='bbox 1943 2871 1995 2922; x_wconf 83' lang='lat' dir='ltr'><strong>si</strong></span> <span class='ocrx_word' id='word_1_233' title='bbox 2036 2885 2148 2923; x_wconf 84' lang='lat' dir='ltr'><strong>non</strong></span> <span class='ocrx_word' id='word_1_234' title='bbox 2196 2883 2275 2924; x_wconf 79' lang='lat' dir='ltr'><strong>ex</strong></span> <span class='ocrx_word' id='word_1_235' title='bbox 2330 2870 2555 2940; x_wconf 73' lang='lat' dir='ltr'><strong>inqenio</strong></span> <span class='ocrx_word' id='word_1_236' title='bbox 2603 2867 2811 2921; x_wconf 88' lang='lat' dir='ltr'><strong>uicinus</strong></span> 
     </span>
     <span class='ocr_line' id='line_1_30' title="bbox 513 2949 2810 3024; baseline -0.001 -18"><span class='ocrx_word' id='word_1_237' title='bbox 513 2968 572 3007; x_wconf 91' lang='lat' dir='ltr'><strong>se</strong></span> <span class='ocrx_word' id='word_1_238' title='bbox 618 2959 794 3006; x_wconf 81' lang='lat' dir='ltr'><strong>autem</strong></span> <span class='ocrx_word' id='word_1_239' title='bbox 856 2952 1132 3024; x_wconf 82' lang='lat' dir='ltr'><strong>peperisse</strong></span> <span class='ocrx_word' id='word_1_240' title='bbox 1199 2949 1354 3006; x_wconf 90' lang='lat' dir='ltr'><strong>uobis</strong></span> <span class='ocrx_word' id='word_1_241' title='bbox 1411 2953 1649 3008; x_wconf 76' lang='lat' dir='ltr'><strong>ediderit</strong></span> <span class='ocrx_word' id='word_1_242' title='bbox 1693 2952 1905 3021; x_wconf 79' lang='lat' dir='ltr'><strong>Aldus,</strong></span> <span class='ocrx_word' id='word_1_243' title='bbox 1967 2952 2038 3006; x_wconf 81' lang='lat' dir='ltr'><strong>ait</strong></span> <span class='ocrx_word' id='word_1_244' title='bbox 2097 2952 2183 3007; x_wconf 87' lang='lat' dir='ltr'><strong>hic</strong></span> <span class='ocrx_word' id='word_1_245' title='bbox 2242 2951 2451 3006; x_wconf 85' lang='lat' dir='ltr'><strong>uicinus</strong></span> <span class='ocrx_word' id='word_1_246' title='bbox 2497 2958 2675 3005; x_wconf 76' lang='lat' dir='ltr'><strong>autem</strong></span> <span class='ocrx_word' id='word_1_247' title='bbox 2721 2966 2810 3004; x_wconf 77' lang='lat' dir='ltr'><strong>eas</strong></span> 
     </span>
     <span class='ocr_line' id='line_1_31' title="bbox 512 3033 2813 3109; baseline 0.001 -21"><span class='ocrx_word' id='word_1_248' title='bbox 512 3037 788 3109; x_wconf 82' lang='lat' dir='ltr'><strong>peperisse</strong></span> <span class='ocrx_word' id='word_1_249' title='bbox 833 3051 893 3089; x_wconf 86' lang='lat' dir='ltr'><strong>se</strong></span> <span class='ocrx_word' id='word_1_250' title='bbox 939 3033 1101 3090; x_wconf 89' lang='lat' dir='ltr'><strong>Vobis</strong></span> <span class='ocrx_word' id='word_1_251' title='bbox 1148 3036 1474 3092; x_wconf 81' lang='lat' dir='ltr'><strong>Grauertus</strong></span> <span class='ocrx_word' id='word_1_252' title='bbox 1516 3037 1687 3094; x_wconf 85' lang='lat' dir='ltr'><em>Anal.</em></span> <span class='ocrx_word' id='word_1_253' title='bbox 1740 3035 1854 3090; x_wconf 93' lang='lat'><strong>111</strong></span> <span class='ocrx_word' id='word_1_254' title='bbox 1904 3036 2193 3092; x_wconf 79' lang='lat' dir='ltr'><strong>adnotans</strong></span> <span class='ocrx_word' id='word_1_255' title='bbox 2248 3038 2498 3090; x_wconf 82' lang='lat' dir='ltr'><strong>uicinum</strong></span> <span class='ocrx_word' id='word_1_256' title='bbox 2542 3037 2813 3091; x_wconf 80' lang='lat' dir='ltr'><strong>mulieres</strong></span> 
     </span>
     <span class='ocr_line' id='line_1_32' title="bbox 510 3119 2812 3193; baseline -0.002 -16"><span class='ocrx_word' id='word_1_257' title='bbox 510 3122 822 3192; x_wconf 77' lang='lat' dir='ltr'><strong>quasdam,</strong></span> <span class='ocrx_word' id='word_1_258' title='bbox 887 3135 1038 3192; x_wconf 80' lang='lat' dir='ltr'><strong>quae</strong></span> <span class='ocrx_word' id='word_1_259' title='bbox 1094 3137 1160 3176; x_wconf 80' lang='lat' dir='ltr'><strong>eo</strong></span> <span class='ocrx_word' id='word_1_260' title='bbox 1216 3136 1397 3193; x_wconf 81' lang='lat' dir='ltr'><strong>usque</strong></span> <span class='ocrx_word' id='word_1_261' title='bbox 1455 3122 1698 3177; x_wconf 81' lang='lat' dir='ltr'><strong>aliorum</strong></span> <span class='ocrx_word' id='word_1_262' title='bbox 1752 3122 1911 3192; x_wconf 80' lang='lat' dir='ltr'><strong>filiae</strong></span> <span class='ocrx_word' id='word_1_263' title='bbox 1965 3119 2198 3176; x_wconf 78' lang='lat' dir='ltr'><strong>habitae</strong></span> <span class='ocrx_word' id='word_1_264' title='bbox 2257 3127 2480 3189; x_wconf 77' lang='lat' dir='ltr'><strong>essent,</strong></span> <span class='ocrx_word' id='word_1_265' title='bbox 2532 3137 2643 3190; x_wconf 84' lang='lat' dir='ltr'><strong>pro</strong></span> <span class='ocrx_word' id='word_1_266' title='bbox 2689 3122 2812 3174; x_wconf 84' lang='lat' dir='ltr'><strong>suis</strong></span> 
     </span>
     <span class='ocr_line' id='line_1_33' title="bbox 511 3203 2808 3278; baseline -0.002 -18"><span class='ocrx_word' id='word_1_267' title='bbox 511 3207 818 3278; x_wconf 71' lang='lat' dir='ltr'><strong>aynouisse</strong></span> <span class='ocrx_word' id='word_1_268' title='bbox 874 3204 1007 3261; x_wconf 83' lang='lat' dir='ltr'><strong>dici.</strong></span> <span class='ocrx_word' id='word_1_269' title='bbox 1096 3212 1181 3259; x_wconf 78' lang='lat' dir='ltr'><strong>sat</strong></span> <span class='ocrx_word' id='word_1_270' title='bbox 1236 3205 1324 3259; x_wconf 89' lang='lat' dir='ltr'><strong>hic</strong></span> <span class='ocrx_word' id='word_1_271' title='bbox 1381 3205 1590 3260; x_wconf 88' lang='lat' dir='ltr'><strong>uicinus</strong></span> <span class='ocrx_word' id='word_1_272' title='bbox 1644 3210 1794 3259; x_wconf 76' lang='lat' dir='ltr'><strong>natas</strong></span> <span class='ocrx_word' id='word_1_273' title='bbox 1850 3220 1909 3259; x_wconf 88' lang='lat' dir='ltr'><strong>se</strong></span> <span class='ocrx_word' id='word_1_274' title='bbox 1964 3205 2240 3278; x_wconf 88' lang='lat' dir='ltr'><strong>peperisse</strong></span> <span class='ocrx_word' id='word_1_275' title='bbox 2287 3204 2360 3257; x_wconf 81' lang='lat' dir='ltr'><strong>ait</strong></span> <span class='ocrx_word' id='word_1_276' title='bbox 2403 3203 2640 3275; x_wconf 74' lang='lat' dir='ltr'><strong>Maelzly</strong></span> <span class='ocrx_word' id='word_1_277' title='bbox 2682 3206 2723 3259; x_wconf 83' lang='lat' dir='ltr'><strong>l.</strong></span> <span class='ocrx_word' id='word_1_278' title='bbox 2768 3205 2808 3259; x_wconf 89' lang='lat' dir='ltr'><strong>l.</strong></span> 
     </span>
     <span class='ocr_line' id='line_1_34' title="bbox 512 3287 2809 3362; baseline -0 -18"><span class='ocrx_word' id='word_1_279' title='bbox 512 3290 586 3344; x_wconf 78' lang='lat' dir='ltr'><strong>ait</strong></span> <span class='ocrx_word' id='word_1_280' title='bbox 631 3289 717 3343; x_wconf 90' lang='lat' dir='ltr'><strong>hie</strong></span> <span class='ocrx_word' id='word_1_281' title='bbox 761 3288 973 3343; x_wconf 87' lang='lat' dir='ltr'><strong>uicinus</strong></span> <span class='ocrx_word' id='word_1_282' title='bbox 1003 3305 1063 3343; x_wconf 88' lang='lat' dir='ltr'><strong>se</strong></span> <span class='ocrx_word' id='word_1_283' title='bbox 1109 3289 1207 3343; x_wconf 76' lang='lat' dir='ltr'><strong>has</strong></span> <span class='ocrx_word' id='word_1_284' title='bbox 1250 3290 1526 3362; x_wconf 89' lang='lat' dir='ltr'><strong>peperisse</strong></span> <span class='ocrx_word' id='word_1_285' title='bbox 1569 3287 1822 3361; x_wconf 72' lang='lat' dir='ltr'><strong>paruolus</strong></span> <span class='ocrx_word' id='word_1_286' title='bbox 1857 3287 2258 3345; x_wconf 70' lang='lat' dir='ltr'><strong>Buecheler-us</strong></span> <span class='ocrx_word' id='word_1_287' title='bbox 2286 3304 2399 3343; x_wconf 81' lang='lat' dir='ltr'><strong>non</strong></span> <span class='ocrx_word' id='word_1_288' title='bbox 2444 3289 2809 3343; x_wconf 80' lang='lat' dir='ltr'><strong>dissimulans</strong></span> 
     </span>
     <span class='ocr_line' id='line_1_35' title="bbox 513 3370 2809 3444; baseline -0.002 -14"><span class='ocrx_word' id='word_1_289' title='bbox 513 3375 764 3430; x_wconf 83' lang='lat' dir='ltr'><strong>ultimum</strong></span> <span class='ocrx_word' id='word_1_290' title='bbox 825 3374 1166 3429; x_wconf 77' lang='lat' dir='ltr'><strong>uocabulum</strong></span> <span class='ocrx_word' id='word_1_291' title='bbox 1221 3377 1504 3429; x_wconf 82' lang='lat' dir='ltr'><strong>incertum</strong></span> <span class='ocrx_word' id='word_1_292' title='bbox 1563 3388 1721 3430; x_wconf 81' lang='lat' dir='ltr'><strong>esse.-</strong></span> <span class='ocrx_word' id='word_1_293' title='bbox 1785 3391 1821 3428; x_wconf 87' lang='grc' dir='ltr'><strong><em>α</em></strong></span> <span class='ocrx_word' id='word_1_294' title='bbox 1876 3376 2084 3429; x_wconf 78' lang='lat' dir='ltr'><strong>litteris</strong></span> <span class='ocrx_word' id='word_1_295' title='bbox 2142 3374 2370 3427; x_wconf 73' lang='lat' dir='ltr'><strong>traditis</strong></span> <span class='ocrx_word' id='word_1_296' title='bbox 2425 3370 2659 3444; x_wconf 81' lang='lat' dir='ltr'><strong>gnobilis</strong></span> <span class='ocrx_word' id='word_1_297' title='bbox 2718 3380 2809 3427; x_wconf 82' lang='lat' dir='ltr'><strong>sal</strong></span> 
     </span>
     <span class='ocr_line' id='line_1_36' title="bbox 507 3457 2811 3529; baseline -0 -18"><span class='ocrx_word' id='word_1_298' title='bbox 507 3473 694 3529; x_wconf 81' lang='lat' dir='ltr'><strong>prope</strong></span> <span class='ocrx_word' id='word_1_299' title='bbox 738 3457 916 3513; x_wconf 79' lang='lat' dir='ltr'><strong>abest.</strong></span> <span class='ocrx_word' id='word_1_300' title='bbox 1007 3457 1142 3515; x_wconf 81' lang='lat' dir='ltr'><strong>Mea</strong></span> <span class='ocrx_word' id='word_1_301' title='bbox 1200 3462 1484 3514; x_wconf 79' lang='lat' dir='ltr'><strong>sententia</strong></span> <span class='ocrx_word' id='word_1_302' title='bbox 1535 3465 1802 3529; x_wconf 81' lang='lat' dir='ltr'><strong>poteram</strong></span> <span class='ocrx_word' id='word_1_303' title='bbox 1847 3460 2015 3513; x_wconf 83' lang='lat' dir='ltr'><strong>etiam</strong></span> <span class='ocrx_word' id='word_1_304' title='bbox 2060 3460 2354 3512; x_wconf 80' lang='lat' dir='ltr'><strong>senarium</strong></span> <span class='ocrx_word' id='word_1_305' title='bbox 2407 3458 2681 3527; x_wconf 78' lang='lat' dir='ltr'><strong>explere.-</strong></span> <span class='ocrx_word' id='word_1_306' title='bbox 2726 3465 2811 3510; x_wconf 82' lang='lat' dir='ltr'><strong>sat</strong></span> 
     </span>
     <span class='ocr_line' id='line_1_37' title="bbox 514 3529 2809 3616; baseline 0 -20"><span class='ocrx_word' id='word_1_307' title='bbox 514 3541 600 3596; x_wconf 86' lang='lat' dir='ltr'><strong>hic</strong></span> <span class='ocrx_word' id='word_1_308' title='bbox 645 3542 852 3596; x_wconf 86' lang='lat' dir='ltr'><strong>uicinus</strong></span> <span class='ocrx_word' id='word_1_309' title='bbox 885 3557 1034 3597; x_wconf 80' lang='lat' dir='ltr'><strong>asses</strong></span> <span class='ocrx_word' id='word_1_310' title='bbox 1077 3529 1599 3616; x_wconf 68' lang='lat' dir='ltr'><strong>peperisset’bouos</strong></span> <span class='ocrx_word' id='word_1_311' title='bbox 1859 3539 1939 3598; x_wconf 88' lang='grc'>20</span> <span class='ocrx_word' id='word_1_312' title='bbox 1983 3539 2242 3613; x_wconf 87' lang='lat' dir='ltr'><strong>numquid</strong></span> <span class='ocrx_word' id='word_1_313' title='bbox 2300 3555 2419 3594; x_wconf 81' lang='lat' dir='ltr'><strong>nam</strong></span> <span class='ocrx_word' id='word_1_314' title='bbox 2480 3539 2809 3596; x_wconf 80' lang='lat' dir='ltr'><strong>Grauerlus</strong></span> 
     </span>
     <span class='ocr_line' id='line_1_38' title="bbox 510 3623 2807 3699; baseline -0 -18"><span class='ocrx_word' id='word_1_315' title='bbox 510 3628 680 3681; x_wconf 73' lang='lat' dir='ltr'><strong>Anat.</strong></span> <span class='ocrx_word' id='word_1_316' title='bbox 732 3624 852 3680; x_wconf 83' lang='lat'><strong>112</strong></span> <span class='ocrx_word' id='word_1_317' title='bbox 885 3642 1004 3680; x_wconf 85' lang='lat' dir='ltr'><strong>nam</strong></span> <span class='ocrx_word' id='word_1_318' title='bbox 1050 3626 1302 3699; x_wconf 83' lang='lat' dir='ltr'><strong>quidnam</strong></span> <span class='ocrx_word' id='word_1_319' title='bbox 1343 3628 1480 3683; x_wconf 87' lang='lat' dir='ltr'><strong>libri</strong></span> <span class='ocrx_word' id='word_1_320' title='bbox 1519 3643 1638 3681; x_wconf 83' lang='lat' dir='ltr'><strong>nam</strong></span> <span class='ocrx_word' id='word_1_321' title='bbox 1688 3623 1814 3698; x_wconf 85' lang='lat' dir='ltr'><strong>quid</strong></span> <span class='ocrx_word' id='word_1_322' title='bbox 1861 3625 2138 3691; x_wconf 59' lang='lat' dir='ltr'><strong>Bothum,</strong></span> <span class='ocrx_word' id='word_1_323' title='bbox 2189 3624 2451 3696; x_wconf 81' lang='lat' dir='ltr'><strong>fortasse</strong></span> <span class='ocrx_word' id='word_1_324' title='bbox 2495 3631 2655 3680; x_wconf 81' lang='lat' dir='ltr'><strong>recte</strong></span> <span class='ocrx_word' id='word_1_325' title='bbox 2698 3641 2807 3680; x_wconf 84' lang='lat' dir='ltr'><strong>nec</strong></span> 
     </span>
     <span class='ocr_line' id='line_1_39' title="bbox 508 3707 2806 3785; baseline -0.002 -18"><span class='ocrx_word' id='word_1_326' title='bbox 508 3712 875 3783; x_wconf 78' lang='lat' dir='ltr'><strong>inprobatum</strong></span> <span class='ocrx_word' id='word_1_327' title='bbox 922 3710 1251 3785; x_wconf 72' lang='lat' dir='ltr'><strong>Spenyelio‚</strong></span> <span class='ocrx_word' id='word_1_328' title='bbox 1312 3715 1411 3785; x_wconf 82' lang='lat' dir='ltr'><strong>qui</strong></span> <span class='ocrx_word' id='word_1_329' title='bbox 1465 3718 1653 3766; x_wconf 80' lang='lat' dir='ltr'><strong>tamen</strong></span> <span class='ocrx_word' id='word_1_330' title='bbox 1710 3714 1834 3782; x_wconf 80' lang='lat' dir='ltr'><strong>ipse</strong></span> <span class='ocrx_word' id='word_1_331' title='bbox 1878 3726 1997 3765; x_wconf 81' lang='lat' dir='ltr'><strong>nam</strong></span> <span class='ocrx_word' id='word_1_332' title='bbox 2044 3708 2171 3782; x_wconf 84' lang='lat' dir='ltr'><strong>quid</strong></span> <span class='ocrx_word' id='word_1_333' title='bbox 2228 3710 2329 3763; x_wconf 77' lang='lat' dir='ltr'><strong>iam</strong></span> <span class='ocrx_word' id='word_1_334' title='bbox 2377 3709 2468 3764; x_wconf 83' lang='lat' dir='ltr'><strong>uel</strong></span> <span class='ocrx_word' id='word_1_335' title='bbox 2512 3724 2633 3763; x_wconf 81' lang='lat' dir='ltr'><strong>nam</strong></span> <span class='ocrx_word' id='word_1_336' title='bbox 2679 3707 2806 3781; x_wconf 87' lang='lat' dir='ltr'><strong>quid</strong></span> 
     </span>
     <span class='ocr_line' id='line_1_40' title="bbox 512 3792 2811 3867; baseline -0.001 -17"><span class='ocrx_word' id='word_1_337' title='bbox 512 3811 654 3850; x_wconf 87' lang='lat' dir='ltr'><strong>nunc</strong></span> <span class='ocrx_word' id='word_1_338' title='bbox 688 3797 1018 3865; x_wconf 79' lang='lat' dir='ltr'><strong>proposuit.</strong></span> <span class='ocrx_word' id='word_1_339' title='bbox 1110 3795 1305 3852; x_wconf 84' lang='lat' dir='ltr'><strong>Conici</strong></span> <span class='ocrx_word' id='word_1_340' title='bbox 1348 3799 1518 3852; x_wconf 77' lang='lat' dir='ltr'><strong>etiam</strong></span> <span class='ocrx_word' id='word_1_341' title='bbox 1561 3811 1707 3851; x_wconf 86' lang='lat' dir='ltr'><strong>nunc</strong></span> <span class='ocrx_word' id='word_1_342' title='bbox 1752 3794 1882 3867; x_wconf 87' lang='lat' dir='ltr'><strong>quid</strong></span> <span class='ocrx_word' id='word_1_343' title='bbox 1927 3810 2048 3849; x_wconf 84' lang='lat' dir='ltr'><strong>nam</strong></span> <span class='ocrx_word' id='word_1_344' title='bbox 2103 3797 2303 3864; x_wconf 80' lang='lat' dir='ltr'><strong>possit.</strong></span> <span class='ocrx_word' id='word_1_345' title='bbox 2506 3792 2678 3848; x_wconf 82' lang='lat' dir='ltr'><strong>sortes</strong></span> <span class='ocrx_word' id='word_1_346' title='bbox 2738 3794 2811 3847; x_wconf 87' lang='lat' dir='ltr'><em>W</em></span> 
     </span>
    </p>
   </div>
   <div class='ocr_carea' id='block_1_11' title="bbox 505 3875 2805 4122">
    <p class='ocr_par' dir='ltr' id='par_1_14' title="bbox 505 3875 2805 4122">
     <span class='ocr_line' id='line_1_41' title="bbox 681 3875 2805 3936; baseline -0.001 -3"><span class='ocrx_word' id='word_1_347' title='bbox 681 3878 757 3933; x_wconf 83' lang='lat'><strong>21</strong></span> <span class='ocrx_word' id='word_1_348' title='bbox 806 3877 985 3934; x_wconf 80' lang='lat' dir='ltr'><strong>facere</strong></span> <span class='ocrx_word' id='word_1_349' title='bbox 1051 3879 1124 3935; x_wconf 86' lang='lat' dir='ltr'><em>W</em></span> <span class='ocrx_word' id='word_1_350' title='bbox 1173 3878 1377 3936; x_wconf 84' lang='lat' dir='ltr'><strong>Bamb.</strong></span> <span class='ocrx_word' id='word_1_351' title='bbox 1552 3877 1633 3934; x_wconf 84' lang='lat'><strong>22</strong></span> <span class='ocrx_word' id='word_1_352' title='bbox 1691 3880 1790 3934; x_wconf 80' lang='lat' dir='ltr'><strong>hac</strong></span> <span class='ocrx_word' id='word_1_353' title='bbox 1844 3877 1910 3933; x_wconf 80' lang='lat' dir='ltr'><strong>ad</strong></span> <span class='ocrx_word' id='word_1_354' title='bbox 1967 3878 2165 3934; x_wconf 84' lang='lat' dir='ltr'><strong>ductus</strong></span> <span class='ocrx_word' id='word_1_355' title='bbox 2226 3879 2380 3934; x_wconf 78' lang='lat' dir='ltr'><strong>Rou.</strong></span> <span class='ocrx_word' id='word_1_356' title='bbox 2568 3875 2647 3932; x_wconf 89' lang='grc'>23</span> <span class='ocrx_word' id='word_1_357' title='bbox 2711 3875 2805 3931; x_wconf 89' lang='lat' dir='ltr'><strong>oh·</strong></span> 
     </span>
     <span class='ocr_line' id='line_1_42' title="bbox 510 3961 2803 4030; baseline -0.001 -12"><span class='ocrx_word' id='word_1_358' title='bbox 510 3964 730 4019; x_wconf 81' lang='lat' dir='ltr'><strong>noxium</strong></span> <span class='ocrx_word' id='word_1_359' title='bbox 788 3961 857 4019; x_wconf 92' lang='lat' dir='ltr'><strong>oh</strong></span> <span class='ocrx_word' id='word_1_360' title='bbox 917 3978 1032 4020; x_wconf 82' lang='lat' dir='ltr'><strong>eam</strong></span> <span class='ocrx_word' id='word_1_361' title='bbox 1088 3980 1202 4019; x_wconf 87' lang='lat' dir='ltr'><strong>rem</strong></span> <span class='ocrx_word' id='word_1_362' title='bbox 1258 3965 1414 4021; x_wconf 79' lang='lat' dir='ltr'><strong>Rou.</strong></span> <span class='ocrx_word' id='word_1_363' title='bbox 1591 3962 1672 4018; x_wconf 83' lang='lat'><strong>24</strong></span> <span class='ocrx_word' id='word_1_364' title='bbox 1719 3961 1853 4018; x_wconf 89' lang='lat' dir='ltr'><strong>dicis</strong></span> <span class='ocrx_word' id='word_1_365' title='bbox 1918 3963 2040 4019; x_wconf 74' lang='lat' dir='ltr'><strong>Vae.</strong></span> <span class='ocrx_word' id='word_1_366' title='bbox 2089 3962 2226 4017; x_wconf 84' lang='lat' dir='ltr'><strong>dixis</strong></span> <span class='ocrx_word' id='word_1_367' title='bbox 2272 3964 2360 4019; x_wconf 83' lang='lat' dir='ltr'><strong>ed.</strong></span> <span class='ocrx_word' id='word_1_368' title='bbox 2408 3961 2803 4030; x_wconf 83' lang='lat' dir='ltr'><strong>Gronouiana,</strong></span> 
     </span>
     <span class='ocr_line' id='line_1_43' title="bbox 505 4045 2804 4122; baseline -0.002 -18"><span class='ocrx_word' id='word_1_369' title='bbox 505 4047 771 4119; x_wconf 80' lang='lat' dir='ltr'><strong>fortasse</strong></span> <span class='ocrx_word' id='word_1_370' title='bbox 815 4055 974 4104; x_wconf 76' lang='lat' dir='ltr'><strong>recte</strong></span> <span class='ocrx_word' id='word_1_371' title='bbox 1148 4047 1227 4104; x_wconf 88' lang='grc'>25</span> <span class='ocrx_word' id='word_1_372' title='bbox 1276 4047 1406 4104; x_wconf 85' lang='lat' dir='ltr'><strong>nihil</strong></span> <span class='ocrx_word' id='word_1_373' title='bbox 1437 4065 1543 4122; x_wconf 84' lang='lat' dir='ltr'><strong>ego</strong></span> <span class='ocrx_word' id='word_1_374' title='bbox 1575 4048 1689 4121; x_wconf 88' lang='lat' dir='ltr'><strong>spei</strong></span> <span class='ocrx_word' id='word_1_375' title='bbox 1723 4046 1886 4103; x_wconf 89' lang='lat' dir='ltr'><strong>eredo</strong></span> <span class='ocrx_word' id='word_1_376' title='bbox 1932 4048 2067 4103; x_wconf 83' lang='lat' dir='ltr'><strong>libri</strong></span> <span class='ocrx_word' id='word_1_377' title='bbox 2103 4050 2371 4120; x_wconf 80' lang='lat' dir='ltr'><strong>plerique</strong></span> <span class='ocrx_word' id='word_1_378' title='bbox 2401 4045 2472 4117; x_wconf 88' lang='lat' dir='ltr'><strong>(ei</strong></span> <span class='ocrx_word' id='word_1_379' title='bbox 2517 4053 2653 4102; x_wconf 81' lang='lat' dir='ltr'><strong>ante</strong></span> <span class='ocrx_word' id='word_1_380' title='bbox 2698 4062 2804 4119; x_wconf 85' lang='lat' dir='ltr'><strong>ego</strong></span> 
     </span>
    </p>
   </div>
   <div class='ocr_carea' id='block_1_12' title="bbox 505 4129 2808 4376">
    <p class='ocr_par' dir='ltr' id='par_1_15' title="bbox 505 4129 2808 4376">
     <span class='ocr_line' id='line_1_44' title="bbox 505 4129 2806 4204; baseline -0.002 -16"><span class='ocrx_word' id='word_1_381' title='bbox 505 4132 625 4204; x_wconf 81' lang='lat' dir='ltr'><strong>fuit</strong></span> <span class='ocrx_word' id='word_1_382' title='bbox 671 4149 798 4188; x_wconf 83' lang='lat' dir='ltr'><strong>cum</strong></span> <span class='ocrx_word' id='word_1_383' title='bbox 845 4135 1027 4189; x_wconf 81' lang='lat' dir='ltr'><strong>inseri</strong></span> <span class='ocrx_word' id='word_1_384' title='bbox 1070 4132 1291 4204; x_wconf 81' lang='lat' dir='ltr'><strong>uellem)</strong></span> <span class='ocrx_word' id='word_1_385' title='bbox 1337 4132 1467 4187; x_wconf 89' lang='lat' dir='ltr'><strong>nihil</strong></span> <span class='ocrx_word' id='word_1_386' title='bbox 1514 4133 1592 4187; x_wconf 90' lang='lat' dir='ltr'><strong>rei</strong></span> <span class='ocrx_word' id='word_1_387' title='bbox 1636 4148 1742 4204; x_wconf 85' lang='lat' dir='ltr'><strong>ego</strong></span> <span class='ocrx_word' id='word_1_388' title='bbox 1788 4130 1952 4187; x_wconf 83' lang='lat' dir='ltr'><strong>credo</strong></span> <span class='ocrx_word' id='word_1_389' title='bbox 2000 4132 2185 4187; x_wconf 83' lang='lat' dir='ltr'><strong>Basil.</strong></span> <span class='ocrx_word' id='word_1_390' title='bbox 2232 4132 2373 4188; x_wconf 78' lang='lat' dir='ltr'><strong>Gen.</strong></span> <span class='ocrx_word' id='word_1_391' title='bbox 2421 4129 2494 4185; x_wconf 91' lang='lat' dir='ltr'><strong>nil</strong></span> <span class='ocrx_word' id='word_1_392' title='bbox 2541 4146 2645 4203; x_wconf 82' lang='lat' dir='ltr'><strong>ego</strong></span> <span class='ocrx_word' id='word_1_393' title='bbox 2690 4131 2806 4203; x_wconf 90' lang='lat' dir='ltr'><strong>spei</strong></span> 
     </span>
     <span class='ocr_line' id='line_1_45' title="bbox 509 4213 2808 4291; baseline -0 -21"><span class='ocrx_word' id='word_1_394' title='bbox 509 4215 672 4271; x_wconf 85' lang='lat' dir='ltr'><strong>credo</strong></span> <span class='ocrx_word' id='word_1_395' title='bbox 733 4218 901 4288; x_wconf 73' lang='lat' dir='ltr'><strong>uulyo</strong></span> <span class='ocrx_word' id='word_1_396' title='bbox 959 4217 1032 4273; x_wconf 88' lang='lat' dir='ltr'><strong>nil</strong></span> <span class='ocrx_word' id='word_1_397' title='bbox 1089 4233 1148 4273; x_wconf 87' lang='lat' dir='ltr'><strong>re</strong></span> <span class='ocrx_word' id='word_1_398' title='bbox 1207 4235 1311 4291; x_wconf 82' lang='lat' dir='ltr'><strong>ego</strong></span> <span class='ocrx_word' id='word_1_399' title='bbox 1368 4232 1467 4290; x_wconf 85' lang='lat' dir='ltr'><strong>spe</strong></span> <span class='ocrx_word' id='word_1_400' title='bbox 1524 4215 1688 4271; x_wconf 88' lang='lat' dir='ltr'><strong>credo</strong></span> <span class='ocrx_word' id='word_1_401' title='bbox 1737 4215 1799 4269; x_wconf 90' lang='lat' dir='ltr'><strong>L.</strong></span> <span class='ocrx_word' id='word_1_402' title='bbox 1847 4216 2098 4272; x_wconf 81' lang='lat' dir='ltr'><strong>Mueller</strong></span> <span class='ocrx_word' id='word_1_403' title='bbox 2141 4218 2211 4272; x_wconf 77' lang='lat' dir='ltr'><strong>de</strong></span> <span class='ocrx_word' id='word_1_404' title='bbox 2256 4231 2323 4272; x_wconf 83' lang='lat' dir='ltr'><strong>re</strong></span> <span class='ocrx_word' id='word_1_405' title='bbox 2366 4233 2436 4270; x_wconf 87' lang='lat' dir='ltr'><strong>m.</strong></span> <span class='ocrx_word' id='word_1_406' title='bbox 2482 4213 2624 4284; x_wconf 84' lang='lat'>441,</span> <span class='ocrx_word' id='word_1_407' title='bbox 2671 4214 2808 4269; x_wconf 75' lang='lat' dir='ltr'><strong>mihi</strong></span> 
     </span>
     <span class='ocr_line' id='line_1_46' title="bbox 511 4299 2801 4376; baseline -0.003 -18"><span class='ocrx_word' id='word_1_408' title='bbox 511 4302 781 4358; x_wconf 81' lang='lat' dir='ltr'><strong>obscura.</strong></span> <span class='ocrx_word' id='word_1_409' title='bbox 827 4300 902 4356; x_wconf 89' lang='lat' dir='ltr'><strong>nil</strong></span> <span class='ocrx_word' id='word_1_410' title='bbox 949 4302 1056 4376; x_wconf 78' lang='lat' dir='ltr'><strong>ego</strong></span> <span class='ocrx_word' id='word_1_411' title='bbox 1100 4303 1217 4375; x_wconf 89' lang='lat' dir='ltr'><strong>spei</strong></span> <span class='ocrx_word' id='word_1_412' title='bbox 1259 4299 1457 4372; x_wconf 80' lang='lat' dir='ltr'><strong>crede,</strong></span> <span class='ocrx_word' id='word_1_413' title='bbox 1504 4316 1668 4373; x_wconf 89' lang='lat' dir='ltr'><strong>quom</strong></span> <span class='ocrx_word' id='word_1_414' title='bbox 1705 4317 1881 4374; x_wconf 82' lang='lat' dir='ltr'><strong>prop.</strong></span> <span class='ocrx_word' id='word_1_415' title='bbox 1928 4302 2157 4374; x_wconf 80' lang='lat' dir='ltr'><strong>quidam</strong></span> <span class='ocrx_word' id='word_1_416' title='bbox 2398 4300 2571 4373; x_wconf 81' lang='lat' dir='ltr'><strong>spissa</strong></span> <span class='ocrx_word' id='word_1_417' title='bbox 2616 4299 2801 4355; x_wconf 84' lang='lat' dir='ltr'><strong>Basil.</strong></span> 
     </span>
    </p>
   </div>
  </div>
 </body>
</html>
