3400 5075
910 266 1422 319 ANONYMORVM
1459 269 1815 321 MIMORVM
1850 270 2254 332 RELIQVIAE
2603 269 2725 332 397

432 423 708 507 exituS,
754 445 887 487 non
935 423 1218 489 fabulae:
1273 427 1353 489 in
1399 448 1543 509 quo
1601 448 1764 489 cum
1812 426 2161 489 clausula
2215 448 2367 491 non
2424 426 2725 490 inueni-

430 541 579 622 tur,
623 538 830 623 fugit
875 539 1160 623 aliquis
1208 562 1242 604 e
1288 541 1669 624 manibuS,
1717 540 1946 606 deinde
1994 541 2260 606 scabilla
2315 546 2725 628 concrepant,

431 654 727 718 aulaeum
773 655 1065 720 tollitur?
1161 654 1255 721 Cf.
1300 656 1504 721 XXX.
1545 744 1606 810 V

606 859 852 924 Fatuus
898 861 1093 926 homo
1123 864 1274 945 post
1303 863 1498 946 quam
1524 883 1661 924 rem
1688 860 1926 924 habere
1956 863 2192 947 coepit,
2239 866 2339 926 est
2376 865 2723 928 emortuus,

1491 976 1588 1042 VI

604 1141 933 1157 ......
981 1093 1133 1176 quid
1165 1085 1280 1156 'est
1323 1092 1444 1156 tibi
1491 1090 1620 1156 ista
1664 1092 1938 1157 mulier?
2014 1090 2044 1161 ff
2093 1098 2269 1159 lixor.

611 1209 644 1282 [Γ
689 1205 932 1272 Similis
978 1208 1225 1272 medius
1271 1206 1486 1272 fidius,

1510 1322 1641 1388 VH

520 1439 563 1503 5
607 1437 674 1502 Is
721 1440 916 1522 quam
962 1438 1072 1503 diu
1119 1438 1199 1503 ad
1247 1461 1447 1523 aquas
1494 1439 1645 1523 fait,
1690 1462 2045 1524 numquam
2092 1444 2193 1505 est
2235 1444 2545 1507 mortuus,

1493 1553 1658 1618 VIII

610 1668 820 1734 Varro
869 1669 1038 1754 apud
1086 1668 1528 1754 Augustinum
1575 1670 1652 1734 de
1700 1670 1820 1735 ciu.
1868 1671 1969 1734 dei
2005 1670 2102 1737 IV
2148 1672 2234 1736 22
2280 1673 2381 1737 ‘ex
2427 1696 2503 1740 eo
2551 1675 2724 1739 enim

429 1784 811 1868 poterimuS‚
857 1784 1093 1869 inquit,
1140 1785 1299 1848 scire
1348 1807 1538 1869 quem
1584 1786 1887 1870 cuiusque
1911 1786 1914 1789 ’
1936 1809 2130 1851 causa
2186 1788 2375 1852 deum
2421 1789 2724 1855 inuocare

429 1902 621 1983 atque
670 1899 983 1964 aduocare
1033 1900 1402 1964 debeamus:
1458 1921 1550 1963 ne
1606 1899 2009 1988 faciamus,
2064 1907 2147 1967 ut
2190 1905 2396 1968 mimi
2444 1906 2724 1990 solent,

429 2019 503 2079 et
548 2019 895 2098 optemus
943 2037 981 2079 a
1028 2015 1305 2081 Libero
1354 2037 1654 2100 aquam,
1702 2038 1740 2080 a
1786 2015 2150 2102 Lymphis
2198 2020 2497 2084 uinum.'

1526 2130 1619 2195 IX

609 2296 935 2311 ......
983 2269 1020 2312 o
1068 2246 1401 2310 dominum
1449 2269 1725 2330 aequum
1772 2249 1837 2310 et
1882 2248 2151 2311 bonum!

562 2408 787 2457 V—VII
824 2407 1016 2456 Cicero
1056 2406 1121 2456 de
1159 2412 1296 2456 orat.
1334 2407 1388 2455 11
1424 2408 1506 2467 67,
1543 2409 1643 2456 274
1680 2412 1926 2456 ‘acutum
1968 2409 2135 2457 etiam
2175 2407 2309 2458 illud
2350 2417 2461 2472 est,
2500 2427 2620 2462 cum
2658 2431 2724 2463 ex

430 2473 655 2524 alterius
692 2476 941 2525 oratione
980 2475 1130 2524 aliud
1168 2476 1416 2539 excipias
1463 2481 1629 2539 atque
1667 2475 1762 2524 ille
1798 2474 1918 2525 uult
1942 2513 1954 2525 .
1982 2512 1994 2524 .
2023 2514 2034 2525 .
2072 2480 2204 2525 sunt
2240 2479 2407 2527 etiam
2456 2479 2556 2529 illa
2594 2483 2723 2531 snb·

317 2550 326 2559 ’
429 2544 692 2604 absurda,
741 2544 834 2592 sed
884 2561 948 2593 eo
996 2547 1115 2608 ipso
1152 2545 1369 2593 nomine
1416 2559 1582 2607 saepe
1623 2544 1875 2601 ridicula,
1925 2560 2031 2593 non
2070 2545 2241 2593 solum
2282 2547 2491 2598 mimis
2528 2565 2721 2616 perap-

429 2613 637 2675 posita,
678 2612 772 2660 sed
813 2613 979 2660 etiam
1019 2612 1245 2675 quodam
1285 2611 1442 2660 modo
1481 2611 1654 2660 nobis,
1695 2611 1877 2676 [1—5]
1953 2613 2138 2662 Genus
2174 2612 2276 2662 hoc
2321 2614 2501 2665 leuius
2541 2623 2621 2673 et,
2663 2623 2723 2667 nt

431 2679 574 2741 dixi,
616 2680 915 2739 mimicum,
963 2679 1062 2727 sed
1109 2679 1275 2728 habet
1319 2694 1428 2727 non
1474 2693 1768 2742 numquam
1806 2680 2013 2741 aliquid
2061 2681 2225 2729 etiam
2277 2684 2418 2745 apud
2457 2700 2556 2733 nos
2593 2686 2718 2748 loci,

427 2753 489 2795 ut
525 2746 613 2795 uel
652 2762 760 2795 non
807 2746 1014 2795 stultns
1059 2748 1218 2810 qnasi
1264 2746 1432 2795 stulte
1481 2763 1600 2795 cnm
1646 2748 1765 2797 sale
1806 2747 1956 2797 dicat
2002 2747 2257 2809 aliquid)
2331 2751 2559 2800 Laberii
2600 2768 2719 2801 csse

426 2815 495 2864 fr.
538 2814 637 2863 v11
676 2815 993 2878 suspicatur
1027 2813 1301 2878 Bergkius
1340 2814 1546 2863 annali.
1587 2814 1794 2879 philoll.
1839 2817 1968 2866 1870
2007 2832 2057 2877 p.
2094 2817 2210 2874 845,
2252 2821 2308 2865 et
2347 2820 2616 2883 cogitauit
2653 2819 2719 2868 de

429 2880 671 2930 ciusdem
707 2887 904 2945 poetae
941 2881 1116 2943 Aquis
1154 2880 1325 2929 caldis
1364 2881 1659 2931 Usencrus.
1803 2882 1933 2931 VIII
1974 2882 2176 2931 Ibidem
2217 2884 2291 2933 VI
2331 2888 2354 2933 1
2386 2890 2486 2943 “ne
2528 2886 2719 2935 absur-

427 2950 604 2998 ditate
641 2949 986 3012 turpissima,
1024 2947 1206 3010 qualis
1242 2947 1558 2996 ioculariter
1593 2950 1650 2996 in
1689 2950 1848 2998 mimo
1885 2948 2003 2997 fieri
2040 2950 2210 3011 solet,
2250 2957 2532 3015 peteretur
2570 2969 2601 3000 a
2632 2955 2722 3002 Li·
2782 2946 2787 2953 ’

429 3017 557 3065 bero
597 3032 766 3081 aqua,
806 3032 838 3064 a
866 3015 1130 3079 Lymphis
1155 3017 1338 3063 ninum
1374 3050 1386 3063 .
1409 3055 1419 3065 .
1447 3050 1460 3063 .
1485 3016 1627 3077 quod
1665 3032 1783 3065 cum
1812 3015 1870 3064 fit
1896 3016 1965 3065 ab
1993 3018 2297 3068 scientibus
2323 3021 2516 3079 mimis,
2556 3021 2718 3085 digne

428 3083 677 3132 ridentur
711 3084 766 3132 in
805 3085 1063 3133 theatro.’
1204 3082 1282 3130 IX
1319 3083 1615 3133 Suetonius
1654 3084 1777 3135 Oct.
1814 3088 1879 3134 53
1917 3084 2145 3134 ‘domini
2195 3087 2625 3151 appellationem
2663 3096 2721 3137 ut

429 3151 783 3201 maledictum
831 3157 886 3200 et
930 3151 1279 3214 opprobrium
1327 3165 1541 3213 semper
1587 3151 1884 3201 exhorruit.
1956 3168 2075 3202 cnm
2124 3159 2402 3216 spectante
2452 3172 2514 3204 eo
2563 3156 2720 3205 ludos

427 3220 834 3282 pronuntiatum
871 3226 1018 3268 esset
1064 3219 1118 3266 in
1157 3219 1344 3267 mimo:
1392 3233 1422 3266 o
1461 3219 1812 3269 domiuum’
1853 3236 1897 3275 e,
1938 3236 1989 3283 q.
2028 3237 2072 3269 a.
2157 3225 2238 3270 ‘et
2274 3223 2520 3271 uniuersi
2558 3225 2717 3287 qnasi

430 3286 496 3334 ‹le
534 3287 654 3350 ipso
692 3287 894 3335 dictum
924 3285 1236 3335 exultantes
1262 3287 1726 3349 comprobassent,
1764 3293 1819 3335 et
1854 3290 2046 3336 statim
2075 3303 2238 3337 mann
2263 3289 2529 3353 uultuque
2571 3291 2718 3340 inde·

430 3368 585 3403 coras
624 3353 970 3403 adulationes
997 3355 1261 3417 repressit
1287 3361 1341 3402 et
1368 3355 1683 3417 insequenti
1723 3354 1809 3403 die
1838 3355 2166 3419 grauissimo
2193 3356 2459 3421 corripuit
2496 3357 2718 3412 edict0.’

427 3420 578 3469 Idem
616 3427 806 3470 narrat
842 3421 1070 3470 Orosius
1106 3421 1182 3470 VI
1218 3423 1282 3470 22

603 3591 633 3645 1
681 3606 764 3663 sq.
813 3590 993 3645 fatuus
1039 3591 1199 3646 homo
1246 3596 1304 3647 in
1348 3595 1668 3663 septenarii
1693 3595 1850 3648 initio
1880 3596 2109 3663 scripsi.
2160 3593 2322 3648 homo
2356 3594 2536 3649 fatuus
2565 3598 2719 3669 libri,

429 3676 583 3747 qtcod
621 3678 838 3732 lacuna
885 3678 1139 3731 indicata
1199 3679 1328 3731 olim
1379 3680 1598 3747 prioris
1653 3681 1878 3733 senarii
1926 3678 2183 3749 frustum
2230 3695 2354 3734 esse
2399 3683 2719 3736 statuebam

597 3768 877 3815 emortuus
923 3761 1234 3816 Lambinus
1276 3770 1523 3816 mortuus
1567 3763 1704 3817 libri
1872 3761 1910 3818 3
1955 3779 2040 3834 sq.
2088 3764 2365 3834 disposuit
2420 3771 2475 3819 et
2531 3768 2716 3835 expli-

428 3848 586 3900 cauit
631 3845 1036 3901 Lachmannus
1079 3850 1137 3901 in
1181 3847 1355 3902 Lucr.
1402 3846 1521 3902 227
1741 3847 1894 3901 uxori
1943 3848 2068 3901 Erl.
2116 3849 2167 3911 b,
2217 3848 2443 3920 Layom.
2503 3852 2719 3921 aliquot

598 3929 634 3985 5
680 3931 725 3984 is
771 3932 990 3997 addidi,
1037 3948 1141 3985 om.
1185 3932 1320 3986 libri
1487 3930 1631 4004 quod
1678 3929 1769 3985 «liu
1814 3931 1955 4001 Lay.
2002 3931 2059 3986 2.
2106 3930 2184 3988 36
2359 3950 2544 4005 nquam
2580 3935 2717 4003 La9.

429 4012 486 4067 2.
533 4013 614 4071 36
787 4014 1069 4071 Fortasse
1114 4031 1224 4069 non
1273 4031 1522 4087 umquam
1569 4022 1670 4071 aut
1710 4032 1825 4085 pro
1856 4017 1953 4071 illo
2001 4015 2102 4069 suit
2134 4020 2225 4072 uel
2272 4018 2405 4072 uixit
2438 4020 2529 4073 uel
2575 4035 2720 4072 man-

427 4099 498 4153 sit
542 4101 902 4155 scribendum
1075 4108 1323 4155 mortuus
1380 4102 1517 4156 libri
1569 4106 1852 4155 emortuus
1909 4099 2216 4156 Lambinus
2414 4118 2571 4175 quam
2628 4101 2719 4156 din

426 4183 489 4238 ad
535 4200 700 4258 aquas
747 4185 808 4254 f.‚
854 4202 1144 4259 numquam
1177 4186 1462 4259 quisquam
1509 4182 1631 4256 (iste
1664 4199 1959 4254 numquam
1994 4182 2408 4260 Buechelerus)
2456 4193 2540 4242 est
2580 4201 2723 4240 mor-

429 4276 556 4324 tuus
591 4270 879 4344 Berylcius
923 4274 1145 4328 annali.
1189 4271 1411 4344 philoll.
1463 4269 1626 4326 1870
1659 4286 1728 4340 p.
1765 4266 1914 4325 845.
