3400 5075
1170 213 1538 267 APPENDIX
1579 214 2150 267 SENTENTIARVM
2681 214 2804 278 381

699 370 988 456 Agnosci
1035 393 1103 435 se
1150 375 1327 435 am‘at
1372 372 1481 455 qui
1529 372 1667 436 odit
1713 392 1851 436 sese
1898 371 2251 436 ostendere.

525 486 650 552 185
695 484 964 572 Insigne
1011 509 1157 572 spes
1202 487 1444 551 laboris
1491 489 1590 550 est
1635 487 1961 551 solacium.
2701 507 2803 555 587

695 599 974 666 Felicem
1021 606 1086 667 te
1133 601 1476 682 submitte,
1523 601 1845 665 infelicem
1893 601 2082 686 erige.
2703 621 2804 669 755

697 715 997 781 Felicitas
1044 717 1284 781 infelici
1330 717 1704 781 innocentia
1750 721 1865 781 est.
2706 738 2805 785 155

696 833 963 915 Accepti
1013 807 1394 916 numquam,
1441 831 1570 896 esto
1619 832 1755 896 dati
1802 829 2201 896 obliuiscere.
2737 854 2805 902 48

695 945 960 1011 Amicos
1008 948 1265 1011 uincere
1313 945 1660 1012 inhonesta
1706 951 1805 1010 est
1850 947 2138 1010 uictoria.

523 1062 648 1125 190
695 1061 980 1126 Poenam
1028 1063 1336 1126 meruisse
1385 1062 1542 1127 saitis
1590 1067 1689 1125 est
1734 1067 2089 1146 poenarum
2138 1062 2359 1146 probo.

693 1173 895 1262 ‘Eripi
942 1178 1094 1242 data
1140 1177 1279 1242 usta
1325 1177 1496 1262 potis
1544 1181 1669 1261 est,
1714 1177 1894 1241 reddi
1941 1181 2162 1261 erepta
2207 1177 2341 1246 non
2388 1179 2576 1260 potis,

693 1291 774 1357 Se
821 1290 1079 1357 uincere
1126 1293 1338 1376 ipsum
1383 1294 1578 1378 longe
1627 1296 1727 1356 est
1773 1290 2243 1356 difficillimum.

691 1407 941 1472 Im'cust
986 1408 1116 1472 suis
1163 1409 1273 1492 qui
1321 1406 1462 1472 sine
1510 1408 1731 1473 dolore
1777 1408 2093 1471 irascitur.

695 1524 932 1587 Amaeire
980 1522 1253 1606 incipias
1302 1520 1395 1586 s1'c
1442 1524 1626 1607 quasi
1674 1511 2029 1606 numquam
2078 1523 2349 1588 desinas,

522 1639 643 1701 195
693 1637 1028 1703 Nobilitas
1074 1660 1229 1702 uera
1276 1641 1375 1702 esi,
1421 1636 1642 1723 ingeni
1691 1639 2111 1723 generositas,

688 1752 927 1817 'Otium
974 1754 1042 1816 in
1091 1754 1350 1817 senecta.
1394 1753 1835 1838 honestumst‚
1882 1754 2014 1816 non
2062 1753 2302 1818 laboris
2352 1751 2628 1818 initium.

651 1949 746 1998 186
793 1948 1086 1999 Cleobulus
1145 1947 1288 2014 apud
1337 1947 1631 1997 Stobaeum
1680 1948 1944 2012 Florileg.
1993 1952 2051 2009 3,
2102 1951 2165 1999 79
2214 1965 2281 1998 ατ
2320 1939 2675 2013 εὐποροῦντα
2720 1942 2798 2016 μή

512 2008 892 2080 ὑπερήφανον
939 2010 1110 2079 εἶναι,
1149 2008 1481 2080 ἀποροῦντα
1516 2007 1593 2079 μὴ
1632 2014 2074 2067 ταπεινοῦσθαι.
2218 2018 2313 2066 188
2351 2016 2436 2067 Cf.
2480 2019 2695 2067 Seneca
2734 2019 2801 2068 de

514 2084 698 2137 benef.
724 2086 779 2135 11
811 2087 884 2144 11,
910 2086 940 2132 2
979 2085 1251 2134 Ausonius
1287 2088 1424 2146 sept.
1460 2099 1578 2148 sap.
1617 2089 1665 2144 (5,
1705 2087 1739 2133 4
1773 2100 1851 2148 sq.
1888 2089 1969 2134 ‘tu
2004 2086 2145 2135 bene
2183 2085 2229 2134 si
2277 2085 2407 2149 quid
2447 2085 2653 2146 facias,
2694 2102 2800 2136 non

512 2153 824 2201 meminisse
865 2152 950 2201 sas
989 2157 1091 2200 est.
1147 2153 1301 2214 Quae
1340 2151 1478 2201 bene
1518 2146 1670 2200 fact'a.
1709 2152 1973 2215 accipias,
2018 2157 2285 2217 perpetuo
2324 2157 2633 2202 memento)
2688 2153 2801 2203 Me-

514 2220 714 2269 nandri
753 2225 983 2269 monost.
1022 2222 1120 2269 749
1156 2210 1322 2285 χάριν
1362 2211 1552 2285 λαβών
1586 2215 1840 2284 μέμνησο
1876 2217 1976 2270 καὶ
2014 2213 2152 2279 δοὺς
2190 2211 2497 2275 ἐπιλάθου.

685 2434 800 2490 184
863 2450 1100 2508 agnosce
1159 2443 1297 2488 amat
1353 2433 1499 2506 quod
1577 2450 1681 2489 non
1753 2434 1870 2489 uult
1934 2436 2223 2490 ostendere
2279 2453 2316 2489 α
2374 2434 2483 2504 54,
2544 2454 2615 2492 m.
2687 2452 2803 2493 sec.

511 2522 707 2577 adscr.
755 2523 814 2576 in
858 2536 926 2593 y,
972 2521 1174 2575 desunt
1218 2522 1274 2576 in
1320 2519 1461 2575 Par.
1512 2519 1557 2575 S
1597 2520 1819 2593 agnosci
1865 2529 2002 2575 amat
2046 2521 2146 2594 'qui
2194 2520 2308 2576 odit
2354 2520 2598 2577 ostendit
2640 2523 2799 2578 codd.

511 2620 663 2659 rece.
842 2603 958 2658 185
1005 2613 1058 2659 et
1103 2621 1226 2676 spes
1258 2605 1476 2676 praemii
1521 2604 1779 2659 solacium
1829 2602 1890 2659 fit
1934 2603 2130 2660 laboris
2164 2606 2227 2660 M
2256 2605 2355 2671 56,
2389 2603 2428 2680 β
2476 2606 2800 2679 Gryphism.
2844 2602 2854 2606 ’

511 2687 589 2756 (iu
635 2688 744 2743 hoc
789 2696 871 2742 est
928 2690 1168 2759 leqitur:
1225 2690 1337 2759 ipsa
1390 2696 1520 2757 pose
1574 2705 1699 2761 spes
1746 2690 1880 2743 add.
1927 2690 1982 2761 α)
2031 2705 2157 2761 spes
2202 2693 2422 2763 praemii
2475 2688 2672 2745 laboris
2718 2699 2803 2744 est

511 2771 761 2825 solatium
793 2771 1066 2827 Pithoeus
1189 2771 1306 2827 186
1355 2771 1721 2828 infelicitatem
1754 2774 1937 2845 erige,
1988 2773 2292 2828 felicitatem
2325 2773 2580 2829 submitte
2625 2775 2689 2830 M
2719 2774 2798 2830 62

511 2855 562 2908 in
611 2853 859 2909 felicitate
904 2856 1115 2927 erigere
1159 2855 1413 2910 submitte
1461 2856 1772 2912 felicitatem
1815 2853 1855 2931 β
1908 2855 2188 2912 submittet
2233 2874 2292 2913 se
2338 2874 2475 2930 quae
2521 2875 2578 2914 se
2624 2861 2800 2932 eriget

511 2939 739 2994 felicitas
788 2939 1028 2994 Bolhius
1203 2937 1319 2993 187
1368 2942 1449 2994 sic
1494 2940 1557 2995 M
1601 2941 1678 2997 63
1726 2939 1861 3011 (nisi
1901 2942 2054 3014 quod
2104 2942 2330 2998 infelicis
2374 2944 2679 2999 innocentia
2724 2961 2801 3017 αγ

511 3023 1117 3079 felicitasinnocentiae
1165 3024 1303 3078 Pur.
1355 3022 1445 3095 S)‚·
1489 3027 1616 3079 item
1663 3042 1694 3081 e
1741 3028 1858 3082 cod.
1911 3027 2102 3083 Palae.
2152 3027 2439 3084 Gruterus
2484 3030 2669 3084 edidit.
2718 3029 2799 3084 in-

510 3107 648 3164 felici
711 3108 1015 3164 innocentia
1071 3115 1154 3162 est
1202 3107 1426 3162 felicitas
1473 3108 1718 3165 Bothius
1933 3112 2052 3170 188
2099 3115 2184 3166 sic
2235 3111 2499 3169 Orellius.
2556 3111 2796 3168 beneficii

509 3194 711 3266 accepti
744 3207 1031 3267 numquam
1069 3199 1287 3266 oportet
1319 3189 1596 3261 obliuisci,
1641 3193 1750 3248 dati
1793 3198 2044 3268 protinus
2091 3196 2154 3251 M
2191 3196 2266 3252 67
2315 3204 2590 3268 acceptum
2637 3194 2799 3252 bene-

511 3277 686 3333 ficium
733 3288 979 3334 aeternae
1025 3278 1313 3333 memoriae
1356 3273 1687 3349 infigendum
1731 3297 1772 3349 p
1818 3279 1895 3336 32
1942 3299 1973 3335 c
2027 3280 2142 3337 106
2189 3278 2430 3336 beneficii
2488 3298 2795 3353 numquam,

507 3365 615 3419 cito
661 3363 772 3420 dati
802 3363 1120 3419 obliuiscere
1153 3363 1435 3420 Gruterus
1612 3361 1728 3418 189
1776 3363 2060 3420 inhonesta
2102 3364 2392 3435 (inhonesti
2425 3364 2521 3439 ay)
2569 3366 2795 3421 uictoria

507 3455 589 3503 est
641 3466 771 3504 suos
818 3450 1034 3504 uincere
1064 3447 1129 3502 M
1158 3448 1236 3505 68
1283 3446 1566 3501 inhonesta
1611 3463 1697 3501 res
1735 3456 1831 3503 est
1875 3466 2004 3505 suos
2053 3450 2269 3503 uincere
2302 3446 2341 3523 β
2517 3449 2638 3507 190
2668 3452 2796 3506 satis

506 3541 588 3586 est
634 3549 927 3606 poenarum
960 3534 1204 3606 potuisse
1235 3531 1413 3605 puniri
1443 3530 1509 3586 M
1536 3530 1613 3588 69
1645 3528 1685 3604 β
1863 3534 1975 3589 191
2027 3532 2196 3587 (landa
2246 3534 2350 3587 uita
2398 3535 2799 3605 quotienscum-

507 3632 612 3688 que
643 3615 974 3674 duhitaueris
1019 3634 1084 3672 an
1116 3619 1186 3672 sit
1218 3616 1512 3689 cripienda,
1557 3616 1652 3671 ila:
1699 3610 1951 3689 quoniam
1998 3616 2119 3671 data
2168 3618 2301 3690 eripi
2349 3626 2563 3689 potest,
2614 3628 2796 3691 erepta

409 3760 416 3763 .
505 3699 657 3761 reddi
700 3718 807 3758 non
854 3709 1038 3776 potest
1085 3703 1147 3758 M
1175 3700 1315 3759 8οαν
1364 3704 1462 3760 ubi
1515 3701 1685 3757 danda
1736 3704 1843 3757 uita
1890 3701 2134 3772 scripsi,
2181 3700 2351 3756 datam
2400 3702 2564 3756 uitam
2611 3704 2793 3772 codd„

505 3787 635 3839 ilem
679 3785 745 3840 «la
788 3790 1039 3857 inserui,
1097 3805 1203 3843 om.
1252 3792 1417 3849 codd.
1594 3785 1712 3844 192
1759 3796 1842 3842 est
1897 3783 2269 3841 difficillimum
2326 3783 2569 3856 (difficile
2624 3784 2684 3853 α)
2740 3803 2797 3841 se

506 3868 681 3940 ipsum
729 3871 943 3926 uincere
975 3872 1042 3927 M
1066 3871 1145 3928 82
1323 3877 1446 3943 193
1493 3874 1675 3947 inique
1729 3871 1980 3926 irascitur
2026 3868 2182 3939 (bene
2213 3870 2461 3925 irascitur
2491 3870 2709 3942 iniquus
2739 3868 2798 3939 α)

507 3953 597 4025 qui
642 3954 753 4008 suis
798 3955 1046 4011 irascitur
1088 3958 1202 4012 sine
1248 3960 1450 4035 dolore
1484 3960 1550 4021 M
1577 3958 1656 4016 83
1836 3952 1953 4011 186
2002 3954 2083 4026 cs.
2121 3954 2238 4012 127
2287 3970 2462 4009 amare
2493 3954 2571 4008 sic
2600 3954 2797 4025 incipe,

509 4045 772 4110 tamquam
820 4055 925 4093 non
971 4038 1124 4096 liceat
1169 4042 1262 4107 tibi
1315 4062 1575 4136 desinere
1618 4043 1679 4103 M
1718 4039 1799 4097 84
1979 4039 2100 4096 195
2150 4038 2397 4096 nobilitas
2442 4038 2597 4093 animi
2643 4053 2806 4109 gene-

503 4121 696 4178 rositas
740 4138 948 4177 sensus.
995 4122 1062 4178 M
1096 4126 1172 4184 86
1220 4152 1495 4231 110¹]in
1552 4127 1785 4194 hominis
1836 4142 2143 4201 generosus
2190 4125 2390 4180 animus
2438 4122 2495 4177 M
2541 4120 2615 4176 87

508 4206 624 4264 196
673 4208 948 4263 honestior
987 4216 1068 4262 est
1110 4218 1199 4285 qm·
1231 4191 1601 4341 Qtfecwoem
1634 4214 1698 4275 ml
1745 4212 1925 4274 otium
1967 4210 2170 4274 retulit
2212 4226 2363 4285 quam
2408 4207 2498 4279 qui
2538 4207 2591 4259 in
2634 4221 2815 4259 senec-
