3400 5075
617 321 736 382 144
1601 322 1919 372 TITINIVS

1640 476 1739 542 III
1826 480 1854 540 1

618 585 762 667 7072
795 583 1036 649 Verum
1084 585 1254 648 enim
1303 585 1561 649 dotibus
1610 475 1888 648 deleniti)
1920 586 2090 648 ultro
2121 585 2316 647 etiam
2364 586 2669 648 uxoribus
2717 585 2913 649 anesl-

2214 690 2447 755 lantur.

1619 778 1714 842 IV
1764 779 1909 863 (10)

797 884 1048 949 Sectsus
1096 892 1440 970 mecastor,
1487 888 1524 948 ὁ
1573 886 1937 970 Proculeia,
1984 885 2328 949 P6stumae

669 992 751 1055 753
799 992 1064 1055 Lectum
1114 993 1304 1057 hodie
1353 996 1627 1072 stratum
1681 991 1815 1056 uidi
1866 996 2157 1075 scraptae
2205 993 2509 1057 mulieris,

1790 1228 1982 1289 quam
2031 1226 2151 1290 ego
2200 1206 2391 1269 hodie
2439 1209 2756 1271 ext6rrem

793 1313 933 1376 Hac
981 1314 1172 1377 domo
1231 1314 1493 1398 faciam,
1553 1313 1911 1397 pilatricem
1967 1313 2176 1396 pallae
2223 1315 2587 1377 enallauero
2636 1313 2915 1398 pulchre.

1620 1418 1715 1484 vl
1764 1418 1908 1503 (11)

797 1526 964 1590 Dzite
1015 1526 1107 1589 illi
1156 1525 1364 1610 biber,
1413 1525 1721 1589 iracunda
1766 1525 1925 1588 haec
1972 1529 2085 1589 est.

757 1687 834 1736 111
878 1687 1088 1737 Nonius
1134 1687 1225 1744 72,
1269 1688 1287 1733 i
1341 1684 1795 1734 ‘ancillantur
1843 1701 1937 1749 pro
1986 1686 2247 1734 seruiunt.
2321 1686 2565 1735 Titinius
2611 1686 2912 1735 Praelia:

619 1759 829 1802 uernrn’
869 1770 918 1802 e.
961 1771 1009 1817 q.
1051 1769 1090 1806 s.
1167 1753 1311 1801 Idem
1351 1755 1467 1812 278,
1510 1757 1570 1802 13
1609 1752 1979 1802 ‘delenitus
2016 1759 2104 1803 est
2143 1757 2324 1802 mente
2363 1753 2677 1802 alienatus.
2709 1796 2720 1807 .
2751 1790 2763 1803 .
2792 1755 2914 1807 ,Τί-

621 1823 791 1871 tinius
839 1821 1140 1871 Proelia:
1192 1824 1403 1869 uerum'
1453 1838 1497 1870 e.
1539 1837 1588 1884 q.
1631 1836 1675 1870 s.
1882 1820 1956 1869 1v
1992 1821 2195 1870 Festus
2231 1837 2280 1884 p.
2320 1823 2418 1869 333
2456 1822 2527 1871 M.
2568 1826 2913 1886 ‘scraptae

623 1889 948 1938 dicebantur
984 1889 1314 1951 nugatoriae
1355 1903 1418 1935 ac
1457 1888 1848 1952 despiciendae
1888 1888 2173 1946 mulieres,
2211 1896 2272 1938 ut
2311 1889 2391 1937 eit
2427 1888 2669 1951 Verrius,
2708 1890 2777 1938 ab
2816 1890 2917 1950 liis,

618 1973 758 2021 qnae
806 1972 965 2004 screa
1017 1957 1177 2003 iidem
1218 1955 1601 2020 appellabant,
1652 1955 1705 2003 id
1746 1962 1829 2004 est
1866 1952 2007 2019 {luae
2047 1957 2168 2019 quis
2207 1972 2466 2005 excreare
2513 1956 2680 2017 solet,
2718 1961 2914 2020 quate-

619 2041 718 2073 nus
754 2025 808 2072 id
847 2024 1108 2074 faciendo
1147 2039 1205 2070 se
1246 2027 1520 2087 purgaret.
1595 2023 1838 2072 Titinius
1878 2026 1934 2072 in
1973 2023 2220 2074 Prilln:
2254 2024 2479 2073 rectius’
2521 2041 2568 2076 e.
2611 2041 2661 2087 q.
2702 2040 2743 2071 s.

622 2093 660 2137 V
700 2093 908 2140 Nonius
951 2095 1073 2145 102,
1112 2093 1142 2138 2
1191 2089 1549 2139 ‘euullaro’
1590 2090 1909 2153 (‘euallare’
1950 2090 2103 2154 libri,
2152 2106 2291 2145 corr.
2343 2093 2642 2154 Mercerus)
2681 2091 2913 2140 ‘dietum

619 2160 911 2208 excludam
941 2166 996 2207 et
1034 2159 1186 2223 quasi
1215 2163 1369 2207 extra,
1409 2158 1869 2208 uallum'mittam.
1939 2159 2179 2208 Titinius
2218 2159 2469 2209 Prilia:
2510 2163 2694 2223 quam'
2724 2176 2770 2210 e.
2793 2173 2844 2222 q.
2870 2176 2911 2208 S.

619 2228 984 2289 (terentius
1023 2227 1086 2274 in
1126 2226 1390 2290 praelia
1429 2226 1619 2276 Urbin.
1647 2229 1769 2285 307)
1908 2227 1980 2275 v1
2017 2225 2302 2277 Charisius
2337 2229 2363 2277 1
2401 2244 2449 2291 p.
2476 2232 2541 2277 99
2566 2227 2627 2278 Ρ.
2667 2227 2912 2287 ‘biber,

618 2287 680 2344 τὸ
731 2298 906 2345 πιεῖν.
987 2293 1046 2344 O.
1096 2294 1342 2344 Fannius
1399 2294 1677 2344 annalium
1728 2299 1948 2344 octauo:
2005 2293 2224 2345 domina
2278 2295 2393 2344 eins
2449 2295 2542 2343 ubi
2599 2295 2669 2344 ad
2728 2293 2914 2345 uillam

617 2466 1014 2534 obtrectarent,
1072 2480 1137 2519 ue
1185 2463 1584 2519 Buecheler-us
1671 2451 1680 2460 ⁹
1779 2464 2261 2536 Aristophaneum
2319 2466 2475 2539 magi’
2535 2481 2691 2537 quam
2747 2463 2913 2518 fatuae

619 2552 971 2619 oblectarent,
1015 2566 1081 2603 ne
1127 2566 1239 2604 eam
1273 2566 1339 2603 in.
1375 2548 1408 2604 s.
1446 2567 1496 2604 n.
1536 2553 1841 2620 proposuit
1871 2550 1932 2605 L.
1966 2551 2288 2607 Muellerus
2331 2553 2401 2606 de
2447 2567 2513 2606 re
2553 2570 2622 2605 m.
2656 2549 2779 2604 424
2824 2551 2915 2604 ob—

617 2654 792 2693 scura
824 2637 1108 2690 sententia
1283 2632 1430 2708 70s2
1476 2643 1832 2705 anapaestos
1873 2640 2107 2708 aynouit
2138 2634 2236 2691 CF
2250 2636 2638 2692 WMuellerus
2678 2636 2912 2705 prosocl.

621 2722 809 2776 Plaul.
860 2718 1010 2777 105.-
1067 2721 1230 2774 olim·
1257 2722 1504 2775 creticos
1561 2726 1802 2775 auctore
1849 2719 2237 2792 Neulcircliio,
2294 2736 2438 2793 quos
2480 2722 2610 2776 inde
2654 2739 2688 2774 a
2738 2720 2914 2774 uerbo

617 2804 939 2861 ancillantur
983 2805 1076 2859 uel
1122 2804 1364 2859 bacchei
1407 2806 1499 2859 uel
1556 2804 1819 2859 trochaei
1872 2812 2283 2877 sequerentur,
2346 2806 2741 2861 eaehibueram.

620 2891 698 2947 73
745 2905 829 2961 sq.
876 2889 1078 2943 sectius
1111 2896 1397 2957 mecastor,
1445 2905 1476 2942 o
1508 2886 1809 2957 Proculeia,
1856 2888 2141 2945 postumae
2173 2893 2387 2959 scripsi
2419 2891 2618 2945 rectius
2651 2896 2907 2942 mecastor

619 2973 883 3048 piculetae
929 2972 1212 3028 Postumae
1252 2974 1376 3028 cod.
1424 2973 1625 3028 rectius
1670 2982 1938 3028 mecastor
1981 2973 2188 3047 piculae
2235 2982 2387 3043 tuae,
2434 2974 2719 3029 Postumae
2767 2973 2911 3027 Neu-

618 3059 911 3127 lcirchius‚
957 3076 1127 3130 quam
1171 3061 1520 3131 inqeniosam
1550 3059 1688 3113 dici!
1721 3060 2166 3115 emendationem
2199 3058 2574 3114 Her-mannus
2616 3060 2655 3113 l.
2696 3059 2735 3112 l.
2772 3056 2911 3111 27⁶2.

620 3145 819 3198 rectius
852 3152 1149 3212 mecastor,
1198 3142 1465 3211 Piculete‚
1510 3141 1801 3197 Postumae
1837 3142 2128 3213 Beryltius
2161 3144 2377 3214 ephem.
2414 3143 2714 3214 Marbnry.
2756 3140 2912 3196 1851

616 3247 675 3300 p.
720 3227 796 3282 21
848 3235 1187 3298 comparato
1235 3226 1501 3281 Pakalatui
1555 3226 1700 3283 Osco
1747 3229 1970 3283 nomine
2014 3229 2215 3283 rectius
2263 3236 2528 3283 mecastor
2582 3228 2726 3300 picto
2772 3226 2915 3281 lecto

620 3313 907 3367 postumae
944 3310 1259 3367 Corssenns
1289 3312 1358 3366 de
1387 3319 1661 3380 pronum.
1695 3305 1754 3367 1²
1786 3310 1908 3366 474
1956 3313 2158 3367 rectius
2189 3329 2256 3366 m.
2290 3313 2410 3386 pico
2459 3311 2613 3366 laeuo
2660 3319 2914 3384 postumo

628 3398 1024 3453 Buecheler-us
1055 3398 1132 3451 ad
1161 3398 1464 3468 auynrium
1497 3414 1531 3451 a
1565 3399 1804 3453 muliere
1836 3404 2067 3468 captum
2102 3398 2392 3468 referens,
2438 3404 2695 3469 postumo
2728 3401 2915 3451 autem

616 3486 838 3553 postico
882 3484 1234 3553 intelleqens.
1281 3482 1482 3536 sectius
1529 3479 1793 3536 Mecastor
1838 3483 1982 3554 picto
2028 3498 2147 3535 cum
2195 3489 2373 3553 tapete
2405 3480 2463 3535 P.
2513 3483 2641 3536 olim
2679 3487 2916 3551 tempta·

619 3582 819 3621 ueram
994 3567 1070 3621 75
1117 3567 1371 3621 scrattiae
1416 3565 1592 3621 muli.
1629 3612 1641 3624 .
1677 3607 1688 3620 .
1727 3607 1737 3619 .
1783 3566 1928 3635 cod„
1977 3568 2101 3621 olim
2149 3583 2303 3622 corr.
2352 3573 2408 3621 et
2450 3567 2637 3636 suppl.
2684 3571 2915 3619 scrattae

620 3651 828 3707 mulieri
874 3650 1266 3706 Neultircliius
1437 3650 1523 3705 De
1564 3660 1810 3723 scraptae
1849 3650 2045 3721 forma
2089 3652 2219 3706 uide
2263 3649 2606 3706 Corssenum
2635 3652 2672 3705 l.
2704 3652 2745 3704 l.

620 3736 698 3792 76
745 3752 829 3807 sq.
880 3743 1233 3806 anapaestos
1264 3739 1498 3807 aqnouit
1534 3735 1928 3791 Buechelerus
2099 3751 2256 3807 quam
2292 3735 2552 3803 Bolln'us,
2598 3738 2698 3806 qui
2726 3741 2914 3789 tamen

617 3823 674 3877 in
722 3822 957 3891 reliquis
1000 3820 1142 3876 nihil
1191 3819 1463 3891 profecit.
1540 3835 1644 3891 qua
1687 3820 1821 3874 libri
1862 3821 1986 3893 quia
2032 3819 2262 3891 Lipsius
2305 3827 2426 3874 ant.
2469 3821 2598 3875 lect.
2650 3820 2696 3875 V
2738 3817 2816 3874 22
2865 3826 2917 3872 et

619 3908 784 3977 epist.
833 3912 1056 3976 quaest.
1103 3905 1199 3960 IV
1247 3904 1320 3960 19
1496 3902 1574 3958 77
1623 3904 1721 3959 hac
1749 3904 2108 3961 Luebbertus
2137 3907 2207 3960 de
2238 3908 2383 3960 coni.
2411 3903 2671 3975 perfecti
2699 3911 2754 3959 el
2798 3902 2916 3973 fut.

619 3993 818 4045 exacti
855 4007 914 4061 p.
963 3989 999 4044 5
1046 3989 1180 4043 hanc
1223 3992 1377 4057 libri,
1424 3989 1576 4059 quod
1617 4004 1998 4045 serueueram
2044 4005 2199 4061 quam
2248 3992 2666 4060 interpretatus
2712 3996 2773 4042 ut

621 4074 790 4148 pallae
852 4073 1160 4129 cuallauero
1225 4073 1621 4129 Buecheler-us
1675 4073 1812 4146 palia
1870 4072 2159 4129 cuallauito
2217 4075 2356 4129 libri
2410 4073 2554 4147 pallii
2610 4072 2915 4128 euallauero

619 4160 848 4230 Lipsius
893 4157 1015 4231 palli
1064 4159 1164 4212 iam
1212 4158 1449 4212 enallaro
1498 4158 1625 4213 olim
1671 4162 2026 4230 scripseram
2073 4158 2197 4230 palli
2246 4159 2347 4212 iam
2394 4156 2687 4213 enallauiso
2734 4157 2915 4212 Laeli·

543 4314 556 4319 ᾖ
621 4246 816 4299 bertus
989 4259 1090 4314 qua
1138 4242 1243 4315 ego
1291 4241 1448 4297 hodie
1480 4250 1751 4298 extorrem
1784 4242 1917 4298 lianc
1948 4243 2110 4298 domo
2142 4250 2310 4297 actam
2354 4243 2651 4316 pilatricem
2698 4241 2915 4315 pallium

620 4323 883 4382 'Euallaro
931 4328 1115 4401 pulcre.
1149 4329 1526 4383 Hermannns
1553 4331 1593 4383 l.
1622 4330 1661 4383 l.
1698 4326 1819 4383 272
1996 4327 2073 4383 78
2122 4327 2243 4381 «late
2276 4325 2397 4381 ilico
2432 4326 2614 4382 hiber:
2665 4325 2915 4382 iracunda
