3400 5075
655 311 938 369 LXXXIV
1537 312 2068 370 COROLLARJVM

831 476 917 542 34
965 500 1056 563 sq.
1120 477 1429 543 Mulionis
1476 500 1511 541 e
1566 501 1890 564 caupona,
1944 479 2013 544 ni
2060 479 2281 564 fallor,
2337 503 2525 547 mane
2587 481 2943 567 profecturi

655 588 1007 669 apparatus
1055 585 1467 650 describitur:
1516 586 1803 650 absdidit
1848 587 1966 651 sub
1997 592 2177 653 veste
2215 610 2445 653 zonam
2485 612 2630 654 cum
2672 590 2948 673 pecunia

654 692 781 756 sibi
828 692 1264 777 commissam,
1308 696 1489 777 puto,
1535 695 1608 756 ut
1654 692 1770 756 alii
1815 694 2130 781 traderet3⁷
2174 695 2283 758 sed
2332 717 2474 759 eam
2513 697 2614 761 vel
2653 719 2808 761 casu
2845 697 2948 761 vel

653 798 829 864 furto
876 798 1234 882 perdidisse
1278 799 1553 864 videtur.

831 906 916 970 38
982 904 1311 970 Ponticum
1369 907 1538 989 quod
1605 905 1851 970 servari
1911 908 2076 971 velle
2135 909 2400 973 narravi
2457 906 2948 992 Buechelerum,

650 1011 978 1097 intellegit
1028 1012 1337 1077 nimirum
1392 1012 1793 1097 genetivum,
1849 1012 2270 1079 Ponticorum
2320 1015 2814 1101 loquacitatem,
2870 1017 2947 1081 de

654 1141 782 1202 qua
826 1122 1049 1183 tamen
1093 1119 1407 1184 traditum
1452 1119 1547 1184 nil
1592 1120 1867 1203 reperio.

831 1223 911 1289 V.
955 1225 1044 1288 42
1107 1226 1178 1290 111
1224 1226 1441 1291 9011199
1490 1223 1750 1292 Cusano
1796 1251 1858 1311 p.
1910 1229 2033 1292 118
2085 1231 2287 1312 extat,
2336 1229 2446 1292 sed
2494 1229 2675 1293 nullo
2724 1229 2946 1294 addito

651 1331 933 1396 nomine.

831 1438 916 1502 52
961 1439 1313 1503 vadimonio
1358 1439 1558 1503 etiam
1604 1437 2021 1505 Schuetzium
2065 1441 2135 1505 in
2182 1440 2432 1525 ephem.
2482 1463 2703 1527 gymn.
2732 1442 2945 1507 Berol.

658 1543 824 1610 1867
873 1567 936 1628 p.
966 1546 1093 1610 617
1144 1545 1495 1611 coniecisse
1539 1545 1747 1611 video.

835 1652 915 1715 71
964 1650 1165 1717 Plane
1212 1652 1446 1716 similis
1494 1652 2032 1718 vestimentorum
2080 1656 2495 1720 muliebrium
2543 1656 2945 1720 enumeratio

652 1756 724 1821 in
768 1757 988 1822 Plauti
1032 1759 1309 1842 Epidico
1336 1758 1401 1821 H
1449 1760 1509 1842 2,
1540 1758 1627 1824 45
1657 1782 1791 1845 sqq.
1838 1760 2098 1843 legitur,
2145 1762 2255 1826 ubi
2305 1767 2563 1846 praeter
2610 1762 2741 1825 alia
2787 1762 2944 1826 item

653 1886 1011 1948 supparum
1058 1861 1161 1950 (ut
1204 1865 1274 1929 in
1317 1868 1543 1931 nostro
1590 1889 1647 1930 v.
1680 1864 1810 1953 70),
1858 1868 2190 1931 crocotula
2237 1872 2303 1931 et
2347 1868 2484 1932 rica
2531 1871 2945 1932 memoratur.

650 1971 1009 2048 Mollicina,
1063 1967 1366 2053 μαλακὸν
1412 1966 1677 2054 ἱμάτιον
1723 1972 1923 2036 etiam
1973 1974 2142 2057 apud
2188 1973 2565 2039 Labbaeum
2611 1974 2946 2058 reperitur,

649 2076 764 2141 ubi
820 2078 1155 2155 molucina‚
1213 2080 1289 2140 ut
1338 2077 1407 2141 in
1453 2076 1654 2143 Nonii
1699 2078 2171 2164 Bambergensi
2228 2083 2433 2165 extat,
2491 2080 2945 2166 corrigendum

653 2204 793 2247 esse
823 2183 1011 2248 docet
1036 2182 1282 2267 Papiae
1310 2183 1560 2269 glossa:
1608 2183 1932 2249 ‘molocina
1960 2187 2159 2250 vestis
2190 2209 2353 2273 quae
2385 2186 2559 2252 albo’
2589 2184 2945 2274 (malveoP)

653 2287 955 2353 ‘stamine
1000 2290 1095 2374 fit,
1140 2312 1335 2374 quam
1374 2290 1487 2355 alii
1535 2291 1911 2355 malbellam
1967 2291 2227 2356 vocant’
2291 2295 2357 2356 et
2403 2292 2736 2358 ‘malbella
2781 2315 2945 2378 quae

651 2417 727 2459 ex
758 2395 1121 2461 malvarum
1150 2396 1429 2461 stamine
1458 2397 1816 2480 conficitur,
1862 2420 2057 2482 quam
2095 2399 2210 2463 alii
2255 2400 2621 2464 molocinam
2665 2398 2945 2465 vocant.'

649 2525 784 2569 non
837 2507 1058 2568 tamen
1112 2503 1541 2569 dubitandum
1586 2503 1845 2569 videtur
1890 2504 2048 2589 quin
2100 2505 2274 2570 idem
2329 2506 2420 2570 sit
2472 2506 2643 2591 quod
2689 2506 2942 2572 Aristo-

653 2611 901 2696 phanes
947 2609 1019 2674 in
1046 2609 1741 2694 Thesmophoriazusis
1791 2612 2014 2675 alteris
2063 2609 2167 2696 (fr.
2197 2610 2337 2699 VI),
2384 2613 2496 2677 ubi
2543 2616 2944 2695 γυναικείων

652 2712 1063 2801 φορημοίτων
1118 2717 1600 2781 multitudinem
1657 2722 2017 2801 enumerat,
2073 2720 2243 2801 apud
2299 2718 2629 2783 Pollucem
2683 2717 2812 2782 VH
2858 2718 2943 2781 96

650 2819 1048 2905 μαλάκιον
1111 2823 1276 2887 dixit
1329 2824 1624 2908 quodque
1682 2825 1905 2889 eadem
1967 2825 2181 2889 forma
2233 2824 2606 2908 Hesychius
2667 2824 2946 2908 protulit

654 2929 877 2993 addita
927 2929 1490 3013 interpretatione:
1545 2941 1933 3013 γυναικεῖον
1985 2927 2385 3016 κοσμάριον,
2449 2930 2722 2995 Photius
2785 2953 2940 2994 vero

649 3035 722 3101 in
765 3035 971 3101 lexico
1016 3036 1236 3121 ipsum
1282 3036 1796 3121 Aristophanem
1840 3038 2114 3102 laudans
2162 3039 2282 3103 sic:
2328 3033 2528 3121 μαλοὶ
2541 3055 2746 3120 χιον·
2793 3033 2941 3102 κόσ-

650 3166 775 3226 μος
827 3143 1117 3226 χρυσοῦς
1170 3154 1571 3226 γυναικεῖος·
1627 3139 1840 3220 οὕτως
1889 3137 2386 3229 Ἀριστοφάνης.
2463 3143 2598 3206 13111
2663 3165 2810 3207 911111
2872 3144 2944 3208 111

651 3249 876 3313 multis
923 3249 1323 3334 Antiphanis
1380 3250 1612 3315 comici
1667 3250 2144 3334 exemplaribus
2205 3245 2545 3333 μολόχης
2590 3247 2779 3332 ῥίζαν
2822 3272 2940 3333 pro

650 3355 767 3420 illo
814 3351 1110 3440 μαλάχης
1157 3359 1224 3420 et
1270 3356 1439 3440 apud
1475 3355 1948 3440 Epicharmum
1992 3353 2359 3441 πραΰτερος
2404 3357 2608 3437 ἔγωγε
2652 3352 2942 3439 μολόχας

650 3461 785 3546 legi
828 3464 1107 3526 testetur
1151 3461 1529 3527 Athenaeus
1573 3461 1640 3526 H
1686 3462 1771 3527 58
1803 3463 1841 3526 d
1889 3459 1996 3546 (cf.
2032 3462 2318 3547 Hesych.
2366 3466 2432 3525 et
2476 3461 2748 3526 Photius
2796 3485 2845 3526 S.
2882 3486 2938 3527 v.

650 3563 973 3654 μαλάχη),
1026 3590 1110 3633 119
1154 3567 1318 3632 1111111
1372 3569 1633 3653 quidem
1688 3568 1929 3633 mirum
1983 3571 2153 3654 quod
2197 3564 2518 3654 μολόχιον
2570 3589 2689 3652 pro
2735 3565 2941 3652 μαλά-

648 3698 799 3758 χιον
854 3673 1121 3757 scripsit
1173 3671 1472 3741 Clemens
1526 3676 2005 3740 Alexandrinus
2060 3675 2337 3760 Paedag.
2380 3675 2448 3740 II
2509 3677 2583 3738 11
2644 3699 2705 3759 p.
2753 3677 2839 3741 90
2879 3674 2939 3741 S.

648 3778 808 3867 (272
837 3777 944 3867 K.)
1009 3779 1122 3844 ubi
1178 3779 1643 3866 Aristophanis
1708 3782 1925 3846 locum
1989 3782 2306 3867 laudavit,
2366 3782 2655 3867 vulgaris
2723 3787 2939 3847 autem

647 3887 846 3953 medii
902 3887 1043 3951 aevi
1100 3908 1312 3953 sermo
1359 3892 1433 3952 ut
1477 3892 1579 3952 est
1631 3888 1700 3952 in
1746 3887 2072 3973 Ducangii
2126 3889 2450 3974 glossario
2505 3885 2942 3972 μολούχιον

648 3992 1018 4077 usurpavit,
1075 3992 1157 4057 ad
1202 3994 1374 4079 quod
1428 3994 1619 4079 plane
1673 3997 1971 4059 nostrum
2026 3995 2304 4080 quadrat
2360 3996 2707 4060 molucium.
2799 3995 2937 4059 Mu-

646 4104 826 4165 tatae
884 4101 1103 4163 autem
1156 4100 1227 4164 in
1271 4099 1509 4166 Latino
1571 4122 1866 4178 sermone
1912 4102 2168 4187 vulgari
2213 4102 2460 4168 vocalis
2506 4124 2549 4166 a
2591 4102 2661 4165 in
2707 4123 2742 4165 ο
2788 4106 2856 4164 et
2896 4122 2940 4164 u

650 4206 948 4291 exempla
994 4205 1262 4291 collegit
1309 4204 1817 4271 Schuchardtius
1865 4208 1942 4272 de
1988 4209 2345 4274 vocalismo
2391 4208 2424 4272 Ι
2475 4209 2602 4271 170
2648 4229 2781 4290 sqq.
2838 4206 2934 4270 ΙΙΙ

649 4313 734 4375 86
783 4334 875 4395 sq.
968 4309 1270 4375 Ceterum
1328 4313 1396 4377 in
1441 4312 1677 4378 Naevii
1724 4312 2029 4398 Lycurgo
2082 4338 2141 4379 v.
2188 4316 2275 4378 46
2332 4337 2475 4377 cum
2529 4312 2729 4376 Nonii
2786 4312 2937 4376 libri
