3400 5075
1308 302 1836 362 COROLLARIVM
2515 304 2718 363 XCVII

415 470 712 556 exempla
747 492 805 536 v.
849 469 931 534 19
972 474 1037 534 et
1079 469 1221 534 108.
1296 470 1716 534 manifestum
1754 469 2033 533 Phaedri
2072 468 2472 534 imitatorem
2509 469 2715 536 habes

413 578 484 643 in
538 601 593 642 v.
650 576 782 642 255
829 578 895 640 effi
941 575 1090 641 644.
1182 575 1380 661 quid?
1426 576 1596 660 quod
1644 576 1846 641 etiam
1893 575 2171 641 Horatio
2221 557 2566 659 subreptus
2614 579 2715 641 est

413 707 472 750 v,
510 685 660 750 547.
751 681 1022 748 Catonis
1063 680 1359 747 Censorii
1399 683 1647 748 dictum
1685 683 1912 748 subest
1946 682 2161 747 versui
2200 682 2351 767 670,
2381 679 2713 748 Ciceronis

413 792 613 856 verba
657 790 728 854 in
770 811 1076 854 numeros
1122 789 1387 854 redacta
1422 812 1481 854 v.
1528 788 1614 854 35
1658 792 1725 853 et
1762 790 1910 875 667,
1955 789 2193 854 inflexa
2230 789 2618 866 Quintiliani
2653 812 2713 856 v.

415 896 547 962 534
595 899 663 960 et
707 894 855 961 553.
947 894 1354 980 Quamquam
1413 917 1546 961 non
1590 917 1761 981 nego
1809 919 2002 980 posse
2049 918 2196 962 cum
2246 917 2323 960 ex
2367 894 2473 960 his
2521 917 2713 980 quae-

415 1003 564 1068 dam
611 1003 712 1067 vel
761 1024 840 1066 ex
886 1002 1212 1068 communi
1258 1002 1439 1068 fonte
1487 1003 1590 1067 vel
1637 1003 1779 1068 vice
1827 1025 2016 1068 versa
2058 1026 2091 1067 e
2130 1023 2366 1069 scaena
2402 1002 2472 1067 in
2507 1001 2713 1067 libros

416 1111 678 1174 fluxisse
716 1112 856 1173 tum
895 1110 1175 1173 maxime
1217 1107 1547 1193 Senecam,
1593 1132 1786 1193 quem
1825 1112 2085 1174 constat
2120 1108 2306 1173 mimi
2344 1109 2715 1175 amantissi-

416 1239 594 1280 mum
649 1215 881 1300 fuisse,
935 1237 1099 1300 quae
1150 1213 1299 1298 Syri
1355 1214 1695 1279 versiculis
1754 1212 1930 1300 (138.
1978 1216 2126 1280 238.
2175 1215 2323 1281 297.
2371 1215 2520 1282 352.
2566 1217 2717 1282 484.

417 1322 564 1387 572.
603 1320 762 1385 5983
801 1320 880 1385 cf.
919 1321 1191 1406 append.
1228 1322 1330 1386 70.
1374 1321 1480 1387 84.
1520 1322 1663 1385 132.
1700 1322 1842 1385 152.
1879 1322 2021 1386 162.
2050 1320 2433 1410 297-305)
2471 1322 2717 1389 similia

414 1427 619 1492 habet
673 1426 828 1491 hinc
881 1428 1192 1512 petivisse
1247 1427 1468 1512 potius
1533 1450 1730 1511 quam
1790 1428 2305 1493 commodavisse
2360 1432 2717 1513 poetastro.

416 1533 752 1598 Accedunt
787 1555 939 1599 vero
980 1534 1331 1599 multorum
1371 1537 1668 1599 auctores
1702 1533 1932 1599 Graeci
1974 1537 2040 1598 et
2075 1533 2314 1619 tragici
2353 1532 2439 1620 (v.
2478 1535 2716 1601 36:38.

425 1640 567 1704 192.
604 1640 754 1704 245.
791 1640 939 1704 328.
980 1638 1129 1705 365.
1165 1637 1326 1726 468)
1364 1644 1431 1704 et
1466 1640 1699 1705 comici
1731 1638 2067 1725 (Diphilus
2095 1664 2152 1706 v.
2188 1641 2337 1726 636,
2363 1640 2719 1707 Menander

419 1768 479 1811 v.
522 1746 630 1812 49.
675 1744 780 1811 51.
827 1747 930 1811 61.
970 1747 1073 1811 62.
1114 1746 1216 1811 83.
1259 1745 1403 1811 135.
1447 1747 1590 1811 143.
1630 1748 1778 1811 214.
1819 1748 1965 1812 330.
2004 1748 2153 1813 397.
2190 1746 2339 1812 471.
2375 1747 2528 1813 497.
2564 1746 2715 1813 537.

419 1852 567 1917 595.
615 1853 763 1917 601.
800 1852 947 1918 603.
986 1852 1134 1918 617.
1173 1849 1349 1939 624).
1434 1874 1508 1917 ac
1546 1852 1873 1937 tragicum
1912 1854 2196 1918 colorem
2233 1852 2337 1917 vel
2381 1854 2477 1919 sic
2517 1875 2714 1941 agno-

419 1960 629 2024 vimus
657 1982 715 2025 v.
743 1958 891 2025 275.
954 1958 1092 2024 Nec
1121 1959 1354 2024 desunt
1380 1958 1551 2023 inter
1578 1960 1885 2045 gnomica
1914 1960 2016 2025 vel
2044 1960 2489 2045 proverbialia
2518 1959 2715 2026 Grae·

420 2086 643 2131 corum
670 2065 847 2130 dicta
883 2086 1047 2149 quae
1085 2064 1352 2129 redeant
1390 2066 1561 2149 apud
1593 2064 1832 2151 Syrum
1868 2069 2196 2133 nostrum:
2233 2070 2571 2153 tamquam
2601 2065 2715 2134 So·

421 2172 619 2237 cratis
659 2169 904 2236 Seneca
939 2171 1164 2235 laudat
1200 2173 1594 2238 sententiam
1631 2195 1689 2238 v.
1737 2174 1862 2237 172
1902 2196 2294 2260 expressam,
2342 2174 2425 2240 ad
2459 2173 2715 2241 Aristo·

420 2279 617 2342 telem
657 2277 938 2342 refertur
972 2300 1030 2342 v.
1074 2277 1219 2362 169,
1255 2277 1648 2343 Plutarchea
1685 2279 1783 2343 ad.
1823 2302 1880 2345 v.
1925 2281 2048 2345 118
2089 2279 2301 2364 attuli,
2335 2278 2717 2366 Demophili

422 2384 814 2449 sententiam
862 2384 943 2449 ad
991 2384 1139 2468 669,
1186 2384 1522 2467 paroemia
1570 2386 1649 2449 ad
1697 2408 1754 2449 v.
1807 2385 1950 2450 102.
2004 2385 2147 2450 103.
2200 2386 2342 2450 111.

596 2491 776 2577 Ergo
823 2489 1007 2556 varia
1054 2493 1238 2555 acute
1287 2494 1354 2555 et
1396 2492 1748 2576 prudenter
1793 2492 2115 2558 dictorum
2142 2492 2407 2579 farrago
2436 2492 2718 2581 undiquc

422 2600 697 2666 collecta
743 2601 809 2662 et
841 2598 1128 2663 numeris
1158 2602 1471 2683 quantum
1504 2599 1643 2663 fieri
1671 2603 1935 2683 poterat
1962 2602 2268 2666 conclusa
2296 2603 2398 2664 est
2422 2603 2719 2686 tempore

420 2707 689 2771 incerto,
773 2705 925 2790 quid
956 2726 1108 2789 ergo
1139 2706 1361 2770 obstat
1406 2704 1562 2789 quin
1610 2706 1692 2770 ad
1737 2706 2161 2771 vetustiorem
2190 2706 2458 2770 Publilii
2505 2711 2719 2774 aetate

422 2813 703 2878 formam
750 2812 1066 2897 quaedam
1113 2812 1534 2876 revocemus?
1590 2816 1664 2878 ut
1707 2832 1909 2878 noenu
1953 2835 2011 2878 v.
2066 2813 2200 2878 494
2255 2813 2545 2898 restitui;
2598 2836 2718 2881 nec

425 2921 669 2985 veritus
727 2942 871 2985 sum
927 2918 996 2982 in
1052 2918 1407 3003 appendice
1467 2943 1524 2985 v.
1582 2920 1668 2984 30
1726 2918 2190 3004 οόἰυνὶραίἱοηί,
2246 2918 2333 2984 65
2380 2921 2718 3003 laudarier,

424 3027 551 3091 267
609 3026 815 3108 capiet·
860 3029 926 3089 et
976 3026 1186 3107 rapier
1242 3025 1602 3091 admittere.
1686 3025 1924 3110 quidve
1986 3025 2225 3091 mirum
2280 3027 2451 3111 quod
2520 3028 2719 3095 etiam

427 3133 880 3218 anapaesticus
919 3153 1143 3195 versus
1191 3131 1320 3196 213
1368 3137 1435 3197 et
1462 3131 1781 3198 octonarii
1807 3131 2075 3197 iambici
2104 3155 2162 3198 v.
2192 3131 2340 3198 657.
2370 3126 2499 3200 666
2530 3131 2718 3221 (item

427 3240 699 3323 append.
736 3240 822 3304 96
872 3242 938 3302 et
981 3238 1217 3304 herous
1266 3239 1540 3323 append.
1592 3237 1702 3326 17)
1747 3239 1941 3304 inlati
1989 3241 2143 3304 sunt
2185 3238 2256 3303 in
2301 3240 2648 3326 syllogen?

603 3345 781 3422 Quae
818 3366 966 3411 cum
1003 3343 1362 3429 antiquitus
1407 3345 1608 3410 fuerit
1659 3346 2098 3431 amplissima,
2154 3344 2394 3410 accidit
2418 3346 2722 3433 primum,

425 3456 500 3516 ut
543 3452 840 3536 pluribus
889 3451 1190 3516 manibus
1247 3455 1715 3537 excerperetur,
1767 3452 1988 3536 itaque
2043 3451 2113 3514 in
2159 3450 2484 3516 breviaria
2528 3454 2720 3536 plura

426 3559 915 3641 dilaceraretur,
962 3558 1142 3623 cuius
1190 3580 1424 3642 operae
1471 3558 1860 3622 documenta
1903 3556 2258 3639 praecipua
2302 3557 2501 3622 etiam
2545 3580 2717 3624 nunc

426 3669 651 3730 extant
686 3665 849 3730 duae
886 3663 1327 3749 Frisingensis
1366 3667 1434 3728 et
1458 3662 1870 3729 Monacensis
1910 3662 2044 3728 sive
2073 3661 2441 3728 Turicensis
2488 3664 2717 3730 collec-

425 3773 657 3856 tiones,
703 3770 1001 3856 quamvis
1047 3770 1224 3834 illius
1271 3793 1524 3855 quoque
1571 3769 1863 3835 familiae
1911 3769 2241 3834 codicibus
2285 3769 2562 3856 singulis
2600 3792 2718 3836 sua

427 3881 744 3963 quaedam
789 3877 1056 3962 propria
1103 3877 1250 3941 sint.
1338 3877 1479 3963 Ipsi
1525 3899 1676 3944 vero
1722 3877 2025 3946 versiculi
2072 3899 2329 3942 summa
2374 3877 2717 3944 scholasti·

427 4009 649 4052 corum
692 3985 962 4051 licentia
1006 3984 1196 4050 modo
1246 3984 1326 4049 ad
1375 3983 1540 4051 alios
1584 4007 1910 4069 numeros,
1953 3988 2027 4049 ut
2068 3985 2186 4048 illa
2232 4005 2398 4067 quae
2439 3982 2717 4049 Ausonii

425 4093 686 4156 nomine
726 4092 1022 4157 ferimtur
1058 4095 1308 4175 septem
1345 4091 1741 4175 sapientium
1778 4090 1971 4175 dicta,
2015 4090 2253 4173 inflexi,
2290 4089 2481 4154 modo
2519 4089 2718 4154 inter·

428 4198 634 4283 polati
687 4201 753 4263 et
789 4199 859 4262 in
893 4221 1160 4283 prosam
1198 4197 1559 4264 orationem
1596 4217 1672 4264 eo
1721 4196 2014 4281 consilio,
2060 4198 2135 4260 ut
2177 4195 2451 4278 videtur,
2495 4194 2715 4259 diffusi

429 4309 597 4390 sunt,
642 4307 717 4370 ut
750 4309 1011 4390 praeter
1044 4326 1268 4371 versus
1312 4304 1466 4371 illos
1514 4304 1729 4370 soluto
1777 4302 1977 4368 etiam
2022 4321 2322 4367 sermone
2365 4304 2717 4385 conceptae

536 4427 654 4471 Gon.
681 4427 801 4468 Ian.
827 4427 944 4468 Ru..
2250 4421 2289 4474 g
