3400 5075
1294 383 1362 438 1..
1399 384 1761 439 AFRANIVS
2244 407 2247 410 2
2557 379 2681 448 203

1350 541 1451 609 111
1499 541 1589 629 (7.
1639 541 1709 629 8)

1846 648 2031 732 haec,
2079 649 2474 732 taeterrime,

386 756 515 825 305
565 753 730 824 Sunt
775 755 1240 845 postprincipia
1287 760 1477 843 atque
1526 757 1734 823 exitus
1788 753 2041 847 [malae]
2093 756 2365 822 uitiosae
2414 753 2606 822 uitae.

1413 873 1508 940 IV
1556 871 1657 959 (2)

561 978 662 1047 Ne
710 1001 832 1068 ogo
880 978 1030 1049 suos
1077 977 1407 1050 uelitantis
1455 981 1746 1050 auscultes
1793 980 2039 1049 lubens,

1427 1098 1488 1163 V
1538 1097 1639 1185 (1)

570 1203 853 1271 Offendit
897 1205 1091 1292 fregit
1136 1206 1313 1291 rtipit
1355 1206 1469 1272 icit
1512 1207 1763 1290 poculo.

814 1385 823 1395 .
1407 1321 1502 1387 VI
1551 1319 1652 1407 (3)

565 1428 815 1493 Vellem
863 1425 1353 1494 interuenissem
1401 1431 1577 1512 iinte3
1623 1453 1777 1496 nam
1824 1433 1897 1496 ut
1943 1430 2130 1517 signa
2176 1427 2484 1513 indicant,

570 1543 658 1609 Hi
707 1543 1032 1608 coniecere
1080 1544 1279 1609 uerba
1325 1544 1495 1611 inter
1542 1569 1677 1611 sese
1726 1546 1952 1612 Acrius,

384 1707 537 1755 tiuos
587 1720 682 1768 pro
739 1705 1064 1754 accusatiuo
1120 1707 1247 1769 poni
1304 1705 1510 1769 placet.
1599 1708 1861 1757 Afranius
1908 1706 2310 1771 Compitalibus
2364 1703 2481 1770 [lv]
2540 1706 2681 1756 idem

381 1771 672 1822 Simulat
711 1772 895 1821 tui..
934 1778 1221 1835 peteret.
1261 1773 1428 1822 idem
1467 1774 1531 1823 in
1572 1773 2038 1839 Emancipato’
2079 1792 2126 1824 e.
2168 1791 2217 1838 q.
2256 1791 2300 1825 s.
2383 1773 2681 1835 (simulta

383 1843 511 1896 Par.
539 1840 582 1889 P
621 1838 1003 1889 Simulante
1030 1841 1219 1890 Iunius
1290 1841 1458 1891 idem
1487 1859 1587 1891 om.
1619 1844 1811 1893 Bamb.
1840 1843 2000 1894 Leid.
2031 1845 2123 1892 116
2152 1843 2273 1892 Par.
2302 1844 2361 1900 P,
2390 1847 2449 1891 ut
2473 1843 2681 1891 Nonius

381 1911 459 1960 sic
499 1907 784 1970 reliquisse
824 1906 1103 1956 uideatur:
1146 1914 1354 1972 pater.
1413 1916 1479 1958 et
1515 1910 1575 1957 in
1617 1911 2091 1976 Emancipato)
2231 1911 2314 1960 ΙΙΙ
2352 1910 2548 1958 Cicero
2586 1927 2682 1974 pro

380 1977 570 2027 Sestio
608 1976 692 2037 55,
734 1977 830 2025 118
866 1979 1059 2024 ‘uoces
1085 1977 1300 2039 quidem
1330 1982 1385 2025 et
1411 1978 1715 2041 palmarum
1755 1980 2000 2029 intentus
2037 1986 2091 2028 et
2130 1978 2542 2028 maledictorum
2570 1977 2682 2027 cla·

379 2059 586 2095 morem
611 2058 798 2092 omnes
823 2042 1202 2106 profuderunt.
1253 2043 1359 2093 Sed
1388 2044 1516 2109 quid
1545 2061 1648 2109 ego
1676 2047 1865 2110 populi
1886 2047 2118 2096 Romani
2140 2047 2377 2095 animum
2399 2048 2680 2095 uirtutem-

380 2128 489 2177 que
527 2126 885 2161 commemoro
919 2110 1230 2161 libertatem
1270 2112 1374 2160 iam
1405 2128 1470 2161 cx
1511 2112 1770 2163 diuturna
1805 2115 2074 2163 seruitute
2114 2113 2489 2178 dispicientia,
2524 2115 2580 2163 in
2617 2130 2682 2163 eo

378 2180 620 2240 homine,
642 2179 727 2227 cui
756 2184 868 2226 tum
888 2179 1100 2242 petenti
1130 2179 1237 2228 iam
1257 2179 1602 2229 aedilitatem
1625 2196 1691 2230 ue
1712 2181 2012 2232 histriones
2032 2181 2246 2247 quidem
2267 2197 2447 2231 coram
2466 2181 2681 2231 sedenti

379 2248 782 2313 pepercerunt?
818 2245 954 2295 Nam
982 2261 1120 2295 cum
1146 2253 1472 2311 ageretur
1496 2254 1738 2310 togata
1762 2249 2117 2310 Simnhms,
2142 2255 2205 2298 ut
2229 2249 2439 2313 opinor,
2469 2255 2680 2299 cater-

378 2330 458 2365 ua
499 2318 648 2363 tota.
681 2312 1070 2362 clariss-ima
1108 2315 1560 2365 concentione
1597 2317 1651 2364 in
1673 2332 1767 2366 ore
1792 2316 1973 2382 inpuri
1998 2317 2235 2366 hominis
2256 2316 2527 2365 inminens
2549 2332 2680 2366 con·
2718 2358 2725 2367 .

379 2384 683 2433 tionatast:
711 2381 888 2430 huic.
910 2418 922 2429 .
944 2380 1179 2431 mitae.
1241 2381 1485 2432 Sedebat
1511 2385 1888 2434 exanimatus:
1928 2389 1984 2433 et
2008 2385 2055 2433 ie
2082 2384 2172 2447 qui
2201 2389 2368 2433 antea
2396 2389 2679 2433 cantorum

379 2449 625 2500 conuitio
667 2448 952 2497 contiones
991 2447 1274 2499 celebrare
1321 2464 1450 2499 suas
1486 2450 1733 2509 solebat,
1782 2468 1901 2502 ean
1918 2457 2130 2501 torum
2177 2453 2414 2515 ipsorum
2454 2452 2682 2501 uocibus

380 2517 708 2569 eiciebatur.
757 2515 830 2565 Et
856 2517 1112 2580 quoniam
1137 2517 1290 2567 facta
1316 2518 1520 2568 mentio
1544 2524 1629 2569 est
1654 2518 1915 2577 ludorum,
1944 2536 2013 2571 ne
2032 2518 2165 2570 illud
2193 2518 2409 2584 quidem
2440 2525 2681 2584 praeter·

378 2589 614 2644 mittam,
646 2586 700 2633 in
727 2600 930 2648 magna
953 2586 1233 2635 uarietate
1259 2588 1655 2636 sententiarum
1682 2603 1975 2652 numquam
2002 2588 2169 2637 ullum
2199 2588 2372 2637 fuisse
2401 2587 2592 2646 locum,
2624 2588 2682 2636 in

381 2670 493 2719 quo
518 2652 725 2717 aliquid
750 2668 783 2701 a
809 2657 973 2716 poeta
998 2651 1203 2702 dictum
1231 2652 1427 2703 cadere
1454 2656 1510 2702 in
1538 2660 1753 2720 tempus
1789 2662 2032 2706 nostrum
2061 2655 2365 2713 uideretur,
2405 2656 2546 2720 quod
2584 2661 2682 2706 aut

385 2721 649 2788 populum
688 2721 1004 2770 uniuersum
1047 2720 1267 2783 fugeret
1303 2727 1400 2770 aut
1437 2737 1542 2771 non
1582 2723 1914 2787 exprimeret
1957 2724 2078 2788 ipse
2118 2729 2289 2777 actor.
2364 2722 2436 2772 Et
2472 2739 2680 2787 quaeso

379 2789 488 2839 hoc
537 2790 592 2837 in
643 2786 788 2849 loco,
837 2786 1076 2843 iudices,
1126 2804 1192 2837 ne
1244 2803 1351 2851 qna
1399 2787 1630 2838 leuitate
1680 2807 1765 2840 me
1815 2791 2036 2841 ductum
2071 2792 2140 2841 ad
2186 2789 2468 2840 insolitum
2508 2807 2680 2853 genus

381 2856 604 2907 dicendi
651 2855 766 2904 labi
813 2855 1060 2918 putetisJ
1097 2857 1144 2903 si
1192 2855 1260 2905 de
1307 2858 1514 2920 poeste,
1553 2857 1619 2906 de
1658 2858 2044 2919 histrionibu3‚
2092 2859 2158 2908 (le
2197 2858 2342 2908 ludis
2380 2860 2434 2907 in
2474 2858 2679 2907 indicio

383 2924 614 2989 loqnar.’
687 2922 869 2972 Schol.
893 2922 1150 2973 Bobiens.
1189 2922 1429 2989 ‘togataJ
1461 2925 1676 2977 Afranii
1704 2925 1953 2984 scilicet,
1994 2943 2100 2990 quo
2126 2927 2179 2975 in
2207 2934 2450 2990 tempore
2478 2926 2680 2990 gloria-

383 2998 469 3041 tur
509 2995 719 3040 tantum
761 2989 946 3054 populi
986 2990 1156 3039 fuisse
1183 3007 1535 3049 consensum.
1574 3000 1633 3042 ut
1667 2998 1723 3042 et
1745 2992 2030 3044 maledicIs
2058 2995 2287 3043 uocibus
2314 2995 2682 3043 insectaretur

382 3066 438 3108 et
477 3064 665 3109 uotum
692 3073 847 3107 suum
885 3056 951 3107 de
978 3056 1262 3107 Ciceronis
1299 3059 1479 3110 reditu
1519 3061 1825 3110 fateretur)
1899 3061 2165 3111 Cantores
2200 3062 2265 3111 ‹le
2304 3068 2549 3121 caterua,
2588 3062 2681 3123 qui

383 3127 615 3177 Graecis
654 3123 948 3190 χορευταί.
990 3125 1269 3175 intellexit
1304 3125 1368 3175 G.
1399 3127 1751 3176 Hei-mannus
1776 3143 1965 3192 opusc.
2005 3130 2030 3177 1
2066 3131 2181 3179 298.
2220 3132 2319 3177 302
2458 3128 2533 3176 lv
2572 3130 2680 3177 No-

385 3197 511 3243 nius
547 3196 665 3256 246,
708 3196 768 3242 15
807 3192 1259 3252 ‘auscultat-e,
1301 3194 1536 3243 audire)
1675 3196 1722 3242 V
1760 3196 1967 3244 Nonius
2000 3200 2110 3253 1⁶34.
2149 3200 2180 3245 5
2218 3196 2366 3245 ‘icit
2403 3195 2680 3255 significat

383 3261 648 3323 percutit,
686 3260 756 3309 ab
793 3260 1334 3311 ictu....Afranins
1372 3262 1839 3312 Simulanteme
1886 3262 2137 3314 offendit’
2177 3280 2223 3315 e.
2262 3279 2310 3327 q.
2352 3278 2395 3311 ε.
2446 3264 2678 3320 (Simu-

384 3328 579 3379 lante
617 3328 906 3390 Bentinus)
1045 3328 1121 3378 VI
1156 3329 1364 3381 Nonius
1400 3332 1518 3394 267,
1557 3333 1620 3380 27
1660 3331 1956 3381 ‘coicere
1993 3338 2078 3380 est
2112 3332 2295 3380 iacere
2318 3367 2364 3381 ..
2387 3368 2398 3379 .
2420 3330 2682 3379 Afranius

387 3479 597 3543 peteret
628 3488 755 3526 cum
785 3471 941 3526 Leid.
987 3470 1105 3527 116
1139 3476 1320 3528 ceteri
1344 3474 1483 3530 libri
1494 3499 1509 3526 .-
1555 3476 1684 3529 uide
1717 3491 1898 3543 supra
2075 3471 2196 3529 304
2243 3489 2328 3543 sq.
2378 3472 2527 3540 hacc,
2572 3480 2682 3526 tac·

387 3557 637 3625 ton-rime,
683 3555 820 3610 Sunt
875 3558 1090 3625 scripsi
1143 3555 1268 3611 huic
1324 3559 1420 3611 tite
1481 3566 1570 3612 tua
1617 3557 1745 3629 (sed
1795 3565 1921 3612 etun
1968 3556 2033 3626 G)
2089 3557 2231 3611 Par.
2282 3555 2492 3611 Gembl.
2555 3557 2679 3610 huic

384 3642 528 3696 uitae
574 3649 664 3694 tna
712 3640 892 3694 Bern.
941 3639 1096 3708 huic,
1143 3639 1294 3711 Tite,
1343 3643 1452 3696 Tua
1501 3644 1797 3711 Halmius,
1856 3644 1912 3696 in
1960 3641 2163 3713 quibus
2215 3639 2331 3711 suit
2382 3658 2509 3696 cum
2556 3639 2681 3696 hine

388 3726 788 3796 corriyemlum
831 3726 1124 3793 ptclarcm,
1171 3724 1260 3779 hui
1308 3729 1530 3798 inleyro
1561 3730 1860 3781 octonario
1908 3725 2205 3780 trochaico
2246 3725 2534 3797 Berylcius
2577 3743 2681 3779 an·

384 3811 526 3865 nali.
578 3809 799 3880 philoll.
852 3808 1016 3864 1870
1069 3826 1129 3880 p.
1178 3808 1300 3866 833
1359 3810 1481 3865 hine
1525 3811 1776 3865 ‹liscitote
1836 3812 1930 3866 uel
1975 3810 2103 3864 haec
2157 3810 2369 3864 intucto
2418 3809 2679 3865 Bueche-

382 3895 546 3948 lerus
589 3893 853 3948 senarios
881 3894 1169 3949 dimensus
1338 3903 1461 3966 post
1506 3895 1763 3967 principia
1794 3896 1852 3948 in
1884 3896 2015 3950 bina
2050 3895 2335 3950 uocabula
2360 3910 2677 3966 perperam

384 3978 698 4047 dispescuit
729 3978 1066 4033 Lambinus:
1112 3978 1192 4049 cs.
1229 3980 1425 4035 Plauti
1452 3979 1636 4034 Persa
1662 3979 1784 4034 452
1919 3978 2083 4033 malae
2115 3980 2347 4045 inserui,
2381 3996 2487 4035 om.
2517 3980 2680 4034 libri.-

380 4061 641 4132 sorlasse
701 4061 822 4116 uilis
872 4064 1234 4133 probabilius
1293 4065 1578 4118 uidebitur
1792 4062 1914 4119 306
1961 4057 2056 4137 ne]
2119 4063 2206 4134 Cf.
2264 4063 2681 4119 Fleckeisenus

386 4145 589 4201 Philol.
648 4145 716 4201 11
771 4144 874 4202 65*
1024 4146 1313 4201 uolitantes
1371 4147 1575 4203 Iunius
1619 4146 1874 4202 uellantis
1928 4148 2064 4202 libri
2231 4146 2350 4204 307
2399 4151 2455 4202 in
2510 4148 2676 4200 simu-

386 4227 581 4285 lantem
629 4232 788 4285 titulo
834 4247 916 4284 me
957 4233 1147 4287 latere
1207 4232 1467 4286 uidetur:
1521 4232 1600 4301 cf.
1650 4234 1730 4286 ad
1773 4231 1893 4286 312
2067 4229 2229 4299 fregit
2280 4234 2496 4301 scripsi
2538 4231 2679 4301 regit
2743 4240 2754 4259 ’

383 4314 518 4368 libri
561 4313 760 4386 frangit
808 4312 1009 4371 Iunius
1063 4318 1201 4388 repit
1251 4315 1489 4371 Bolhius
1546 4317 1748 4389 regerit
1794 4318 1887 4371 uel
1938 4316 2090 4370 reicit
2134 4318 2275 4370 idem
2323 4316 2358 4369 2
2532 4316 2679 4388 rupit

387 4401 595 4470 scripsi
637 4399 837 4472 rumpit
878 4400 1016 4455 libri
1183 4399 1303 4457 309
1350 4401 1595 4456 conicere
1656 4401 1731 4457 W
1894 4416 2016 4455 sese
2058 4400 2264 4457 Iunius
2306 4416 2367 4456 so
2410 4400 2543 4457 libri
