3400 5075
1100 229 1423 288 Pvnmm
1462 233 1625 286 SYRI
1663 229 2116 288 SENTENTIAE
2631 225 2759 295 355

461 394 592 460 585
641 391 801 478 Spes
850 393 953 457 est
998 392 1253 475 salutis,
1297 392 1410 456 fibi
1453 391 1785 457 hominem
1832 391 2136 477 obiurgat
2179 391 2402 475 pudor.
2653 410 2757 459 473
2844 385 2849 390 ’

633 507 915 573 Suadere
962 508 1272 592 primum,
1318 505 1469 571 dein
1517 508 1837 593 corrigere
1884 511 1984 571 est
2027 505 2329 570 beniuoli.
2650 525 2756 574 480

633 622 906 708 Sapiens
952 627 1179 687 eontra
1225 643 1449 687 omnes
1498 623 1680 687 arma
1725 622 1878 708 fert,
1924 644 2071 686 cum
2118 622 2379 707 cogitat.
2650 640 2757 690 456

637 736 1133 804 Sanctissimum
1181 741 1281 803 est
1328 737 1698 804 meminisse
1746 738 1849 801 cui
1894 741 1960 803 te
2007 737 2257 802 debeas.
2652 755 2756 806 738

632 851 836 919 Stulti
876 854 1112 917 timent
1155 854 1514 939 fortunam,
1561 855 1888 939 sapientes
1933 853 2169 918 ferunt.
2652 871 2759 922 476

457 969 588 1033 590
636 967 904 1053 Sensim,
950 990 1084 1034 non
1131 973 1309 1034 aetas
1357 967 1613 1034 inuenit
1658 969 2061 1053 sapientiam.
2651 986 2755 1037 '243

639 1082 904 1169 Semper
950 1085 1208 1148 beatam
1255 1087 1323 1149 se
1370 1089 1560 1169 putat
1604 1083 1999 1171 benignitas,
2651 1102 2756 1154 463

639 1198 845 1284 Saepe
890 1197 1289 1285 ignoscendo
1337 1201 1608 1265 initiriae
1657 1198 1910 1266 dederis
1954 1199 2188 1265 locum.
2654 1218 2759 1269 736

641 1313 822 1380 Solet
866 1318 1004 1380 esse
1050 1317 1120 1380 in
1166 1316 1376 1381 dubiis
1423 1318 1542 1401 pro
1589 1317 1859 1382 consilio
1906 1316 2299 1382 temeritas*
2649 1334 2756 1384 470

635 1429 900 1515 Semper
947 1432 1286 1532 consilium
1331 1434 1488 1496 'mine
1534 1433 1705 1517 dest,
1750 1454 1896 1496 cum
1944 1453 2107 1516 opus
2154 1434 2254 1495 est
2298 1429 2591 1496 maixime.
2654 1450 2760 1499 464

459 1547 588 1610 595
636 1547 907 1631 Sapiens
954 1548 1124 1631 qu'od
1172 1547 1417 1631 petitur
1461 1548 1573 1612 libi
1618 1550 1818 1631 tacet,
1863 1547 2147 1610 breuiter
2192 1546 2454 1631 negah*
2654 1565 2757 1615 457

638 1660 902 1747 Semper
947 1663 1091 1746 plus
1141 1663 1375 1727 metuit
1419 1662 1673 1727 {mimus
1719 1663 2019 1747 ignottim
2065 1662 2324 1725 malum.
2657 1682 2755 1732 741

638 1776 934 1843 Seclinda
978 1778 1048 1842 in
1093 1779 1476 1863 paupertate
1522 1779 1789 1844 fortuna
1834 1778 1936 1842 est
1980 1777 2155 1843 fides.
2655 1798 2760 1848 460

638 1891 707 1958 Si
751 1892 849 1957 nil
897 1862 1057 1959 uelis
1102 1895 1357 1980 timere,
1402 1898 1655 1959 metuas
1702 1893 1941 1959 omnia.
2656 1913 2760 1964 ’146

638 2007 1066 2075 summissum
1115 2008 1456 2094 imperium
1501 2010 1636 2073 non
1682 2013 1864 2074 tenet
1907 2008 2078 2073 uires
2125 2029 2292 2074 suas,
2654 2028 2755 2077 481

460 2126 590 2189 600
637 2123 969 2190 Seeiindus
1018 2130 1117 2190 est
1162 2148 1201 2189 a
1245 2126 1452 2190 matre
1497 2121 1770 2189 nutricis
1817 2125 2018 2189 dolor.
2654 2142 2756 2193 461

638 2240 774 2306 Sibi
822 2240 963 2326 ipse
1009 2241 1122 2305 dat
1167 2238 1552 2326 supplicium
1600 2263 1792 2325 quem
1839 2237 2111 2304 admissi
2153 2239 2417 2325 puden*
2653 2260 2755 2310 467

639 2355 840 2422 Suum
888 2357 1178 2442 sequitur
1223 2358 1442 2421 lumen
1490 2359 1744 2441 semper
1787 2355 2179 2422 innocentia.
2654 2374 2761 2426 484

457 2553 811 2604 EXEMPLA

593 2632 693 2681 595
729 2629 1021 2680 Menandri
1059 2634 1288 2681 monost.
1324 2631 1424 2680 223
1461 2621 1496 2695 ἡ
1537 2622 1645 2695 γάρ
1682 2622 1868 2695 σιωπὴ
1904 2632 2191 2696 μαρτυρεῖ
2219 2622 2284 2680 τὸ
2321 2624 2399 2695 μή
2439 2625 2656 2685 θέλειν.

458 2700 558 2749 598
605 2698 821 2748 Seneca.
868 2703 984 2748 nat.
1035 2704 1249 2762 quaest.
1287 2697 1362 2747 VI
1398 2700 1450 2762 2,
1489 2699 1519 2748 3
1565 2697 1638 2746 ‘si
1682 2698 1856 2749 uultis
1900 2696 2037 2746 nihil
2088 2699 2309 2759 timere,
2355 2699 2600 2763 cogitate
2644 2712 2756 2747 om-

458 2767 554 2815 nia
591 2781 715 2816 esse
752 2766 1032 2815 timenda)
1171 2768 1268 2816 601
1309 2763 1395 2817 cf.
1425 2765 1637 2815 Seneca
1665 2764 1775 2815 de
1763 2780 1844 2813 ira
1871 2764 1955 2813 111
1981 2767 2065 2829 26,
2095 2767 2181 2814 2*
2190 2766 2425 2815 maxima
2450 2771 2535 2815 est
2572 2766 2758 2815 factae

458 2834 698 2882 iniuriae
747 2848 930 2896 poena
978 2833 1210 2896 fecisse,
1259 2847 1361 2881 nec
1409 2832 1697 2896 quisquam
1744 2833 1970 2895 granius
2018 2803 2293 2895 a’dficitur,
2314 2849 2500 2913 quam
2547 2834 2637 2912 qni
2692 2833 2760 2883 ad

457 2899 789 2979 supplicium
826 2900 1209 2976 paenitentiae
1235 2898 1509 2949 traditur)
1581 2898 1872 2949 Menandri
1898 2906 2133 2949 monost.
2160 2902 2332 2965 667η
2314 2894 2437 2953 ’δὲ
2481 2894 2762 2966 μετάνοια

462 2966 658 3033 γίγνετ
721 2957 1058 3031 ἀνθρώποις
1093 2966 1292 3032 κρίσις

460 3159 675 3217 semper
718 3143 840 3217 pius
885 3161 1048 3218 posse
1093 3152 1248 3219 putat
1293 3146 1461 3200 iratus
1510 3161 1665 3218 quam
1723 3155 1905 3220 potest
1954 3146 2355 3205 Buecheler-us
2410 3148 2578 3203 iratus
2634 3147 2757 3221 plus

460 3243 517 3281 se
562 3243 725 3301 posse
771 3245 929 3301 quam
978 3231 1151 3302 possit
1194 3237 1349 3303 putat
1394 3231 1526 3285 olim
1571 3233 1796 3287 conieci
2006 3231 2129 3288 585
2175 3231 2367 3287 salutis
2410 3239 2496 3285 est
2548 3232 2596 3285 T

462 3312 623 3367 timor
660 3313 710 3367 T
876 3313 997 3370 586
1044 3313 1165 3369 dein
1211 3315 1490 3387 corrigere
1537 3323 1620 3369 est
1664 3314 1902 3369 beniuoii
1950 3319 2164 3388 scripsi
2203 3314 2587 3408 beniuoli-est.
2635 3314 2758 3371 dein

461 3414 736 3488 corrigere
780 3415 839 3470 F
877 3414 997 3471 dein
1045 3417 1324 3490 corrigere
1375 3414 1612 3472 beniuoli
1672 3425 1755 3472 cst
1802 3416 2048 3472 Bothius
2219 3417 2341 3474 589
2389 3417 2494 3473 fert
2538 3417 2597 3472 F

461 3498 587 3556 590
628 3514 848 3554 sensum
900 3516 1007 3556 non
1040 3510 1184 3555 aetas
1230 3501 1438 3556 inuenit
1481 3501 1741 3574 sapientia
1794 3501 1844 3555 T
2010 3498 2132 3557 592
2181 3501 2269 3574 Cf.
2306 3500 2428 3558 238
2600 3518 2762 3575 saepe

459 3582 796 3657 ignoscendo
842 3584 1128 3641 Gruterus
1174 3586 1385 3659 sapiens
1431 3602 1647 3658 semper
1699 3585 2011 3658 quiescendi
2055 3584 2111 3640 F
2279 3588 2502 3642 iniuriae
2548 3584 2759 3642 dederis

459 3665 637 3723 locum
671 3668 918 3725 Bothius
948 3668 1037 3724 dat
1083 3670 1260 3725 locum
1308 3669 1533 3725 iniuriae
1563 3670 1621 3726 F
1659 3669 1754 3724 das
1799 3670 2021 3725 iniuriae
2067 3669 2245 3725 locum
2279 3670 2585 3740 Gruterus,
2630 3674 2759 3727 item

457 3755 571 3808 nisi
611 3756 765 3825 quod
805 3753 901 3809 (les
949 3757 1187 3824 scripsit
1233 3754 1635 3827 Woelfflinus:
1681 3752 1765 3824 cf.
1803 3754 2108 3810 Naucln’us
2150 3754 2441 3829 me'lanyes
2468 3755 2573 3812 ΙΙΙ
2616 3754 2755 3824 199,

458 3840 560 3906 qui
601 3836 695 3891 das
755 3840 847 3895 uel
908 3837 1055 3893 dahis
1113 3841 1469 3895 commendat
1641 3838 1765 3895 593
1826 3840 1878 3894 in
1937 3839 2182 3895 aduersis
2246 3841 2296 3896 Τ
2472 3839 2594 3897 594
2638 3840 2762 3895 dest

458 3924 675 3993 scripsi
714 3922 870 3978 deest
917 3923 974 3977 F
1138 3939 1275 3997 opus
1321 3932 1406 3979 est
1435 3924 1728 3980 Besbillon
1776 3932 1861 3978 est
1907 3940 2045 3998 opus
2082 3924 2139 3978 F
2304 3923 2426 3981 598
2476 3923 2565 3996 Cf.
2621 3923 2758 3980 116.

461 4006 581 4063 607
720 4008 795 4062 nii
842 4007 1081 4081 Inyolse.
1130 4007 1261 4063 nihii
1307 4008 1365 4064 F
1501 4000 1735 4085 metuas]
1785 4024 1896 4063 cur
1938 4026 2053 4065 non
2100 4008 2326 4065 timeas?
2500 4007 2618 4066 601
2670 4008 2759 4080 Cf.

463 4091 581 4148 196
714 4094 830 4165 ipse
876 4093 1177 4149 Bentleius
1221 4093 1322 4166 ipsi
1354 4094 1411 4149 F
1534 4093 1852 4166 supplitium
1884 4092 1940 4148 F
2066 4095 2273 4167 penitet
2310 4095 2369 4159 Ε
2436 4144 2447 4153 .
2526 4092 2759 4167 sibiipsi

458 4175 783 4251 supplicium
813 4176 1032 4234 admissi
1064 4194 1222 4250 quem
1269 4182 1505 4252 paenitet
1554 4178 1956 4250 Woelfflinus:
2002 4177 2082 4249 cf.
2121 4178 2423 4234 Nauck-ius
2465 4181 2500 4234 l.
2549 4180 2587 4233 1.
2637 4177 2749 4235 201

628 4262 748 4320 602
795 4254 1002 4341 iumen]
1054 4280 1130 4319 an
1169 4268 1412 4325 numen?
1587 4263 1953 4319 innocentiam
2004 4262 2247 4320 Bothius

2250 4356 2354 4409 23*Ι
