3400 5075
1291 345 1821 401 COROLLARIVM
2579 348 2672 401 XL
2689 346 2706 397 1

404 515 504 579 uti
564 512 747 594 velit,
804 513 1011 596 possit
1065 513 1136 576 in
1182 512 1304 577 fine
1362 534 1583 575 versus
1642 512 1872 577 addere
1931 533 2035 576 nec
2079 514 2230 593 quid
2283 534 2468 594 agyam
2514 515 2707 578 sciam

407 622 541 706 (vel
588 623 759 707 scio).

588 730 674 793 46
704 751 796 812 sq.
844 728 1297 791 Fleckeisenus
1333 748 1584 810 quoque
1625 728 1692 789 in
1731 727 2074 790 annalibus
2114 729 2246 791 suis
2287 727 2705 813 philologieis

416 838 586 901 1872
632 860 692 919 p.
741 836 873 899 365
919 835 1062 898 adn.
1111 833 1419 911 tra-ditum
1468 854 1594 897 »non
1638 833 1708 897 in
1754 855 1958 896 nonne
2013 840 2264 898 mutare
2324 835 2564 898 veritus
2614 835 2704 897 in-

410 945 539 1008 seri
587 947 737 1028 post
784 940 1008 1026 ‘quas'
1057 940 1191 1005 sive
1238 941 1490 1021 quando
1531 939 1665 1003 sive
1709 942 1868 1021 sorte
1915 942 2183 1024 mavult,
2228 946 2300 1005 ut
2337 942 2445 1006 hic
2483 964 2705 1005 versus

413 1051 771 1117 exoriatur:
1456 1050 1463 1055 ’

518 1158 644 1222 no'n
672 1162 739 1221 tu
763 1159 899 1235 scis,
927 1158 984 1221 si
1013 1155 1170 1238 queis
1198 1154 1479 1239 [quando
1510 1179 1557 1220 S.
1583 1157 1780 1239 sorte]
1809 1158 1983 1221 aedes
2012 1159 2175 1239 iynis
2202 1159 2356 1237 cepit
2382 1156 2608 1219 (ieriter

411 1264 634 1330 Possis
682 1263 880 1355 etiam
926 1264 1108 1328 semel
1152 1264 1325 1327 inter
1359 1264 1478 1328 sols
1520 1267 1586 1326 et
1611 1265 1668 1327 si
1706 1265 2002 1328 inserere.
2067 1264 2233 1328 Item
2265 1263 2704 1327 Studemundo

413 1372 745 1436 adsentior
791 1394 847 1435 v.
896 1372 980 1434 53
1027 1391 1154 1434 nou
1187 1374 1380 1451 putas
1425 1370 1863 1454 recipiendum
1912 1394 2068 1434 esse.
2143 1372 2216 1433 A.
2251 1369 2578 1455 Spengelii
2629 1371 2706 1433 de

411 1479 733 1563 particula
769 1500 971 1542 nonne
1007 1478 1299 1541 libellum
1340 1498 1529 1560 aegre
1567 1478 1706 1541 fero
1735 1501 2089 1563 numquam
2127 1478 2288 1542 mihi
2329 1480 2396 1543 in
2436 1501 2705 1542 manum

412 1586 665 1650 venisse
711 1608 915 1668 neque
964 1586 1173 1649 adhuc
1217 1584 1578 1668 parabilem
1626 1586 1844 1649 fuisse.

506 1678 513 1685 ’
594 1693 681 1756 50
766 1692 1008 1757 Lace-ra
1074 1692 1357 1755 Charisii
1428 1694 1626 1756 verba
1692 1693 2009 1757 Aemilius
2076 1694 2405 1757 Baehrens
2474 1695 2710 1758 annall.

414 1800 664 1885 philoll.
720 1801 888 1864 1872
950 1823 1008 1881 p.
1058 1799 1189 1862 365
1255 1800 1345 1863 sic
1413 1803 1750 1884 transponi
1821 1802 2033 1865 iussit:
2099 1800 2320 1883 ραεζᾳνε.
2403 1800 2573 1864 idem
2639 1801 2706 1863 in

414 1908 665 1970 eadem:
731 1928 907 1988 aeqre
956 1907 1193 1986 faciam
1248 1908 1417 1988 filiis.
1502 1908 1834 1972 subaudiri
1902 1909 2094 1973 debet
2149 1909 2418 1972 verbum
2485 1910 2558 1971 ut
2624 1909 2709 1972 sic

416 2014 607 2077 aliter
666 2012 968 2076 Plautus'
1018 1995 1173 2096 efq.
1231 2037 1278 2076 s,
1346 2019 1416 2078 ut
1480 1998 1788 2080 eiusdenr
1831 2020 2063 2099 poetae
2129 2020 2194 2079 et
2258 2016 2516 2079 fabulae
2581 2015 2707 2079 hoc

414 2122 693 2185 frustum
742 2120 955 2201 fuerit,
1003 2121 1105 2184 cui
1152 2144 1207 2184 v.
1256 2123 1340 2185 4ss
1390 2146 1479 2205 sq.
1527 2124 1858 2187 debentur.
1952 2123 2063 2186 sed
2109 2122 2320 2206 qualis
2370 2122 2435 2185 in
2485 2122 2705 2185 codice

411 2228 655 2311 legitur
720 2228 1131 2312 grammatici
1199 2229 1545 2310 explicatio
1605 2229 1971 2295 ‘subaudiri
2027 2230 2219 2292 debet
2276 2228 2571 2312 verbum,
2637 2232 2708 2291 ut

415 2334 505 2397 sit
551 2333 776 2418 aegre’
822 2357 938 2417 per
984 2358 1051 2397 se
1100 2334 1344 2418 optime
1392 2335 1613 2419 habet3
1663 2336 1916 2418 plenius
1956 2336 2128 2400 enim
2177 2338 2516 2398 enarratur
2563 2355 2702 2398 sen-

412 2441 649 2504 tentia:
696 2440 967 2506 ‘faciam
1015 2446 1088 2506 ut
1134 2440 1221 2506 s'it
1268 2464 1459 2527 aegre
1507 2441 1702 2505 filiis?

593 2546 680 2612 55
734 2548 884 2613 Non
929 2550 1083 2633 quia
1128 2573 1245 2634 per
1291 2573 1358 2613 se
1414 2573 1546 2614 non
1592 2550 1950 2615 rectissime
1998 2550 2250 2613 dicatur
2305 2550 2490 2614 miser
2536 2549 2709 2614 labor

418 2659 489 2719 ut
533 2655 773 2719 misera
819 2678 972 2720 cura
1020 2657 1293 2721 ambitio
1342 2657 1594 2740 cupido,
1642 2658 1801 2739 alia,
1849 2658 1958 2720 sed
2006 2656 2159 2739 quia
2208 2656 2289 2719 ab
2337 2655 2528 2719 huius
2577 2679 2704 2719 ser-

414 2762 627 2826 monis
666 2763 881 2827 indole
920 2767 985 2827 et
1023 2764 1307 2828 comicae
1345 2764 1649 2828 dictionis
1689 2763 2151 2829 consuetudine
2191 2762 2472 2826 alienum
2503 2761 2705 2826 videri

414 2871 651 2952 potest,
698 2868 926 2934 dubito
973 2892 1130 2938 num
1176 2891 1346 2935 meus
1390 2871 1492 2934 vel
1540 2873 1660 2935 me's
1704 2870 2196 2954 praeferendum
2247 2869 2349 2932 sit.

595 2974 679 3039 58
735 2975 938 3040 Immo
985 2982 1137 3041 certe
1192 2978 1283 3040 sic
1341 2978 1684 3041 coniuncta
1742 2981 1960 3041 tuetur
2004 2977 2340 3040 Terentius
2389 2998 2527 3038 eun.
2577 2976 2707 3039 812

415 3081 711 3145 ‘credin?
773 3081 804 3149 ls
850 3083 1049 3146 immo
1100 3088 1299 3147 certe:
1345 3085 1496 3148 novi
1543 3085 1879 3168 ingenium
1926 3081 2309 3148 mulierum?
2382 3081 2705 3145 sententia

414 3188 776 3271 probabilis
826 3189 968 3252 vide
1015 3212 1096 3252 an
1144 3189 1303 3253 haec
1352 3191 1572 3254 futura
1619 3191 1731 3254 sit:
1778 3192 2071 3254 inimici
2116 3190 2471 3253 causant?
2519 3189 2705 3252 immo

414 3300 569 3360 certe
601 3297 811 3376 potior
854 3315 941 3377 68,
987 3299 1060 3359 ut
1105 3295 1212 3360 hic
1259 3318 1509 3379 quoque
1557 3320 1673 3381 per
1718 3298 2096 3362 inrisionem
2152 3295 2474 3380 quandam
2532 3294 2703 3358 ultro

412 3401 604 3464 detur
650 3401 1019 3466 adversario
1067 3402 1307 3484 potiori
1357 3425 1497 3466 esse
1544 3403 1845 3487 inimiciS‚
1891 3423 2165 3486 quorum
2205 3401 2511 3463 adversus
2560 3422 2704 3464 eum

414 3508 758 3571 machinae
812 3507 906 3571 nil
967 3508 1245 3572 valeant.
1327 3510 1497 3592 quod
1544 3510 1614 3573 in
1669 3513 1851 3572 textu
1906 3507 2095 3590 posui
2151 3507 2222 3569 in
2276 3505 2465 3569 amici
2516 3527 2707 3570 causa

412 3635 476 3678 es
512 3609 651 3696 (ubi
683 3618 901 3678 tamen
930 3614 1372 3697 interrogandi
1404 3615 1636 3679 saltem
1665 3617 1824 3679 nota
1854 3610 2170 3695 addenda)
2210 3612 2464 3675 defendi
2494 3612 2707 3694 possit

415 3719 751 3784 Ciceronis
798 3742 916 3803 pro
962 3719 1275 3784 Marcello
1327 3724 1390 3805 1,
1438 3724 1481 3785 2
1525 3723 1741 3785 verbis
1791 3719 2234 3784 ‘vehementer
2281 3719 2568 3803 angebar
2615 3720 2704 3782 vi-

416 3849 560 3889 rum
608 3826 825 3909 talem,
873 3849 1019 3891 cum
1065 3827 1135 3891 in
1182 3829 1405 3892 eadem
1454 3851 1667 3910 causa,
1715 3829 1784 3891 in
1821 3850 1948 3911 qua
1986 3848 2126 3911 eg0‚
2171 3826 2422 3909 fuisset,
2466 3847 2598 3889 non
2637 3825 2704 3890 in

416 3933 641 3996 eadem
680 3955 820 3996 esse
866 3933 1160 3997 fortuna'
1216 3933 1341 3998 hac
1388 3935 1637 3998 scilicet
1674 3934 2020 3998 sententia:
2067 3934 2236 4016 quod
2276 3937 2339 3996 te
2374 3933 2445 3996 in
2484 3932 2705 3997 eadem

416 4061 613 4103 causa
669 4062 808 4102 esse
865 4040 1068 4122 dicae,
1124 4041 1191 4104 in
1245 4064 1372 4124 qua
1427 4041 1673 4105 amicus
1729 4045 1878 4104 tuus
1935 4043 2060 4122 est,
2116 4041 2250 4104 scil.
2299 4044 2371 4103 ut
2424 4040 2564 4123 ipse
2622 4040 2704 4103 ab

416 4145 805 4209 adversariis
854 4151 1191 4211 accusatus
1233 4151 1297 4210 et
1340 4146 1643 4230 periculis
1682 4147 2157 4210 circumventus
2196 4147 2302 4227 siS‚
2349 4146 2704 4230 respondeo

415 4255 483 4314 te
528 4254 750 4315 tamen
804 4250 921 4317 illo
976 4254 1301 4340 potiorem
1359 4275 1525 4339 esse3
1583 4273 1738 4337 ergo
1787 4256 1853 4316 et
1897 4256 1960 4316 te
2018 4256 2081 4315 et
2135 4252 2318 4315 illum
2366 4251 2704 4320 defendere

415 4357 628 4422 debes,
