3400 5075
1317 318 1841 375 COROLLARIVM
2558 321 2733 377 XCIII

606 482 870 549 Fratres
899 505 1038 547 esse
1057 482 1510 568 Basiliensem,
1538 485 1931 548 Beruensem
1963 486 2110 568 704,
2138 484 2727 570 Rheinaugiensem

423 591 696 656 lacunae
771 591 1243 677 demonstrant3
1331 592 1444 655 sed
1523 593 1881 676 pleniorem
1956 592 2242 655 servavit
2315 614 2723 657 communem

422 695 675 762 fontem
719 698 1087 762 Bernensis.
1192 697 1294 762 Ad
1370 699 1639 762 eandem
1714 699 1990 763 classem
2062 699 2385 782 pertinere
2476 698 2728 761 videtur

429 803 630 867 etiam
697 803 1018 869 Urbinas
1071 804 1268 870 codex
1334 828 1394 869 n.
1452 805 1583 869 340
1641 805 1883 869 saeculi
1940 804 2125 888 XIV,
2184 805 2365 868 cuius
2418 805 2727 869 notitiam

425 909 727 996 Augusto
791 911 948 976 Mau
1011 911 1382 976 Kiloniensi
1446 911 1681 974 debeo:
1746 933 1900 974 nam
1965 911 2034 974 in
2106 911 2337 994 primis
2413 911 2726 993 versibuS,

428 1037 590 1099 quos
651 1017 763 1080 ille
821 1018 1122 1101 contulit,
1178 1017 1521 1103 sexaginta
1577 1019 1826 1099 septem
1888 1017 2120 1080 desunt
2178 1022 2438 1100 praeter
2496 1041 2553 1082 v.
2619 1020 2724 1083 29.

428 1122 512 1184 57
563 1144 655 1205 sq.
703 1122 788 1185 62
836 1122 1043 1186 eidem
1089 1144 1252 1205 quos
1300 1123 1398 1186 illi
1436 1123 1588 1187 libri
1635 1124 1705 1187 in
1745 1126 2034 1187 extrema
2070 1124 2293 1187 littera
2322 1127 2382 1190 A
2411 1126 2725 1191 omittunt

428 1228 710 1292 35—43.
846 1228 1087 1292 Textus
1154 1229 1294 1311 ipse
1359 1232 1497 1292 tam
1561 1229 1732 1291 male
1798 1228 2063 1293 habitus
2139 1235 2265 1312 est,
2330 1236 2403 1295 ut
2475 1234 2727 1317 reliqua

429 1335 643 1397 excuti
704 1356 937 1417 operae
992 1335 1275 1418 pretium
1331 1335 1544 1399 visum
1589 1357 1722 1399 non
1769 1336 1882 1399 sit:
1939 1358 2136 1399 unum
2192 1340 2498 1423 monebo,
2554 1341 2724 1423 quod

427 1441 497 1503 in
561 1463 618 1505 v.
686 1441 769 1504 63
836 1441 957 1504 sub
1023 1441 1408 1525 corruptelis
1473 1442 1794 1505 librorum
1860 1442 2063 1505 latere
2138 1445 2504 1527 suspicatus
2579 1469 2722 1511 sum

426 1549 697 1627 quando,
762 1547 827 1610 id
892 1547 1108 1630 ipsum
1157 1547 1224 1610 in
1285 1546 1599 1611 Urbinate
1656 1549 1808 1632 legi,
1854 1548 1968 1612 ubi
2016 1549 2278 1612 initium
2327 1572 2550 1615 versus
2597 1555 2723 1616 est:

429 1653 652 1717 bonum
707 1654 951 1735 quando
1010 1655 1174 1717 enim
1227 1656 1653 1737 suffrimitur.
1756 1655 1861 1718 Pa
1875 1656 2159 1719 latinos
2216 1655 2474 1720 Gruteri
2528 1657 2722 1742 Hugo

430 1759 750 1824 Hinckius
798 1783 981 1824 meus
1028 1760 1274 1824 frustra
1318 1762 1387 1825 in
1435 1762 1836 1827 bibliotheca
1884 1761 2208 1826 Vaticana
2253 1764 2590 1846 quaesivit.

609 1866 907 1931 Alterum
964 1867 1293 1951 exemplar
1348 1869 1485 1932 eius
1545 1891 1710 1953 quae
1770 1870 2162 1934 Turicensi
2216 1870 2303 1954 (n.
2367 1869 2519 1957 178)
2575 1894 2718 1936 con·

426 1973 673 2036 tinetur
719 1973 937 2038 codice
995 1974 1310 2060 syllogeS‚
1356 1976 1659 2039 mutilum
1707 1976 1868 2039 illud
1914 1977 2173 2060 quidem
2222 1977 2368 2040 inde
2417 2000 2456 2041 a
2500 1978 2723 2041 littera

431 2082 515 2158 E,
571 2079 683 2143 sed
735 2079 976 2144 litteris
1032 2081 1094 2143 A
1152 2085 1217 2143 et
1261 2081 1354 2165 Β,
1409 2105 1573 2166 quae
1629 2082 1864 2146 desunt
1919 2084 1986 2147 in
2040 2069 2400 2167 Turicensi',
2462 2088 2723 2149 auctum

427 2186 797 2269 nuperrime
854 2192 1182 2270 repertum
1248 2192 1349 2251 est
1404 2189 1471 2253 in
1530 2190 1699 2252 libro
1756 2190 2200 2252 Monacensi
2264 2187 2455 2274 (Olm.
2522 2189 2723 2279 6369>

429 2293 697 2356 membr.
754 2316 918 2358 saec.
965 2293 1085 2377 XI,
1146 2295 1391 2358 editum
1440 2298 1657 2358 autem
1706 2318 1745 2357 a
1792 2295 2115 2358 Guilelmo
2163 2295 2388 2378 Meyer
2435 2297 2503 2360 in
2551 2318 2723 2359 com-

428 2400 945 2463 mentatiuncula
1009 2402 1102 2464 sic
1167 2402 1508 2485 inscripta:
1573 2402 1742 2466 Eine
1800 2402 2167 2483 Samuel-cmg]
2218 2422 2335 2464 von
2390 2402 2722 2467 Sentenaen

426 2508 530 2571 des
601 2505 913 2573 Publilius
984 2506 1197 2590 Syrus.
1333 2508 1646 2574 Micnclaen
1726 2509 1912 2573 1872.
2061 2506 2259 2572 Cuius
2334 2508 2721 2592 gravissime

428 2613 616 2677 doleo
674 2616 815 2677 tum
871 2614 1129 2679 demum
1192 2616 1499 2681 notitiam
1555 2615 1721 2679 mihi
1778 2617 2065 2680 adlatam
2126 2638 2292 2700 esse,
2358 2638 2503 2679 cum
2570 2615 2722 2700 Syri

428 2719 558 2782 mei
629 2722 845 2783 textus
919 2722 1099 2806 typis
1174 2723 1241 2786 in
1321 2723 1585 2787 officina
1648 2722 1784 2785 iam
1849 2743 2188 2806 expressus
2254 2728 2451 2808 esset3
2516 2745 2719 2807 neque

426 2829 778 2909 postquam
824 2829 1188 2911 complures
1235 2852 1352 2913 per
1399 2851 1652 2893 menses
1700 2829 2020 2893 intactum
2068 2833 2338 2913 propter
2377 2851 2719 2912 operarum

424 2932 860 3014 pertinaciam
934 2934 1223 2998 iacuerat
1295 2959 1487 3020 opus,
1561 2939 1633 2999 ut
1697 2937 1906 3000 denuo
1971 2941 2328 3000 retexerem
2390 2958 2720 3021 novasque

429 3040 786 3103 sententias
798 3091 815 3123 ,
883 3044 955 3104 ut
1007 3064 1128 3124 par
1184 3047 1351 3127 erat,
1417 3065 1533 3106 suo
1589 3043 1733 3107 loco
1795 3044 2172 3128 insererem,
2237 3044 2563 3127 inpetrare
2619 3046 2719 3108 vel

428 3168 469 3208 a
513 3147 730 3211 taedio
778 3170 924 3212 meo
970 3148 1074 3213 vel
1121 3171 1160 3212 a
1207 3149 1688 3231 redemptorum
1726 3149 2045 3213 facilitate
2073 3150 2275 3234 potui.
2352 3154 2422 3212 at
2466 3151 2718 3235 conspi-

427 3275 618 3316 cuam
665 3255 895 3318 saltem
945 3254 1037 3317 eis
1088 3255 1302 3319 sedem
1351 3255 1418 3320 in
1458 3255 1788 3320 corollarii
1826 3256 2015 3320 huius
2066 3256 2419 3340 appendice
2461 3259 2719 3339 paravit

425 3358 534 3422 hic
582 3362 648 3423 et
693 3360 980 3425 ordinem
1043 3360 1528 3426 Monacensium
1585 3368 1882 3426 accurate
1941 3362 2224 3426 indicare
2287 3364 2352 3424 et
2398 3363 2718 3427 editarum

428 3465 788 3550 scripturas
833 3467 1021 3531 novis
1068 3468 1464 3533 testimoniis
1513 3491 1749 3553 augere
1797 3472 1901 3532 sat
1943 3468 2162 3532 habui.

611 3576 642 3636 l
702 3571 1020 3658 (sylloges
1084 3579 1347 3639 nostrae
1420 3599 1476 3640 v.
1549 3575 1655 3662 10)
1720 3577 1791 3640 ni
1852 3572 2070 3660 (eras.)
2130 3576 2259 3639 m'si
2360 3575 2563 3655 factas
2615 3597 2717 3640 ne-

422 3701 578 3744 cesse
630 3685 718 3744 est
894 3682 936 3745 2
984 3679 1125 3768 (43)
1170 3684 1403 3746 amoris
1447 3679 1663 3768 (erasa
1707 3683 1764 3769 s)
1958 3682 1998 3744 3
2048 3679 2189 3767 (41)
2233 3683 2444 3745 animo
2488 3704 2719 3766 senam

421 3787 689 3868 imperat
730 3789 976 3870 saffiens
1019 3790 1241 3854 stultus
1290 3811 1429 3853 uero
1466 3792 1686 3854 deserit
1820 3790 1862 3852 4
1901 3786 2199 3874 (append.
2230 3789 2387 3876 227)
2416 3792 2718 3856 aude'emlo

421 3896 697 3959 uirtutus
740 3897 951 3959 crescit
993 3898 1270 3961 socordia
1317 3898 1500 3959 timor
1635 3896 2304 3961 5—9=694—698
2449 3899 2529 3961 10
2574 3897 2717 3984 (26)

422 4001 556 4062 nisi
583 4005 652 4064 ut
745 4001 1065 4065 11=699
1165 4003 1244 4066 12
1274 4001 1415 4089 (28)
1461 4003 1632 4083 aliis]
1676 4004 1956 4068 omnibus
2052 4006 2148 4068 13.
2200 4005 2537 4068 14=700.
2589 4005 2711 4067 Tol

432 4107 512 4169 15
558 4105 700 4193 (44)
747 4107 873 4171 Bis
915 4109 989 4189 fit
1027 4114 1278 4191 ,qo-atum
1323 4111 1487 4191 quod
1528 4130 1679 4190 opus
1723 4115 1811 4174 est
1834 4113 1891 4174 si
1917 4111 2079 4174 ultro
2107 4112 2347 4190 offeras,
2414 4110 2714 4193 Meyerus

416 4213 585 4293 fiet,
632 4237 761 4297 quo
809 4215 1101 4279 senarius
1149 4217 1454 4280 efficitur:
1500 4218 1617 4279 erit
1661 4217 1797 4280 cod.
1847 4215 2140 4282 Cusanus
2230 4220 2325 4282 16.
2382 4219 2714 4281 17=7o2.

427 4318 553 4383 703
609 4384 618 4392 ,
701 4323 777 4383 18
835 4318 978 4407 (53)
1119 4322 1197 4384 19
1255 4321 1396 4410 (55)
1452 4325 1672 4405 accipit
1806 4326 1894 4387 20
1949 4325 2091 4413 (57)
2149 4326 2501 4401 commodat,
2546 4325 2713 4408 quod
