3400 5075
681 313 804 375 190
1619 314 1682 369 L.
1725 314 2089 365 AFRANIVS

1610 470 2045 537 LIBERTvs

1733 585 1764 650 Ι
1813 584 1913 673 (2)

855 700 1027 766 Nolo
1073 700 1182 765 hic
1227 707 1292 766 te
1340 703 1585 766 uideat:
1642 702 1943 766 dominus
1991 706 2114 767 est:
2176 705 2362 787 puer,
2408 702 2651 768 facesse
2697 705 2848 769 hine
2895 756 2908 769 .
2958 757 2971 770 .

1717 817 1779 880 ll
1830 817 1931 903 (1)

861 929 1040 996 'Eius
1089 933 1348 997 monilis
1395 933 1845 1015 possestrieem
1938 984 2380 998 .....
2378 940 2387 952 ’
2474 986 2487 998 .
2581 987 2593 997 .

1777 1047 1873 1111 ΙΙΙ

675 1165 808 1230 205
855 1163 1072 1227 Meum
1121 1164 1244 1248 sail,
1292 1164 1343 1227 si
1393 1164 1555 1227 bene
1602 1164 1812 1227 uisum
1861 1163 2020 1227 mihi
2111 1214 2764 1231 .......

1661 1278 1976 1343 MARITI

854 1395 1048 1458 Meon
1094 1394 1445 1477 obsequere
1493 1394 1741 1457 amori?
1790 1397 1823 1466 ΙΓ
1869 1393 2185 1457 oboedibd
2232 1394 2369 1457 tibi.

1518 1507 2130 1572 MATERTERAE

1734 1622 1764 1686 I
1813 1621 1913 1708 (2)
1956 1717 2302 1797 postquam
2349 1715 2416 1777 se
2463 1714 2642 1778 uidet

852 1831 1025 1895 Inibi
1071 1832 1237 1915 esse,
1284 1832 1550 1914 gnatam
1598 1828 1938 1912 peruulam
1984 1829 2312 1893 sororibus

854 1944 1298 2011 Commendat.

809 2123 1094 2173 Linum-vs
1165 2123 1191 2172 I
1226 2121 1438 2172 Nonius
1464 2124 1581 2185 307,
1609 2125 1640 2171 3
1679 2122 2056 2172 ‘facessere
2094 2122 2376 2186 signifieat
2401 2123 2659 2174 recedere
2687 2166 2699 2179 .
2728 2161 2739 2171 .
2764 2159 2779 2174 .
2807 2124 2968 2174 Afra·

587 2193 592 2198 “
674 2192 797 2240 nius
834 2191 1089 2240 Liberto:
1127 2189 1275 2238 nolo‘
1315 2205 1361 2242 e.
1402 2204 1455 2252 q.
1493 2205 1535 2238 s.
1713 2191 1764 2239 ll
1803 2189 2010 2239 Nonius
2052 2193 2163 2246 150.
2203 2193 2267 2240 27
2318 2192 2723 2254 ‘possestrix
2773 2207 2806 2240 a
2846 2206 2969 2256 pos-

674 2258 919 2311 sidendo.
970 2258 1229 2308 Afranius
1255 2256 1555 2307 aliberto
1601 2257 1736 2305 tius
1773 2273 1840 2306 m.
1878 2262 1951 2321 p.’
2003 2256 2476 2320 (alibertotius
2514 2260 2581 2308 W
2615 2259 2773 2311 Leid.
2815 2258 2970 2310 Harl.

676 2343 709 2376 a
733 2326 1280 2387 libertotusviet„
1308 2324 1685 2377 msa.Mereeri
1712 2324 1917 2374 aliter
1945 2325 2357 2390 eiusScaliger
2378 2326 2683 2375 Liberto:
2714 2327 2810 2375 tui
2831 2326 2972 2375 Mer-

675 2393 854 2457 cerus)
991 2394 1074 2445 111
1112 2391 1367 2442 Valerius
1403 2393 1613 2442 Probus
1658 2392 1727 2440 de
1776 2406 1917 2444 nom.
1955 2408 2008 2458 p.
2047 2394 2147 2443 218
2190 2392 2351 2443 Endl.
2399 2394 2477 2452 (in
2526 2393 2695 2443 Keilii
2741 2398 2966 2458 gramm.

673 2464 822 2512 Latt.
858 2461 963 2510 uol.
1001 2461 1076 2510 IV
1111 2478 1163 2526 p.
1202 2459 1324 2523 209)
1363 2459 1483 2509 ‘sal
1521 2460 1809 2509 Fabianus
1845 2475 2132 2509 causarum
2170 2460 2501 2510 naturalium
2540 2465 2733 2511 neutro
2770 2476 2971 2526 genere

672 2529 812 2579 dixit
851 2568 862 2579 .
893 2570 905 2581 .
933 2566 945 2579 .
980 2529 1121 2579 idem
1161 2527 1468 2578 masculino
1505 2526 1797 2592 pluraliter
1831 2570 1842 2580 .
1874 2565 1887 2579 .
1914 2568 1927 2582 .
1962 2528 2221 2578 Afranius
2262 2529 2518 2579 Liber-to:
2568 2546 2744 2579 meum
2779 2528 2882 2594 sal,
2923 2529 2969 2579 si

675 2599 816 2647 bene
854 2599 1034 2647 uisum
1071 2596 1230 2658 mihi,
1270 2612 1473 2660 genere
1513 2600 1752 2644 neutro)

808 2664 1021 2715 Mum
1094 2665 1303 2716 Nonius
1342 2666 1457 2724 507,
1483 2665 1549 2712 29
1586 2662 1962 2717 ‘oboedibm
2036 2664 2298 2714 Afranius
2326 2665 2569 2714 Meritis:
2608 2669 2751 2714 meo’
2780 2681 2826 2715 e.
2849 2679 2900 2727 q.
2923 2680 2968 2714 s.

677 2732 754 2796 (M
774 2733 1110 2782 aterterie
1149 2730 1358 2793 Iunius)

803 2788 1194 2850 'buren-rame·
1270 2799 1511 2848 Moriens
1556 2797 1684 2848 olim
1736 2805 1911 2848 mater
1946 2800 2226 2849 sororibus
2263 2801 2378 2849 suis
2421 2799 2656 2863 puellam
2698 2816 2969 2849 commen-

673 2868 910 2918 dauerat
946 2868 1040 2931 (fr.
1077 2868 1149 2928 1):
1190 2882 1331 2931 quae
1370 2868 1478 2916 iam
1519 2865 1715 2916 adulta
1759 2873 1943 2931 partes
1981 2868 2035 2916 in
2073 2867 2180 2916 hae
2228 2867 2418 2917 fabula
2455 2868 2746 2932 primarias
2783 2867 2971 2918 habet.

675 3047 1051 3102 Hermamms
1078 3047 1119 3102 l.
1151 3047 1190 3100 l.
1227 3044 1347 3102 282
1395 3044 1535 3100 dicta
1577 3046 1716 3102 libri
1757 3044 1836 3115 (u.
1881 3044 2088 3118 supra)
2242 3045 2466 3102 lacessas
2502 3047 2774 3118 Baebius,
2820 3048 2974 3119 quod

667 3130 927 3202 fortasse
957 3133 1014 3185 in
1048 3132 1306 3186 extremo
1339 3143 1512 3185 uersu
1540 3134 1786 3200 positum
1813 3130 1949 3202 fuit.
1986 3131 2220 3186 lacesses
2262 3133 2399 3187 libri
2568 3130 2690 3187 203
2737 3135 2970 3204 aynouit

674 3230 943 3271 numeros
987 3215 1364 3270 Hermannus
1418 3215 1458 3268 l.
1516 3216 1556 3269 l.
1608 3213 1728 3268 282
1790 3210 2063 3290 [quocum
2108 3219 2325 3272 sentire
2382 3216 2697 3288 Berylcium
2748 3218 2967 3273 annau.

671 3301 891 3371 philoll.
947 3300 1106 3359 1870
1145 3318 1208 3369 p.
1258 3298 1380 3354 825
1428 3294 1643 3374 uidem]
1737 3302 1820 3355 Ab
1864 3304 2020 3356 initio
2063 3302 2262 3356 deesse
2305 3301 2549 3355 iambum
2580 3303 2708 3356 olim
2752 3303 2969 3356 malue-

589 3420 590 3423 =
675 3402 818 3439 rum.
909 3385 1109 3439 Finire
1165 3400 1397 3439 uersum
1443 3400 1675 3457 propere
1728 3387 1932 3455 poluit.
2094 3384 2271 3438 uideat
2315 3384 2596 3457 domium,
2650 3392 2765 3454 set,
2812 3400 2966 3457 puer,

676 3467 899 3523 Faces-se
947 3470 997 3523 h.
1045 3473 1409 3525 senariorum
1458 3468 1660 3540 frusta
1716 3471 2105 3540 praeplacent
2150 3469 2512 3525 Buecheler«)
2620 3466 2623 3475 ⁴
2684 3468 2806 3525 204
2852 3470 2969 3524 eius

675 3553 939 3625 Scaliyer
982 3552 1133 3623 (uide
1177 3552 1382 3625 supra)
1430 3553 1537 3607 tius
1598 3553 1672 3607 W
1711 3552 1866 3610 Leid.
1915 3562 2001 3608 [us
2048 3557 2230 3608 ceteri
2267 3554 2403 3609 libri
2444 3555 2521 3609 tui
2566 3554 2875 3610 Mercerus

675 3637 797 3694 205
858 3637 1045 3693 Verba
1092 3638 1137 3692 si
1184 3637 1319 3694 bene
1353 3638 1527 3692 uisum
1559 3637 1687 3692 mihi
1720 3645 1908 3694 ulrum
1950 3641 2313 3711 qrammatici
2350 3641 2463 3694 sint
2494 3656 2568 3694 an
2610 3641 2813 3694 comici
2853 3655 2981 3703 non,

670 3725 946 3778 immerito
992 3723 1219 3795 ambiyit
1274 3723 1661 3777 Endlickerus
1834 3722 1955 3779 206
2004 3738 2159 3777 meon
2204 3725 2416 3793 scripsi
2456 3738 2576 3777 meo
2611 3723 2812 3789 Bamb.
2846 3739 2967 3778 meo

673 3814 731 3860 ut
778 3810 959 3863 celeri
996 3806 1133 3862 libri
1259 3805 1559 3878 obsequere
1589 3810 1805 3878 scripsi
1847 3806 2180 3880 obsequerer
2215 3808 2353 3862 libri
2380 3805 2649 3879 obsequar
2679 3809 2765 3863 ecl.
2805 3807 2969 3863 1480

672 3891 987 3964 obsequaris
1027 3891 1266 3946 Botkius
1295 3890 1595 3963 obs-equare
1626 3893 1773 3947 coni.
1812 3892 2202 3947 Neukirchius
2332 3890 2451 3946 207
2501 3890 2648 3947 uielet
2676 3895 2892 3962 scripsi
2912 3899 2966 3946 et

672 3980 939 4032 senarios
995 3979 1225 4031 restitui
1277 3976 1402 4044 (sed
1457 3977 1845 4046 redinteyrari
1901 3979 2239 4031 sententiam
2295 3979 2379 4032 sic
2422 3977 2647 4031 demum
2690 3984 2859 4047 puta,
2916 3979 2969 4029 si

675 4058 900 4115 mortem
946 4068 1232 4133 postquam
1280 4058 1378 4114 sibi
1425 4058 1572 4113 uidet
1616 4061 1944 4117 scribatur:
2002 4061 2083 4130 cf.
2134 4060 2351 4116 Gellius
2392 4062 2428 4117 I
2470 4060 2541 4130 3,
2594 4061 2622 4115 1
2672 4061 2816 4115 ‘cum
2862 4060 2962 4114 iam

671 4143 797 4200 inibi
832 4160 976 4199 mors
1010 4142 1346 4217 occuparel’)
1394 4142 1529 4199 uidit
1570 4145 1706 4200 libri
1850 4145 1971 4202 208
2018 4153 2231 4218 gnatam
2264 4148 2477 4215 scripsi
2517 4146 2788 4218 gignatam
2832 4146 2968 4201 libri

671 4231 913 4303 ignotam
971 4228 1176 4285 Iunius
1230 4236 1572 4301 segregatam
1629 4229 1875 4286 Botlzius
1931 4231 2194 4302 ingratam
2252 4229 2644 4286 Neulcirchius
2816 4236 2966 4303 post-

675 4329 832 4386 quam
879 4330 999 4368 esse
1047 4312 1178 4368 uidit
1225 4312 1352 4368 {nihi
1401 4311 1733 4387 obsignatum
1784 4313 2160 4370 Hermamms
2201 4314 2240 4368 l.
2288 4316 2328 4369 l.
2378 4312 2498 4369 283
