3400 5075
701 368 820 429 130
1171 368 1266 417 Ex
1303 365 1648 418 INCERTIS
1685 365 2171 418 INCERTORVM
2209 367 2520 418 FABVLIS

1672 504 2022 588 Lxxxm

842 634 1047 716 'Quae
1096 641 1321 723 potero
1370 644 1666 723 tangam:
1714 642 1785 701 ni
1834 639 1994 702 mihi
2039 640 2217 725 leges
2266 643 2430 702 tene.

1681 752 2021 818 LXXXIV

1865 891 1986 933 uae
2033 870 2219 954 mihi,
2266 872 2472 934 mater
2520 871 2687 934 mea!

1687 984 1999 1050 LXXXV

696 1102 821 1167 105
854 1098 1072 1189 [Satis]
1105 1105 1226 1167 est:
1258 1123 1489 1166 reuoca
1518 1101 1786 1164 fratrem
1820 1098 2065 1185 [eodem
2087 1100 2287 1186 stirpe
2318 1098 2636 1187 gnatumt]
2673 1101 2988 1184 plaudite!

690 1314 741 1362 p.
770 1299 870 1347 272
908 1302 1181 1348 restant
1217 1314 1268 1363 p.
1293 1298 1392 1346 417
1532 1296 1856 1361 periimus
1894 1311 1991 1346 ms.
2018 1296 2182 1358 Iunii,
2219 1296 2502 1347 Mercerus
2528 1297 2823 1360 perimus
2861 1294 2987 1345 libri

691 1366 866 1415 ceteri
1005 1367 1271 1416 Fortasse
1307 1369 1627 1429 perstant
1665 1369 1722 1413 et
1765 1365 2087 1427 periimus
2124 1365 2269 1413 inter
2314 1364 2453 1413 duas
2499 1379 2764 1429 personas
2801 1363 2988 1412 distri-

690 1433 926 1487 buenda.
1066 1434 1266 1483 Parum
1305 1432 1621 1497 probabilia
1659 1433 1901 1481 coniecit
1926 1430 2324 1482 CMFrancken
2361 1432 2518 1485 Coni.
2560 1433 2682 1484 erit.
2721 1431 2792 1480 ad
2830 1432 2992 1481 Luci-

692 1500 823 1550 lium
858 1501 917 1551 11
951 1516 1001 1566 p.
1042 1502 1074 1550 8
1212 1504 1242 1551 2
1282 1499 1546 1550 Gnatho
1593 1501 1873 1549 Mercerus
1918 1505 2077 1550 nato
2124 1499 2249 1550 libri
2397 1515 2597 1549 narro
2646 1498 2811 1564 quod
2857 1496 2989 1547 Pal·

699 1570 902 1618 merius
1039 1568 1285 1618 Distinxi
1322 1582 1590 1633 personas

822 1635 1110 1686 LXXXIII
1149 1637 1432 1701 Excerpta
1459 1635 1768 1686 Beruensia
1806 1636 1861 1683 in
1888 1635 2110 1697 Hageni
2149 1634 2297 1684 anal.
2327 1633 2488 1684 Helu.
2527 1650 2579 1699 p.
2605 1632 2895 1696 ccxxxl,
2928 1634 2989 1682 14

684 1709 740 1752 et
775 1703 1023 1754 Iulianus
1061 1704 1365 1753 'I'oletanus
1405 1720 1453 1767 p.
1491 1706 1522 1753 9
1568 1701 1872 1766 exemplum
1910 1702 2170 1752 exhibent
2207 1718 2232 1752 s
2267 1702 2492 1751 litterae
2541 1717 2649 1750 non
2686 1700 2988 1765 liquescen-

686 1772 776 1821 tis.
916 1772 1198 1822 LXXXIV
1237 1771 1516 1836 Excerpta
1553 1772 1716 1824 Bern.
1752 1771 1810 1819 in
1834 1770 2056 1834 Hageni
2092 1770 2236 1819 anal.
2273 1769 2436 1820 Helu.
2477 1786 2527 1833 p.
2566 1769 2892 1819 ccxxvm
2933 1775 2988 1818 et

687 1839 939 1889 Iulianus
975 1839 1279 1889 Toletanus
1320 1855 1371 1904 p.
1413 1841 1508 1888 103
1547 1842 1647 1888 ‘ue
1696 1841 1784 1887 est
1821 1840 2136 1887 coniunctio
2167 1879 2177 1892 .
2206 1880 2218 1892 ‚
2249 1875 2261 1887 .
2289 1836 2502 1902 quando
2550 1837 2719 1886 fuerit
2756 1852 2988 1903 praepo·

689 1907 914 1956 sitiuum
953 1913 1008 1956 et
1043 1922 1161 1957 cnm
1189 1906 1547 1957 commotione
1577 1906 1745 1955 animi
1782 1904 2011 1967 dictum,
2049 1911 2108 1954 ut
2145 1910 2301 1970 puta,
2340 1920 2443 1954 uae
2483 1903 2612 1953 mihi
2651 1920 2715 1954 m.
2754 1920 2844 1964 m.,
2883 1907 2989 1952 erit

684 1974 1088 2024 interiectio
1128 1974 1469 2024 dolentis)
1560 1974 1745 2023 Etiam
1782 1988 1851 2023 ex
1887 1973 2180 2037 tragoedia
2217 1976 2434 2039 sumpta
2472 1987 2596 2022 esse
2636 1977 2884 2037 possunt.

822 2042 905 2092 Ex
942 2043 1299 2106 Pompeianis
1333 2041 1628 2093 uersiculis
1664 2056 1832 2091 unum
1859 2040 2166 2106 exemplum
2194 2041 2282 2089 hic
2308 2055 2593 2105 excerpere
2623 2040 2760 2090 satis
2799 2039 2985 2099 habui,

686 2125 736 2160 n.
779 2111 910 2161 1896
946 2111 1035 2160 Z.:

956 2178 1070 2228 ubi
1106 2174 1313 2241 perna
1349 2182 1542 2227 cocta
1579 2182 1706 2238 est,
1746 2174 1805 2226 si
1840 2176 2174 2227 conuiuae
2211 2175 2612 2241 apponitur,

956 2259 1084 2294 non
1122 2242 1364 2310 gtistat
1397 2260 1689 2310 pernam,
1731 2243 1941 2310 lingit
1977 2244 2181 2293 ollam
2221 2250 2335 2293 aut
2373 2242 2756 2295 caccabum.

686 2331 839 2392 Quae
894 2330 951 2379 in
1009 2330 1285 2395 hospitem
1349 2329 1590 2395 aliquem
1655 2329 1820 2379 nimis
1886 2328 2190 2378 officiosum
2251 2331 2308 2378 et
2363 2329 2664 2379 modestum
2727 2329 2988 2378 uidentur

685 2399 840 2448 dicta
873 2412 1022 2460 esse,
1061 2398 1155 2460 qui
1193 2397 1462 2448 conuiuae
1511 2397 1707 2461 epulas
1760 2398 2006 2459 integras
2045 2396 2341 2459 concedat,
2390 2397 2508 2462 ipse
2548 2398 2655 2447 sibi
2693 2397 2827 2446 nibil
2872 2397 2984 2447 fere

686 2470 885 2516 sumat.
959 2466 1038 2515 Ex
1079 2466 1309 2516 fabulae
1346 2465 1580 2515 alicuius
1607 2464 1869 2515 memoria
1897 2466 1951 2513 in
1979 2480 2184 2514 murum
2223 2464 2560 2530 transcripta
2588 2480 2710 2513 esse
2742 2464 2981 2514 Bueche-

687 2532 838 2585 lerus
876 2550 1088 2599 quoque
1128 2550 1263 2585 mus.
1303 2533 1475 2586 Rhen.
1512 2532 1616 2584 XII
1654 2535 1752 2584 257
1793 2537 1848 2583 et
1885 2532 2093 2586 anthol.
2135 2533 2256 2588 Lat.
2295 2550 2442 2599 spec.
2482 2533 2505 2581 1
2543 2550 2593 2598 p.
2631 2535 2658 2583 7
2698 2534 2914 2584 statuit.

689 2604 840 2652 Inter
877 2603 1094 2666 reliqua
1133 2603 1369 2652 forsitan
1406 2604 1623 2667 possint
1661 2602 1861 2652 comici
1898 2605 2094 2665 poetae
2135 2617 2256 2652 esse
2295 2618 2347 2653 n.
2394 2604 2522 2652 1883
2559 2603 2617 2654 Z.

753 2687 940 2739 nemo
978 2693 1082 2738 est
1118 2687 1346 2739 bellus
1383 2685 1518 2737 nisi
1556 2689 1670 2751 qui
1710 2685 2334 2738 amauitml'ilierem
2362 2684 2981 2751 adules[cdntulu8.

693 2780 749 2825 et
785 2776 919 2825 2069
957 2772 1303 2837 (Buecheleri
1340 2773 1550 2824 anthol.
1591 2774 1718 2826 Lat.
1759 2788 1909 2838 spec.
1949 2773 1975 2822 1
2013 2789 2063 2824 n.
2102 2771 2251 2837 XIV)

752 2859 995 2911 moram
1031 2860 1084 2908 si
1123 2874 1431 2923 quaeres,
1469 2857 1713 2925 sparge
1750 2860 2007 2908 milium
2047 2865 2112 2908 et
2148 2857 2419 2922 collige.

819 2952 1074 3005 LXXXV
1111 2953 1308 3004 Festus
1345 2969 1399 3017 p.
1437 2956 1536 3004 313
1570 2955 1645 3006 M.
1683 2950 2019 3018 ‘stir[pem
2067 2954 2122 3003 in
2161 2952 2459 3002 masculino
2499 2948 2730 3018 geneJre
2769 2951 2983 3016 antiqui

686 3021 1041 3088 [usurparunt
1077 3038 1172 3087 pro
1212 3038 1277 3071 eo
1316 3020 1457 3085 quod
1497 3027 1584 3071 est
1624 3019 1889 3088 feJmina,
1925 3019 2320 3086 met[aphorico
2357 3020 2620 3069 uocabuli
2657 3018 2799 3085 usu‚]
2840 3034 2983 3083 quae

690 3106 833 3140 nunc
869 3091 926 3139 in
965 3087 1225 3155 [femineo
1264 3089 1539 3154 profertur
1576 3087 1821 3155 gene]re.
1896 3090 2090 3139 Liuius
2126 3120 2191 3129 —
2227 3115 2291 3122 —
2331 3084 2591 3153 [Ennius]
2635 3113 2699 3121 —
2738 3104 2770 3136 a
2807 3088 2982 3152 stirpe

685 3173 938 3221 supremo
968 3191 1189 3212 ......
1226 3154 1415 3222 [satis]
1456 3161 1585 3217 est,
1640 3173 1886 3207 reuoca
1925 3154 2230 3221 fratre[m
2279 3154 2467 3204 eodem
2513 3157 2692 3219 stirpe
2732 3152 2981 3220 gnatum]

686 3226 1030 3291 plaudite.’
1138 3225 1265 3275 Alia
1320 3224 1617 3291 quaedam,
1675 3225 1742 3274 de
1799 3225 1996 3289 quibus
2042 3226 2097 3274 in
2153 3222 2449 3274 corollario
2504 3222 2799 3273 dicendum
2857 3224 2980 3283 erit,

687 3296 872 3345 sciens
907 3298 1213 3359 praetereo.

684 3489 837 3548 quae
882 3475 1242 3547 transposuit
1284 3472 1360 3538 L.
1384 3473 1634 3529 Mueller
1806 3490 1884 3528 cm
1929 3470 2270 3528 comedenti?
2315 3475 2429 3528 nisi
2462 3472 2623 3545 forte
2669 3471 2982 3526 ablatiuum

685 3576 813 3615 cum
867 3558 1095 3615 similem
1152 3559 1437 3614 adiectiuo
1495 3561 1860 3614 com'unctum
1907 3557 2098 3627 fuisse
2153 3563 2396 3613 statuas.
2642 3554 2758 3613 103
2818 3555 2981 3609 tumis

687 3642 955 3701 Iulianus
1097 3643 1294 3699 Conici
1329 3646 1511 3715 possit
1556 3642 1616 3697 ui
1660 3643 1790 3697 mihi
1836 3643 1985 3713 leges
2032 3640 2167 3696 bene
2215 3649 2337 3696 tene
2519 3640 2632 3697 104
2682 3655 2748 3694 ue
2793 3639 2976 3695 Bern.

857 3728 976 3785 105
1033 3728 1161 3783 satis
1236 3728 1507 3792 Vrsinu8‚
1564 3744 1677 3783 non
1738 3735 1991 3800 apparet
2045 3729 2100 3781 in
2160 3729 2283 3782 cod.
2501 3724 2719 3779 fratrem
2788 3722 2978 3778 eodem

682 3814 854 3887 stirpe
902 3814 1145 3870 Vrsinus
1187 3811 1352 3868 fratre
1386 3852 2096 3867 ............
2143 3812 2264 3866 cod.
2440 3817 2662 3883 gnatum
2699 3807 2760 3864 0.
2792 3808 2977 3864 Muel-

681 3901 862 3970 lerus,
910 3915 1025 3956 non
1071 3904 1322 3969 apparet
1366 3899 1423 3951 in
1473 3899 1595 3953 cod.
1644 3904 1972 3970 prognatum
2035 3897 2278 3952 Vrsinus
