3400 5075
670 349 842 403 XLIV
1556 347 2081 403 COROLLARIVM

669 512 797 576 VII
852 510 959 596 16)
1009 513 1295 596 scripsit:
1354 511 1487 576 ‘cui
1536 516 1756 576 tamen
1801 510 1960 592 dixi,
2016 533 2159 573 cum
2211 534 2311 573 me
2360 510 2748 594 aliquotiens
2797 513 2959 577 invi-

669 623 857 709 taret,
902 625 1105 697 orote,
1133 622 1273 701 quis
1312 625 1379 683 tu
1414 619 1551 683 ὥθ’
1601 642 1704 682 em
1740 617 2090 699 septenarii
2120 617 2398 680 initium.
2463 617 2634 682 Nam
2683 620 2748 681 in
2798 620 2960 683 eius-

669 727 813 790 dem
864 727 1182 810 epistulae
1230 728 1419 791 initio
1469 749 1615 790 cum
1662 726 1824 788 haec
1874 724 2281 787 antecedant:
2331 723 2429 787 ‘in
2478 748 2640 808 equo
2678 725 2960 804 Troiano

669 834 796 897 scis
844 856 983 897 esse
1029 834 1097 897 in
1146 837 1459 897 extremo:
1507 856 1651 897 sero
1691 832 1978 915 sapiunt3
2028 835 2097 893 tu
2136 834 2373 914 tamen,
2421 833 2509 894 mi
2551 833 2784 915 vetule,
2831 856 2961 897 non

669 962 828 1004 sero.
903 941 1184 1022 primum
1232 940 1381 1004 illas
1426 940 1775 1004 rabiosulas
1818 943 1918 1002 sat
1957 938 2172 1017 fatuas
2217 938 2477 1022 dedisti3
2525 938 2752 1003 deinde
2792 941 2960 1023 quod

668 1046 736 1109 in
800 1046 1145 1111 Britannia
1211 1070 1340 1112 non
1415 1047 1610 1111 nimis
1686 1042 2117 1127 φιλοθέωρον
2183 1047 2246 1107 te
2309 1045 2703 1128 praebuisti,
2769 1046 2960 1129 plane

668 1177 799 1218 non
864 1153 1297 1235 reprehendo’
1364 1154 1563 1217 etiam
1634 1150 2208 1217 CFWMuellerus
2277 1152 2572 1235 Kaysero
2639 1154 2962 1236 persuasit

670 1260 866 1323 verba
918 1260 1265 1324 rabiosulas
1316 1266 1417 1324 sat
1463 1262 1677 1340 s'cztzcas
1736 1264 1996 1341 poetam
2058 1259 2276 1322 nescio
2339 1282 2528 1342 quem
2591 1260 2959 1342 suppedita-

667 1367 855 1450 visse,
892 1390 1282 1450 quamquam
1324 1390 1594 1450 poeseos
1631 1390 1748 1429 nec
1787 1366 2002 1429 volam
2043 1388 2158 1428 nec
2197 1366 2543 1449 vestigium
2595 1367 2958 1430 ostendunt.

667 1473 804 1537 Nec
852 1474 1062 1556 magis
1114 1475 1442 1538 adsentior
1490 1472 2004 1555 Schneidewino,
2052 1473 2158 1555 qui
2209 1472 2274 1535 in
2323 1472 2425 1535 his
2473 1469 2582 1556 (ad
2629 1472 2780 1536 fani.
2828 1473 2958 1535 VII

668 1582 727 1663 9,
776 1578 845 1664 3)
896 1578 1040 1644 ‘Cn
1080 1581 1388 1644 Octavius
1439 1585 1538 1645 est
1585 1604 1666 1644 an
1717 1578 1828 1643 Cn.
1861 1578 2201 1643 Cornelius
2250 1579 2529 1662 quidam,
2577 1583 2724 1643 tuus
2768 1581 2958 1660 sinni-

669 1688 866 1765 liare's‚
912 1709 1149 1752 summo
1180 1709 1405 1770 ‚yencre
1448 1692 1653 1765 natus,
1702 1692 1897 1750 terrae
1939 1685 2143 1768 filius'
2192 1709 2356 1770 quae
2401 1686 2639 1749 litteris
2688 1686 2961 1749 cursivis

668 1793 981 1877 distingui
1040 1794 1287 1876 curavi,
1336 1795 1774 1877 septenarium
1839 1793 2159 1858 comicum
2221 1793 2489 1885 agnovit
2544 1789 2815 1877 (Philol.
2862 1791 2960 1855 III

674 1900 855 1986 132),
910 1923 1103 1984 quenl
1161 1902 1505 1984 adsumpto
1556 1907 1697 1965 tuus
1744 1901 2124 1984 pronomine
2182 1900 2381 1965 etiam
2439 1901 2506 1964 in
2555 1900 2960 1965 octonarium

669 2009 1006 2071 extendere
1061 2010 1337 2090 poterat.

732 2198 735 2201 Α
844 2114 1084 2197 Expuli
1151 2114 1310 2177 adeo
1385 2116 1703 2197 quaedam
1770 2114 2222 2196 Ciceroniana,
2294 2138 2458 2197 quae
2525 2114 2819 2197 cupidius
2894 2116 2962 2177 in

667 2221 1052 2305 proecdosin
1104 2243 1489 2304 receperam.
1572 2222 1912 2287 Ttuistallo
1952 2222 2124 2286 enim
2171 2222 2587 2303 credideram,
2635 2245 2781 2286 cum
2829 2224 2960 2286 fru-

670 2332 843 2391 stum
904 2328 1027 2393 hoc
1089 2330 1172 2393 cla
1243 2334 1296 2392 te
1361 2331 1431 2392 in
1488 2350 1825 2393 sermonem
1898 2334 1954 2392 et
2004 2329 2254 2410 μένεος-α
2325 2329 2419 2393 Et
2484 2330 2705 2410 cdnfice
2766 2330 2961 2394 emita

667 2435 947 2516 compelle
1021 2435 1287 2517 quuere,
1360 2458 1593 2518 parum
1658 2435 1820 2499 illud
1884 2436 2142 2519 quidem
2203 2457 2646 2517 numerosum,
2713 2460 2788 2500 ex
2864 2460 2960 2520 ep.

670 2544 749 2605 ad
806 2542 1098 2606 Atticum
1145 2543 1306 2607 XIII
1356 2544 1467 2626 23,
1515 2544 1555 2606 3
1615 2544 1984 2627 expiscarer
2036 2541 2232 2624 (olim
2287 2545 2408 2608 inc.
2455 2544 2575 2607 inc.
2622 2542 2960 2628 XXXIV),

668 2649 777 2732 qui
835 2650 1016 2713 locus
1075 2651 1168 2713 sic
1225 2651 1658 2714 restituendus
1717 2655 1840 2714 est:
1900 2649 2113 2732 ‘quare
2155 2652 2239 2715 da
2285 2656 2339 2714 te
2395 2652 2462 2713 in
2514 2671 2848 2714 sermonem
2906 2655 2962 2714 ct

657 2761 913 2838 persta
966 2761 1023 2819 et
1073 2758 1293 2838 confice
1349 2763 1419 2822 et
1471 2758 1580 2821 ita
1636 2778 1794 2821 cum
1845 2756 2062 2821 Polla
2120 2759 2381 2840 loquere,
2435 2762 2506 2820 ut
2562 2762 2614 2820 te
2668 2777 2806 2820 cum
2852 2757 2960 2820 illo

667 2862 897 2927 Scaeva
934 2863 1101 2944 loqui
1134 2863 1358 2945 putes',
1406 2865 1474 2928 in
1512 2865 1748 2947 quibus
1785 2869 1842 2928 et
1869 2865 1958 2927 ila
1995 2886 2133 2928 cum
2161 2864 2344 2929 Polla
2371 2886 2448 2927 ex
2484 2865 2701 2926 vetere
2740 2862 2960 2926 codice

672 2968 973 3033 Lambini
1036 2970 1310 3034 Bootius
1356 2975 1439 3044 ,et
1498 2971 1833 3054 Kayserus
1894 2975 2065 3046 recte
2132 2970 2490 3052 ediderunt3
2546 2974 2760 3050 persta
2815 2991 2960 3032 mea

669 3076 1039 3140 coniectura
1086 3077 1317 3160 scripsi
1369 3079 1448 3141 ad
1495 3077 1729 3141 horum
1779 3077 1958 3160 ‘uryc
2003 3080 2168 3142 insta
2201 3075 2456 3159 perfice’
2506 3073 2698 3160 (XIII
2746 3074 2849 3156 32,
2896 3072 2960 3157 l)

669 3182 1188 3267 similitudinem3
1243 3187 1433 3267 atque
1480 3183 1651 3247 idem
1685 3190 1972 3268 perstant
2017 3186 2084 3248 in
2119 3184 2459 3249 Luciliano
2499 3205 2686 3248 versu
2734 3203 2793 3264 p.
2837 3182 2960 3244 129

669 3293 972 3371 excerpto
1038 3291 1271 3373 scripsi
1340 3288 1528 3376 (nam
1594 3297 1830 3356 restant
1889 3292 2205 3375 scriptum
2265 3288 2505 3375 extat),
2570 3311 2960 3373 quamquam

666 3417 797 3458 non
844 3395 1171 3461 intercedo
1212 3398 1266 3460 si
1305 3397 1409 3460 cui
1445 3397 1553 3461 hic
1592 3399 1832 3463 instant
1867 3399 2272 3483 probabilius
2309 3398 2647 3462 videbitur.
2716 3394 2960 3459 Scaeva

666 3524 795 3566 non
843 3503 1268 3568 dubitandum
1317 3505 1473 3587 quin
1520 3504 1691 3569 idem
1739 3507 1844 3587 sit,
1890 3506 2068 3570 cuius
2115 3503 2271 3568 XIV
2314 3505 2413 3584 10,
2447 3505 2487 3567 2
2535 3501 2777 3566 mentio
2824 3501 2915 3564 fit.

872 3608 1039 3672 Item
1105 3609 1644 3677 CFWMuellero
1714 3610 2006 3698 (prosod.
2076 3611 2171 3675 Pl.
2235 3609 2401 3692 452)
2470 3609 2748 3673 concedo
2830 3630 2959 3671 non

670 3738 771 3778 me
819 3716 1117 3779 debuisse
1162 3716 1412 3782 Vatinii
1461 3719 1527 3782 in
1577 3714 1763 3803 epist.
1813 3718 1893 3781 ad
1939 3719 2091 3782 fam.
2131 3717 2191 3779 V
2247 3717 2347 3798 10,
2394 3716 2435 3778 2
2483 3716 2682 3779 verba
2730 3715 2964 3778 ‘om-nia.

666 3822 955 3887 nwhcrole
999 3825 1175 3906 cupio
1221 3846 1376 3906 quae
1424 3831 1487 3889 tu·
1525 3827 1614 3889 mi
1658 3824 1959 3906 inmeras'
2008 3847 2124 3907 pro
2165 3822 2420 3886 senario
2459 3822 2734 3885 vendere
2775 3818 2958 3906 (olim

668 3929 789 3992 ine.
836 3930 958 3994 inc.
1006 3929 1241 4016 XXII).
1331 3931 1469 3995 Nec
1529 3932 1647 3995 illa
1707 3954 1870 4014 quae
1931 3932 2008 3994 de
2065 3932 2318 3994 oratore
2375 3928 2475 3992 III
2522 3929 2636 4011 40,
2689 3929 2814 3991 162
2874 3928 2960 3989 le.-

668 4040 909 4120 gnntnr
956 4036 1223 4119 ‘Syrtim
1257 4037 1634 4119 patrimonii
1694 4038 2029 4119 scopulum
2084 4036 2393 4100 libentius
2442 4035 2742 4115 dixerim,
2799 4030 2961 4097 Chia-

667 4142 906 4224 rybdim
951 4144 1247 4208 bonorum
1284 4143 1664 4227 voraginem
1715 4141 1966 4226 potius'
2016 4147 2119 4207 sat
2156 4146 2402 4206 eertum
2454 4145 2552 4204 est
2590 4141 2669 4203 ad
2709 4159 2957 4203 comoe-

669 4249 863 4332 diam,
909 4273 1033 4334 quo
1083 4251 1237 4315 olim
1288 4250 1434 4313 aliis
1482 4249 1710 4314 frustis
1759 4249 2070 4314 scaenicis
2127 4249 2196 4312 in
2246 4249 2468 4312 eodem
2518 4244 2732 4328 capite
2790 4265 2958 4306 com-

670 4357 1046 4424 memoratis
1096 4357 1404 4424 adductus
1444 4355 1668 4422 rettuli
1717 4352 1903 4441 (olim
1933 4355 2054 4421 inc.
2083 4355 2207 4419 inc.
2235 4337 2618 4437 XXXV11)‚‘
2648 4352 2960 4433 spectare,
