<?xml version="1.0" encoding="UTF-8"?>
<!DOCTYPE html PUBLIC "-//W3C//DTD XHTML 1.0 Transitional//EN"
    "http://www.w3.org/TR/xhtml1/DTD/xhtml1-transitional.dtd">
<html xmlns="http://www.w3.org/1999/xhtml" xml:lang="en" lang="en">
 <head>
  <title>
</title>
<meta http-equiv="Content-Type" content="text/html;charset=utf-8" />
  <meta name='ocr-system' content='tesseract 3.04.00' />
  <meta name='ocr-capabilities' content='ocr_page ocr_carea ocr_par ocr_line ocrx_word'/>
</head>
<body>
  <div class='ocr_page' id='page_1' title='image "./comicorumromano00teregoog_0169.png"; bbox 0 0 3400 5075; ppageno 0'>
   <div class='ocr_carea' id='block_1_1' title="bbox 1227 337 2779 401">
    <p class='ocr_par' dir='ltr' id='par_1_1' title="bbox 1227 337 2779 401">
     <span class='ocr_line' id='line_1_1' title="bbox 1227 337 2779 401; baseline -0.002 -10"><span class='ocrx_word' id='word_1_1' title='bbox 1227 340 1335 392; x_wconf 82' lang='lat' dir='ltr'><strong>CN.</strong></span> <span class='ocrx_word' id='word_1_2' title='bbox 1371 339 1685 394; x_wconf 76' lang='lat' dir='ltr'>NAEvlvs</span> <span class='ocrx_word' id='word_1_3' title='bbox 1757 340 2045 391; x_wconf 76' lang='lat' dir='ltr'><strong>TRABEA</strong></span> <span class='ocrx_word' id='word_1_4' title='bbox 2702 337 2779 401; x_wconf 83' lang='lat'><strong>31</strong></span> 
     </span>
    </p>
   </div>
   <div class='ocr_carea' id='block_1_2' title="bbox 669 495 2105 789">
    <p class='ocr_par' dir='ltr' id='par_1_2' title="bbox 669 495 2105 789">
     <span class='ocr_line' id='line_1_2' title="bbox 1531 495 1747 560; baseline 0 0"><span class='ocrx_word' id='word_1_5' title='bbox 1531 495 1747 560; x_wconf 92' lang='lat' dir='ltr'>XXIX</span> 
     </span>
     <span class='ocr_line' id='line_1_3' title="bbox 669 611 2105 704; baseline -0.003 -25"><span class='ocrx_word' id='word_1_6' title='bbox 669 666 682 679; x_wconf 92' lang='lat'><strong>.</strong></span> <span class='ocrx_word' id='word_1_7' title='bbox 730 614 1016 678; x_wconf 67' lang='lat' dir='ltr'><strong>animum</strong></span> <span class='ocrx_word' id='word_1_8' title='bbox 1064 635 1281 677; x_wconf 83' lang='lat' dir='ltr'><strong>amore</strong></span> <span class='ocrx_word' id='word_1_9' title='bbox 1327 612 1589 695; x_wconf 65' lang='lat' dir='ltr'><strong>capitali</strong></span> <span class='ocrx_word' id='word_1_10' title='bbox 1636 611 2105 704; x_wconf 74' lang='lat' dir='ltr'><strong>compleuerint</strong></span> 
     </span>
     <span class='ocr_line' id='line_1_4' title="bbox 1536 725 1720 789; baseline 0 0"><span class='ocrx_word' id='word_1_11' title='bbox 1536 725 1720 789; x_wconf 93' lang='lat' dir='ltr'><strong>XXX</strong></span> 
     </span>
    </p>
   </div>
   <div class='ocr_carea' id='block_1_3' title="bbox 1766 839 2337 924">
    <p class='ocr_par' dir='ltr' id='par_1_3' title="bbox 1766 839 2337 924">
     <span class='ocr_line' id='line_1_5' title="bbox 1766 839 2337 924; baseline 0 -19"><span class='ocrx_word' id='word_1_12' title='bbox 1766 863 1939 905; x_wconf 87' lang='lat' dir='ltr'><strong>nunc</strong></span> <span class='ocrx_word' id='word_1_13' title='bbox 1986 839 2337 924; x_wconf 71' lang='lat' dir='ltr'><strong>primulum</strong></span> 
     </span>
    </p>
   </div>
   <div class='ocr_carea' id='block_1_4' title="bbox 570 958 963 1024">
    <p class='ocr_par' dir='ltr' id='par_1_4' title="bbox 570 958 963 1024">
     <span class='ocr_line' id='line_1_6' title="bbox 570 958 963 1024; baseline -0.008 1"><span class='ocrx_word' id='word_1_14' title='bbox 570 1010 581 1017; x_wconf 88' lang='lat'><em>.</em></span> <span class='ocrx_word' id='word_1_15' title='bbox 667 958 963 1024; x_wconf 64' lang='lat' dir='ltr'><strong>AmascO.</strong></span> 
     </span>
    </p>
   </div>
   <div class='ocr_carea' id='block_1_5' title="bbox 1338 1151 1931 1235">
    <p class='ocr_par' dir='ltr' id='par_1_5' title="bbox 1338 1151 1931 1235">
     <span class='ocr_line' id='line_1_7' title="bbox 1338 1151 1931 1235; baseline 0.002 -1"><span class='ocrx_word' id='word_1_16' title='bbox 1338 1151 1931 1235; x_wconf 82' lang='lat' dir='ltr'><strong>TRABEA</strong></span> 
     </span>
    </p>
   </div>
   <div class='ocr_carea' id='block_1_6' title="bbox 1135 1319 2142 1499">
    <p class='ocr_par' dir='ltr' id='par_1_6' title="bbox 1135 1319 2142 1499">
     <span class='ocr_line' id='line_1_8' title="bbox 1135 1319 2142 1387; baseline -0.002 -1"><span class='ocrx_word' id='word_1_17' title='bbox 1135 1321 1257 1386; x_wconf 83' lang='lat' dir='ltr'>EX</span> <span class='ocrx_word' id='word_1_18' title='bbox 1303 1319 1714 1387; x_wconf 86' lang='lat' dir='ltr'>INCERTIS</span> <span class='ocrx_word' id='word_1_19' title='bbox 1760 1320 2142 1385; x_wconf 75' lang='lat' dir='ltr'><strong>FABVLIS</strong></span> 
     </span>
     <span class='ocr_line' id='line_1_9' title="bbox 1625 1436 1656 1499; baseline 0 0"><span class='ocrx_word' id='word_1_20' title='bbox 1625 1436 1656 1499; x_wconf 92' lang='lat' dir='ltr'>I</span> 
     </span>
    </p>
   </div>
   <div class='ocr_carea' id='block_1_7' title="bbox 584 1548 2792 2208">
    <p class='ocr_par' dir='ltr' id='par_1_7' title="bbox 584 1548 2792 2208">
     <span class='ocr_line' id='line_1_10' title="bbox 670 1548 2470 1643; baseline -0.001 -25"><span class='ocrx_word' id='word_1_21' title='bbox 670 1552 848 1643; x_wconf 62' lang='lat' dir='ltr'><strong>Lena</strong></span> <span class='ocrx_word' id='word_1_22' title='bbox 894 1552 1178 1618; x_wconf 79' lang='lat' dir='ltr'><strong>delem&#39;ta</strong></span> <span class='ocrx_word' id='word_1_23' title='bbox 1223 1556 1495 1636; x_wconf 82' lang='lat' dir='ltr'><strong>argento</strong></span> <span class='ocrx_word' id='word_1_24' title='bbox 1542 1554 1775 1616; x_wconf 78' lang='lat' dir='ltr'><strong>mitum</strong></span> <span class='ocrx_word' id='word_1_25' title='bbox 1821 1548 2194 1616; x_wconf 78' lang='lat' dir='ltr'><strong>obseruabl‘t</strong></span> <span class='ocrx_word' id='word_1_26' title='bbox 2237 1574 2470 1637; x_wconf 82' lang='lat' dir='ltr'><strong>meum,</strong></span> 
     </span>
     <span class='ocr_line' id='line_1_11' title="bbox 671 1644 2789 1751; baseline 0 -19"><span class='ocrx_word' id='word_1_27' title='bbox 671 1667 840 1743; x_wconf 71' lang='lat' dir='ltr'><strong>Qum</strong></span> <span class='ocrx_word' id='word_1_28' title='bbox 906 1668 1130 1751; x_wconf 78' lang='lat' dir='ltr'><strong>uelim,</strong></span> <span class='ocrx_word' id='word_1_29' title='bbox 1194 1665 1350 1750; x_wconf 84' lang='lat' dir='ltr'><strong>quid</strong></span> <span class='ocrx_word' id='word_1_30' title='bbox 1413 1654 1732 1732; x_wconf 63' lang='lat' dir='ltr'><strong>&#39;st-adeam:</strong></span> <span class='ocrx_word' id='word_1_31' title='bbox 1797 1667 2147 1731; x_wconf 74' lang='lat' dir='ltr'><strong>adueniens</strong></span> <span class='ocrx_word' id='word_1_32' title='bbox 2212 1665 2418 1751; x_wconf 73' lang='lat' dir='ltr'><strong>digito</strong></span> <span class='ocrx_word' id='word_1_33' title='bbox 2482 1644 2789 1751; x_wconf 63' lang='lat' dir='ltr'><strong>inpellmfi</strong></span> 
     </span>
     <span class='ocr_line' id='line_1_12' title="bbox 1772 1782 2061 1867; baseline 0.01 -23"><span class='ocrx_word' id='word_1_34' title='bbox 1772 1782 2061 1867; x_wconf 64' lang='lat' dir='ltr'><strong>ianuam,</strong></span> 
     </span>
     <span class='ocr_line' id='line_1_13' title="bbox 675 1892 2792 1983; baseline -0 -21"><span class='ocrx_word' id='word_1_35' title='bbox 675 1895 874 1963; x_wconf 81' lang='lat' dir='ltr'><strong>F6res</strong></span> <span class='ocrx_word' id='word_1_36' title='bbox 921 1899 1265 1983; x_wconf 80' lang='lat' dir='ltr'><strong>patebunt3</strong></span> <span class='ocrx_word' id='word_1_37' title='bbox 1310 1892 1771 1981; x_wconf 34' lang='lat' dir='ltr'><strong>de&#39;ssl&#39;nprouiso</strong></span> <span class='ocrx_word' id='word_1_38' title='bbox 1818 1892 2089 1981; x_wconf 81' lang='lat' dir='ltr'><strong>Chry&#39;sis</strong></span> <span class='ocrx_word' id='word_1_39' title='bbox 2143 1898 2252 1961; x_wconf 85' lang='lat' dir='ltr'><strong>ubi</strong></span> <span class='ocrx_word' id='word_1_40' title='bbox 2308 1919 2410 1962; x_wconf 92' lang='lat' dir='ltr'><strong>me</strong></span> <span class='ocrx_word' id='word_1_41' title='bbox 2457 1899 2792 1982; x_wconf 72' lang='lat' dir='ltr'><strong>aspexerit,</strong></span> 
     </span>
     <span class='ocr_line' id='line_1_14' title="bbox 670 2009 2791 2097; baseline 0 -20"><span class='ocrx_word' id='word_1_42' title='bbox 670 2009 943 2077; x_wconf 83' lang='lat' dir='ltr'><strong>&#39;Alacris</strong></span> <span class='ocrx_word' id='word_1_43' title='bbox 991 2013 1252 2077; x_wconf 65' lang='lat' dir='ltr'><strong>obuiam</strong></span> <span class='ocrx_word' id='word_1_44' title='bbox 1297 2011 1455 2076; x_wconf 91' lang='lat' dir='ltr'><strong>mihi</strong></span> <span class='ocrx_word' id='word_1_45' title='bbox 1502 2011 1721 2075; x_wconf 81' lang='lat' dir='ltr'><strong>ueniet</strong></span> <span class='ocrx_word' id='word_1_46' title='bbox 1765 2012 2167 2095; x_wconf 83' lang='lat' dir='ltr'><strong>c6mplexum</strong></span> <span class='ocrx_word' id='word_1_47' title='bbox 2210 2014 2522 2097; x_wconf 65' lang='lat' dir='ltr'><strong>exoptans</strong></span> <span class='ocrx_word' id='word_1_48' title='bbox 2559 2035 2791 2097; x_wconf 87' lang='lat' dir='ltr'><strong>meum,</strong></span> 
     </span>
     <span class='ocr_line' id='line_1_15' title="bbox 584 2125 2739 2208; baseline 0 -15"><span class='ocrx_word' id='word_1_49' title='bbox 584 2129 628 2192; x_wconf 84' lang='lat'>5</span> <span class='ocrx_word' id='word_1_50' title='bbox 673 2126 842 2192; x_wconf 81' lang='lat' dir='ltr'><strong>Mshi</strong></span> <span class='ocrx_word' id='word_1_51' title='bbox 888 2150 955 2193; x_wconf 83' lang='lat' dir='ltr'><strong>se</strong></span> <span class='ocrx_word' id='word_1_52' title='bbox 1003 2127 1216 2192; x_wconf 77' lang='lat' dir='ltr'><strong>dedet:</strong></span> <span class='ocrx_word' id='word_1_53' title='bbox 1263 2125 1622 2190; x_wconf 78' lang='lat' dir='ltr'><strong>Fortunam</strong></span> <span class='ocrx_word' id='word_1_54' title='bbox 1667 2126 1875 2208; x_wconf 81' lang='lat' dir='ltr'><strong>ipsam</strong></span> <span class='ocrx_word' id='word_1_55' title='bbox 1921 2125 2185 2191; x_wconf 74' lang='lat' dir='ltr'><strong>anteibo</strong></span> <span class='ocrx_word' id='word_1_56' title='bbox 2233 2126 2514 2193; x_wconf 82' lang='lat' dir='ltr'><strong>fortum&#39;s</strong></span> <span class='ocrx_word' id='word_1_57' title='bbox 2561 2129 2739 2194; x_wconf 79' lang='lat' dir='ltr'><strong>meis·</strong></span> 
     </span>
    </p>
   </div>
   <div class='ocr_carea' id='block_1_8' title="bbox 497 2319 2791 2522">
    <p class='ocr_par' dir='ltr' id='par_1_8' title="bbox 497 2319 2791 2522">
     <span class='ocr_line' id='line_1_16' title="bbox 499 2319 2791 2388; baseline 0 -17"><span class='ocrx_word' id='word_1_58' title='bbox 499 2322 596 2379; x_wconf 80' lang='lat' dir='ltr'><strong>(fr.</strong></span> <span class='ocrx_word' id='word_1_59' title='bbox 634 2321 806 2388; x_wconf 85' lang='lat' dir='ltr'>XIV).</span> <span class='ocrx_word' id='word_1_60' title='bbox 944 2322 1126 2372; x_wconf 82' lang='lat' dir='ltr'>XXIX</span> <span class='ocrx_word' id='word_1_61' title='bbox 1172 2322 1380 2371; x_wconf 79' lang='lat' dir='ltr'><strong>Fronto</strong></span> <span class='ocrx_word' id='word_1_62' title='bbox 1426 2321 1589 2387; x_wconf 82' lang='lat' dir='ltr'><strong>epist.</strong></span> <span class='ocrx_word' id='word_1_63' title='bbox 1640 2336 1690 2385; x_wconf 86' lang='lat' dir='ltr'><strong>p.</strong></span> <span class='ocrx_word' id='word_1_64' title='bbox 1735 2322 1800 2371; x_wconf 79' lang='lat'><strong>27</strong></span> <span class='ocrx_word' id='word_1_65' title='bbox 1845 2320 1985 2373; x_wconf 81' lang='lat' dir='ltr'><strong>Nab.</strong></span> <span class='ocrx_word' id='word_1_66' title='bbox 2032 2319 2121 2385; x_wconf 85' lang='lat'><strong>(49</strong></span> <span class='ocrx_word' id='word_1_67' title='bbox 2170 2321 2254 2371; x_wconf 89' lang='lat' dir='ltr'><strong>ed.</strong></span> <span class='ocrx_word' id='word_1_68' title='bbox 2302 2321 2451 2371; x_wconf 87' lang='lat' dir='ltr'><strong>Rom.</strong></span> <span class='ocrx_word' id='word_1_69' title='bbox 2495 2324 2559 2371; x_wconf 79' lang='lat'><strong>57</strong></span> <span class='ocrx_word' id='word_1_70' title='bbox 2606 2320 2791 2385; x_wconf 89' lang='lat' dir='ltr'><strong>Nieb.)</strong></span> 
     </span>
     <span class='ocr_line' id='line_1_17' title="bbox 498 2387 2789 2453; baseline -0 -14"><span class='ocrx_word' id='word_1_71' title='bbox 498 2389 747 2441; x_wconf 74' lang='lat' dir='ltr'><strong>‘litterae</strong></span> <span class='ocrx_word' id='word_1_72' title='bbox 794 2389 863 2440; x_wconf 81' lang='lat' dir='ltr'><strong>ad</strong></span> <span class='ocrx_word' id='word_1_73' title='bbox 909 2405 994 2440; x_wconf 88' lang='lat' dir='ltr'><strong>me</strong></span> <span class='ocrx_word' id='word_1_74' title='bbox 1040 2394 1171 2438; x_wconf 78' lang='lat' dir='ltr'><strong>tuae</strong></span> <span class='ocrx_word' id='word_1_75' title='bbox 1206 2424 1220 2439; x_wconf 87' lang='lat'><strong>.</strong></span> <span class='ocrx_word' id='word_1_76' title='bbox 1248 2425 1262 2439; x_wconf 91' lang='lat'><strong>.</strong></span> <span class='ocrx_word' id='word_1_77' title='bbox 1288 2427 1302 2442; x_wconf 91' lang='lat'><strong>.</strong></span> <span class='ocrx_word' id='word_1_78' title='bbox 1337 2403 1448 2438; x_wconf 87' lang='lat' dir='ltr'><strong>non</strong></span> <span class='ocrx_word' id='word_1_79' title='bbox 1492 2388 1629 2438; x_wconf 73' lang='lat' dir='ltr'><strong>satis</strong></span> <span class='ocrx_word' id='word_1_80' title='bbox 1676 2387 1928 2453; x_wconf 85' lang='lat' dir='ltr'><strong>proloqui</strong></span> <span class='ocrx_word' id='word_1_81' title='bbox 1976 2404 2195 2453; x_wconf 81' lang='lat' dir='ltr'><strong>possum</strong></span> <span class='ocrx_word' id='word_1_82' title='bbox 2231 2393 2291 2437; x_wconf 87' lang='lat' dir='ltr'><strong>ut</strong></span> <span class='ocrx_word' id='word_1_83' title='bbox 2339 2388 2578 2438; x_wconf 84' lang='lat' dir='ltr'><strong>animum</strong></span> <span class='ocrx_word' id='word_1_84' title='bbox 2614 2404 2789 2439; x_wconf 87' lang='lat' dir='ltr'><strong>meum</strong></span> 
     </span>
     <span class='ocr_line' id='line_1_18' title="bbox 497 2454 2791 2522; baseline 0 -16"><span class='ocrx_word' id='word_1_85' title='bbox 497 2457 698 2522; x_wconf 80' lang='lat' dir='ltr'><strong>gaudio</strong></span> <span class='ocrx_word' id='word_1_86' title='bbox 741 2457 802 2507; x_wconf 88' lang='lat' dir='ltr'><strong>in</strong></span> <span class='ocrx_word' id='word_1_87' title='bbox 848 2457 1023 2507; x_wconf 77' lang='lat' dir='ltr'><strong>altum</strong></span> <span class='ocrx_word' id='word_1_88' title='bbox 1067 2456 1419 2517; x_wconf 78' lang='lat' dir='ltr'>sustulerint,</span> <span class='ocrx_word' id='word_1_89' title='bbox 1465 2454 1734 2506; x_wconf 76' lang='lat' dir='ltr'><strong>desiderio</strong></span> <span class='ocrx_word' id='word_1_90' title='bbox 1781 2455 2217 2520; x_wconf 79' lang='lat' dir='ltr'><strong>fraglantissimo</strong></span> <span class='ocrx_word' id='word_1_91' title='bbox 2261 2456 2648 2517; x_wconf 77' lang='lat' dir='ltr'><strong>incitauerint,</strong></span> <span class='ocrx_word' id='word_1_92' title='bbox 2697 2473 2791 2521; x_wconf 89' lang='lat' dir='ltr'><strong>po-</strong></span> 
     </span>
    </p>
   </div>
   <div class='ocr_carea' id='block_1_9' title="bbox 405 2522 2790 2589">
    <p class='ocr_par' dir='ltr' id='par_1_9' title="bbox 405 2522 2790 2589">
     <span class='ocr_line' id='line_1_19' title="bbox 405 2522 2790 2589; baseline 0 -15"><span class='ocrx_word' id='word_1_93' title='bbox 405 2571 418 2584; x_wconf 76' lang='grc'><em>,</em></span> <span class='ocrx_word' id='word_1_94' title='bbox 497 2531 728 2588; x_wconf 80' lang='lat' dir='ltr'><strong>stremo,</strong></span> <span class='ocrx_word' id='word_1_95' title='bbox 766 2524 913 2588; x_wconf 89' lang='lat' dir='ltr'><strong>quod</strong></span> <span class='ocrx_word' id='word_1_96' title='bbox 950 2524 1031 2574; x_wconf 80' lang='lat' dir='ltr'><strong>ait</strong></span> <span class='ocrx_word' id='word_1_97' title='bbox 1066 2524 1113 2573; x_wconf 89' lang='lat' dir='ltr'>N</span> <span class='ocrx_word' id='word_1_98' title='bbox 1125 2524 1350 2588; x_wconf 79' lang='lat' dir='ltr'><strong>euius,</strong></span> <span class='ocrx_word' id='word_1_99' title='bbox 1390 2523 1628 2574; x_wconf 82' lang='lat' dir='ltr'><strong>animum</strong></span> <span class='ocrx_word' id='word_1_100' title='bbox 1664 2540 1716 2573; x_wconf 80' lang='lat' dir='ltr'><strong>a.</strong></span> <span class='ocrx_word' id='word_1_101' title='bbox 1742 2540 1789 2574; x_wconf 90' lang='lat' dir='ltr'><strong>c.</strong></span> <span class='ocrx_word' id='word_1_102' title='bbox 1814 2523 2251 2589; x_wconf 82' lang='lat' dir='ltr'><strong>compleuerint.’</strong></span> <span class='ocrx_word' id='word_1_103' title='bbox 2324 2522 2790 2589; x_wconf 80' lang='lat' dir='ltr'><strong>(‘conpleuerunt’</strong></span> 
     </span>
    </p>
   </div>
   <div class='ocr_carea' id='block_1_10' title="bbox 462 2588 2794 3735">
    <p class='ocr_par' dir='ltr' id='par_1_10' title="bbox 495 2588 2792 2916">
     <span class='ocr_line' id='line_1_20' title="bbox 499 2588 2792 2657; baseline -0.001 -14"><span class='ocrx_word' id='word_1_104' title='bbox 499 2591 638 2656; x_wconf 81' lang='lat' dir='ltr'><strong>cod.)</strong></span> <span class='ocrx_word' id='word_1_105' title='bbox 708 2591 852 2642; x_wconf 85' lang='lat' dir='ltr'><strong>Olim</strong></span> <span class='ocrx_word' id='word_1_106' title='bbox 888 2594 1036 2642; x_wconf 84' lang='lat' dir='ltr'><strong>inter</strong></span> <span class='ocrx_word' id='word_1_107' title='bbox 1069 2591 1325 2641; x_wconf 78' lang='lat' dir='ltr'><strong>Nouiana</strong></span> <span class='ocrx_word' id='word_1_108' title='bbox 1359 2588 1453 2654; x_wconf 85' lang='lat' dir='ltr'><strong>(fr.</strong></span> <span class='ocrx_word' id='word_1_109' title='bbox 1487 2588 1590 2653; x_wconf 87' lang='lat' dir='ltr'>IX)</span> <span class='ocrx_word' id='word_1_110' title='bbox 1628 2590 1965 2642; x_wconf 77' lang='lat' dir='ltr'><strong>rettuleram.</strong></span> <span class='ocrx_word' id='word_1_111' title='bbox 2103 2591 2256 2641; x_wconf 83' lang='lat' dir='ltr'><strong>XXX</strong></span> <span class='ocrx_word' id='word_1_112' title='bbox 2291 2592 2587 2642; x_wconf 78' lang='lat' dir='ltr'><strong>Diomedes</strong></span> <span class='ocrx_word' id='word_1_113' title='bbox 2612 2608 2662 2657; x_wconf 87' lang='lat' dir='ltr'><strong>p.</strong></span> <span class='ocrx_word' id='word_1_114' title='bbox 2692 2594 2792 2642; x_wconf 80' lang='lat'><strong>334</strong></span> 
     </span>
     <span class='ocr_line' id='line_1_21' title="bbox 495 2658 2792 2714; baseline -0.001 -5"><span class='ocrx_word' id='word_1_115' title='bbox 495 2660 559 2714; x_wconf 91' lang='lat' dir='ltr'><strong>P.</strong></span> <span class='ocrx_word' id='word_1_116' title='bbox 597 2663 745 2709; x_wconf 76' lang='lat' dir='ltr'><strong>‘amo</strong></span> <span class='ocrx_word' id='word_1_117' title='bbox 781 2664 1005 2709; x_wconf 80' lang='lat' dir='ltr'><strong>ueteres</strong></span> <span class='ocrx_word' id='word_1_118' title='bbox 1042 2658 1358 2709; x_wconf 77' lang='lat' dir='ltr'><strong>inchoatiuo</strong></span> <span class='ocrx_word' id='word_1_119' title='bbox 1395 2658 1551 2708; x_wconf 85' lang='lat' dir='ltr'><strong>modo</strong></span> <span class='ocrx_word' id='word_1_120' title='bbox 1588 2674 1852 2710; x_wconf 73' lang='lat' dir='ltr'><strong>amasco</strong></span> <span class='ocrx_word' id='word_1_121' title='bbox 1888 2659 2144 2709; x_wconf 81' lang='lat' dir='ltr'><strong>dixerunt</strong></span> <span class='ocrx_word' id='word_1_122' title='bbox 2180 2698 2195 2712; x_wconf 90' lang='lat'><strong>.</strong></span> <span class='ocrx_word' id='word_1_123' title='bbox 2231 2694 2246 2708; x_wconf 92' lang='lat'><strong>.</strong></span> <span class='ocrx_word' id='word_1_124' title='bbox 2286 2698 2298 2710; x_wconf 93' lang='lat'><strong>.</strong></span> <span class='ocrx_word' id='word_1_125' title='bbox 2336 2658 2608 2711; x_wconf 73' lang='lat' dir='ltr'><strong>Naeuius:</strong></span> <span class='ocrx_word' id='word_1_126' title='bbox 2647 2673 2792 2709; x_wconf 85' lang='lat' dir='ltr'><strong>nunc</strong></span> 
     </span>
     <span class='ocr_line' id='line_1_22' title="bbox 498 2725 2791 2792; baseline 0 -16"><span class='ocrx_word' id='word_1_127' title='bbox 498 2744 549 2792; x_wconf 88' lang='lat' dir='ltr'><strong>p.</strong></span> <span class='ocrx_word' id='word_1_128' title='bbox 574 2732 653 2776; x_wconf 62' lang='grc' dir='ltr'><strong>ι’</strong></span> <span class='ocrx_word' id='word_1_129' title='bbox 725 2726 983 2776; x_wconf 75' lang='lat' dir='ltr'><strong>Neuius</strong></span> <span class='ocrx_word' id='word_1_130' title='bbox 1017 2726 1232 2776; x_wconf 82' lang='lat' dir='ltr'><strong>Monac.</strong></span> <span class='ocrx_word' id='word_1_131' title='bbox 1268 2726 1506 2775; x_wconf 80' lang='lat' dir='ltr'><strong>neuios</strong></span> <span class='ocrx_word' id='word_1_132' title='bbox 1542 2726 1750 2781; x_wconf 69' lang='lat' dir='ltr'><strong>Parias,</strong></span> <span class='ocrx_word' id='word_1_133' title='bbox 1775 2727 1897 2776; x_wconf 88' lang='lat' dir='ltr'><strong>AB.</strong></span> <span class='ocrx_word' id='word_1_134' title='bbox 1944 2731 2007 2776; x_wconf 85' lang='lat' dir='ltr'><strong>ut</strong></span> <span class='ocrx_word' id='word_1_135' title='bbox 2043 2725 2278 2777; x_wconf 73' lang='lat' dir='ltr'><strong>fortasse</strong></span> <span class='ocrx_word' id='word_1_136' title='bbox 2312 2727 2569 2778; x_wconf 78' lang='lat' dir='ltr'><strong>Nouius</strong></span> <span class='ocrx_word' id='word_1_137' title='bbox 2606 2726 2791 2776; x_wconf 85' lang='lat' dir='ltr'><strong>fuerit.</strong></span> 
     </span>
     <span class='ocr_line' id='line_1_23' title="bbox 498 2792 2790 2860; baseline -0.001 -15"><span class='ocrx_word' id='word_1_138' title='bbox 498 2796 777 2860; x_wconf 83' lang='lat' dir='ltr'><strong>Integrum</strong></span> <span class='ocrx_word' id='word_1_139' title='bbox 814 2800 1016 2859; x_wconf 78' lang='lat' dir='ltr'><strong>poetae</strong></span> <span class='ocrx_word' id='word_1_140' title='bbox 1067 2793 1371 2859; x_wconf 86' lang='lat' dir='ltr'><strong>exemplum</strong></span> <span class='ocrx_word' id='word_1_141' title='bbox 1419 2808 1519 2843; x_wconf 91' lang='lat' dir='ltr'><strong>om.</strong></span> <span class='ocrx_word' id='word_1_142' title='bbox 1558 2793 1678 2843; x_wconf 84' lang='lat' dir='ltr'><strong>edd.</strong></span> <span class='ocrx_word' id='word_1_143' title='bbox 1719 2798 1861 2843; x_wconf 83' lang='lat' dir='ltr'><strong>uett.</strong></span> <span class='ocrx_word' id='word_1_144' title='bbox 1897 2796 1953 2842; x_wconf 88' lang='lat' dir='ltr'><strong>et</strong></span> <span class='ocrx_word' id='word_1_145' title='bbox 1985 2793 2300 2845; x_wconf 77' lang='lat' dir='ltr'><strong>Putschius.</strong></span> <span class='ocrx_word' id='word_1_146' title='bbox 2439 2792 2590 2843; x_wconf 84' lang='lat' dir='ltr'>Adde</span> <span class='ocrx_word' id='word_1_147' title='bbox 2634 2809 2790 2858; x_wconf 80' lang='lat' dir='ltr'><strong>prae—</strong></span> 
     </span>
     <span class='ocr_line' id='line_1_24' title="bbox 501 2860 1472 2916; baseline 0.003 -8"><span class='ocrx_word' id='word_1_148' title='bbox 501 2868 659 2912; x_wconf 77' lang='lat' dir='ltr'><strong>terea</strong></span> <span class='ocrx_word' id='word_1_149' title='bbox 695 2860 912 2911; x_wconf 79' lang='lat' dir='ltr'><strong>Afranii</strong></span> <span class='ocrx_word' id='word_1_150' title='bbox 949 2861 1057 2910; x_wconf 89' lang='lat' dir='ltr'><strong>inc.</strong></span> <span class='ocrx_word' id='word_1_151' title='bbox 1097 2860 1210 2916; x_wconf 79' lang='lat' dir='ltr'><strong>fab.</strong></span> <span class='ocrx_word' id='word_1_152' title='bbox 1248 2860 1472 2911; x_wconf 84' lang='lat' dir='ltr'>XXVII.</span> 
     </span>
    </p>

    <p class='ocr_par' dir='ltr' id='par_1_11' title="bbox 496 2925 2792 3264">
     <span class='ocr_line' id='line_1_25' title="bbox 633 2925 2790 2993; baseline -0.001 -14"><span class='ocrx_word' id='word_1_153' title='bbox 633 2928 756 2979; x_wconf 82' lang='lat' dir='ltr'><strong>Non</strong></span> <span class='ocrx_word' id='word_1_154' title='bbox 800 2928 968 2979; x_wconf 87' lang='lat' dir='ltr'><strong>credo</strong></span> <span class='ocrx_word' id='word_1_155' title='bbox 1014 2928 1084 2977; x_wconf 77' lang='lat' dir='ltr'><strong>ad</strong></span> <span class='ocrx_word' id='word_1_156' title='bbox 1130 2927 1468 2978; x_wconf 82' lang='lat' dir='ltr'><strong>comoediam</strong></span> <span class='ocrx_word' id='word_1_157' title='bbox 1510 2928 1791 2992; x_wconf 82' lang='lat' dir='ltr'><strong>pertinere</strong></span> <span class='ocrx_word' id='word_1_158' title='bbox 1835 2925 2013 2977; x_wconf 85' lang='lat' dir='ltr'><strong>locum</strong></span> <span class='ocrx_word' id='word_1_159' title='bbox 2061 2944 2095 2977; x_wconf 78' lang='lat' dir='ltr'><strong>a.</strong></span> <span class='ocrx_word' id='word_1_160' title='bbox 2130 2930 2300 2979; x_wconf 81' lang='lat' dir='ltr'><strong>Festo</strong></span> <span class='ocrx_word' id='word_1_161' title='bbox 2337 2944 2389 2993; x_wconf 89' lang='lat' dir='ltr'><strong>p.</strong></span> <span class='ocrx_word' id='word_1_162' title='bbox 2427 2929 2527 2979; x_wconf 78' lang='lat'><strong>257</strong></span> <span class='ocrx_word' id='word_1_163' title='bbox 2564 2928 2637 2977; x_wconf 84' lang='grc' dir='ltr'><strong>Μ.</strong></span> <span class='ocrx_word' id='word_1_164' title='bbox 2675 2928 2790 2977; x_wconf 78' lang='lat' dir='ltr'><strong>lau·</strong></span> 
     </span>
     <span class='ocr_line' id='line_1_26' title="bbox 499 2994 2791 3060; baseline -0.001 -13"><span class='ocrx_word' id='word_1_165' title='bbox 499 2996 713 3050; x_wconf 78' lang='lat' dir='ltr'><strong>datum:</strong></span> <span class='ocrx_word' id='word_1_166' title='bbox 754 3000 773 3028; x_wconf 68' lang='lat'><em>‘</em></span> <span class='ocrx_word' id='word_1_167' title='bbox 824 2997 1094 3046; x_wconf 79' lang='lat' dir='ltr'><strong>uianam</strong></span> <span class='ocrx_word' id='word_1_168' title='bbox 1141 3011 1239 3060; x_wconf 92' lang='lat' dir='ltr'><strong>pro</strong></span> <span class='ocrx_word' id='word_1_169' title='bbox 1275 3009 1446 3060; x_wconf 80' lang='lat' dir='ltr'><strong>quare</strong></span> <span class='ocrx_word' id='word_1_170' title='bbox 1483 3029 1497 3045; x_wconf 87' lang='lat'><strong><em>.</em></strong></span> <span class='ocrx_word' id='word_1_171' title='bbox 1523 3032 1536 3045; x_wconf 89' lang='lat'>.</span> <span class='ocrx_word' id='word_1_172' title='bbox 1574 2994 1720 3060; x_wconf 80' lang='lat' dir='ltr'><strong>apud</strong></span> <span class='ocrx_word' id='word_1_173' title='bbox 1757 2995 2018 3059; x_wconf 79' lang='lat' dir='ltr'><strong>antiquos</strong></span> <span class='ocrx_word' id='word_1_174' title='bbox 2052 3001 2115 3045; x_wconf 89' lang='lat' dir='ltr'><strong>ut</strong></span> <span class='ocrx_word' id='word_1_175' title='bbox 2148 2997 2418 3046; x_wconf 78' lang='lat' dir='ltr'><strong>Naeuium</strong></span> <span class='ocrx_word' id='word_1_176' title='bbox 2454 2996 2511 3044; x_wconf 87' lang='lat' dir='ltr'><strong>in</strong></span> <span class='ocrx_word' id='word_1_177' title='bbox 2548 2996 2791 3046; x_wconf 78' lang='lat' dir='ltr'><strong>carmine</strong></span> 
     </span>
     <span class='ocr_line' id='line_1_27' title="bbox 498 3062 2790 3128; baseline -0.001 -14"><span class='ocrx_word' id='word_1_178' title='bbox 498 3064 693 3114; x_wconf 84' lang='lat' dir='ltr'><strong>Punici</strong></span> <span class='ocrx_word' id='word_1_179' title='bbox 729 3064 905 3116; x_wconf 89' lang='lat' dir='ltr'><strong>beli.</strong></span> <span class='ocrx_word' id='word_1_180' title='bbox 934 3099 948 3114; x_wconf 87' lang='lat'><strong>.</strong></span> <span class='ocrx_word' id='word_1_181' title='bbox 976 3101 989 3114; x_wconf 92' lang='lat'><strong>.</strong></span> <span class='ocrx_word' id='word_1_182' title='bbox 1017 3064 1176 3112; x_wconf 88' lang='lat' dir='ltr'><strong>etin</strong></span> <span class='ocrx_word' id='word_1_183' title='bbox 1213 3068 1471 3127; x_wconf 73' lang='lat' dir='ltr'><strong>satyra:</strong></span> <span class='ocrx_word' id='word_1_184' title='bbox 1508 3063 1823 3126; x_wconf 73' lang='lat' dir='ltr'><strong>quianam</strong></span> <span class='ocrx_word' id='word_1_185' title='bbox 1877 3063 2269 3113; x_wconf 82' lang='lat' dir='ltr'><strong>Saturnium</strong></span> <span class='ocrx_word' id='word_1_186' title='bbox 2313 3062 2628 3128; x_wconf 88' lang='lat' dir='ltr'><strong>populum</strong></span> <span class='ocrx_word' id='word_1_187' title='bbox 2676 3078 2790 3127; x_wconf 87' lang='lat' dir='ltr'><strong>pe-</strong></span> 
     </span>
     <span class='ocr_line' id='line_1_28' title="bbox 496 3129 2792 3196; baseline -0.001 -15"><span class='ocrx_word' id='word_1_188' title='bbox 496 3132 767 3196; x_wconf 80' lang='lat' dir='ltr'><strong>pulisti.</strong></span> <span class='ocrx_word' id='word_1_189' title='bbox 838 3135 896 3181; x_wconf 86' lang='lat' dir='ltr'><strong>et</strong></span> <span class='ocrx_word' id='word_1_190' title='bbox 928 3130 1187 3180; x_wconf 82' lang='lat' dir='ltr'><strong>Ennium’</strong></span> <span class='ocrx_word' id='word_1_191' title='bbox 1227 3145 1274 3187; x_wconf 83' lang='lat' dir='ltr'><strong>e,</strong></span> <span class='ocrx_word' id='word_1_192' title='bbox 1312 3145 1364 3196; x_wconf 85' lang='lat' dir='ltr'><strong>q.</strong></span> <span class='ocrx_word' id='word_1_193' title='bbox 1401 3144 1447 3180; x_wconf 73' lang='lat' dir='ltr'><strong>a.</strong></span> <span class='ocrx_word' id='word_1_194' title='bbox 1518 3130 1602 3180; x_wconf 84' lang='lat' dir='ltr'><strong>Ne</strong></span> <span class='ocrx_word' id='word_1_195' title='bbox 1638 3129 1709 3180; x_wconf 83' lang='lat' dir='ltr'><strong>de</strong></span> <span class='ocrx_word' id='word_1_196' title='bbox 1746 3131 1964 3181; x_wconf 87' lang='lat' dir='ltr'><strong>nomine</strong></span> <span class='ocrx_word' id='word_1_197' title='bbox 2002 3130 2225 3195; x_wconf 89' lang='lat' dir='ltr'><strong>quidem</strong></span> <span class='ocrx_word' id='word_1_198' title='bbox 2261 3131 2506 3181; x_wconf 76' lang='lat' dir='ltr'><strong>auctoris</strong></span> <span class='ocrx_word' id='word_1_199' title='bbox 2553 3134 2792 3180; x_wconf 79' lang='lat' dir='ltr'><strong>constat.</strong></span> 
     </span>
     <span class='ocr_line' id='line_1_29' title="bbox 501 3197 1582 3264; baseline 0 -16"><span class='ocrx_word' id='word_1_200' title='bbox 501 3199 763 3249; x_wconf 69' lang='lat' dir='ltr'><strong>Fructum</strong></span> <span class='ocrx_word' id='word_1_201' title='bbox 794 3198 975 3264; x_wconf 76' lang='lat' dir='ltr'><strong>ipsum</strong></span> <span class='ocrx_word' id='word_1_202' title='bbox 1010 3197 1102 3248; x_wconf 87' lang='lat' dir='ltr'><strong>uel</strong></span> <span class='ocrx_word' id='word_1_203' title='bbox 1139 3198 1433 3248; x_wconf 79' lang='lat' dir='ltr'><strong>iambicum</strong></span> <span class='ocrx_word' id='word_1_204' title='bbox 1465 3197 1582 3248; x_wconf 76' lang='lat' dir='ltr'><strong>tale</strong></span> 
     </span>
    </p>

    <p class='ocr_par' dir='ltr' id='par_1_12' title="bbox 462 3263 2340 3600">
     <span class='ocr_line' id='line_1_30' title="bbox 1614 3263 2230 3330; baseline 0.002 -16"><span class='ocrx_word' id='word_1_205' title='bbox 1614 3267 1874 3330; x_wconf 78' lang='lat' dir='ltr'><strong>quianam</strong></span> <span class='ocrx_word' id='word_1_206' title='bbox 1913 3263 2230 3316; x_wconf 61' lang='lat' dir='ltr'><strong>Satan-nium</strong></span> 
     </span>
     <span class='ocr_line' id='line_1_31' title="bbox 1208 3330 1808 3398; baseline -0.002 -15"><span class='ocrx_word' id='word_1_207' title='bbox 1208 3330 1476 3398; x_wconf 75' lang='lat' dir='ltr'><strong>Popuhim</strong></span> <span class='ocrx_word' id='word_1_208' title='bbox 1512 3331 1808 3397; x_wconf 80' lang='lat' dir='ltr'><strong>pepulisti?</strong></span> 
     </span>
     <span class='ocr_line' id='line_1_32' title="bbox 498 3399 943 3452; baseline -0.002 -2"><span class='ocrx_word' id='word_1_209' title='bbox 498 3401 587 3451; x_wconf 86' lang='lat' dir='ltr'><strong>uel</strong></span> <span class='ocrx_word' id='word_1_210' title='bbox 625 3399 943 3452; x_wconf 81' lang='lat' dir='ltr'><strong>Saturnium</strong></span> 
     </span>
     <span class='ocr_line' id='line_1_33' title="bbox 462 3465 2340 3532; baseline -0.002 -12"><span class='ocrx_word' id='word_1_211' title='bbox 462 3487 478 3491; x_wconf 64' lang='lat'><em>⁷</em></span> <span class='ocrx_word' id='word_1_212' title='bbox 1024 3509 1037 3520; x_wconf 95' lang='lat'><strong><em>.</em></strong></span> <span class='ocrx_word' id='word_1_213' title='bbox 1109 3467 1362 3531; x_wconf 60' lang='lat' dir='ltr'><strong>quianam</strong></span> <span class='ocrx_word' id='word_1_214' title='bbox 1399 3465 1713 3518; x_wconf 68' lang='lat' dir='ltr'><strong>Sattirnitim</strong></span> <span class='ocrx_word' id='word_1_215' title='bbox 1749 3465 2006 3532; x_wconf 73' lang='lat' dir='ltr'><strong>popuhim</strong></span> <span class='ocrx_word' id='word_1_216' title='bbox 2042 3466 2340 3532; x_wconf 72' lang='lat' dir='ltr'><strong>pepulisti?</strong></span> 
     </span>
     <span class='ocr_line' id='line_1_34' title="bbox 498 3536 912 3600; baseline 0.007 -16"><span class='ocrx_word' id='word_1_217' title='bbox 498 3536 671 3586; x_wconf 78' lang='lat' dir='ltr'><strong>fuisse</strong></span> <span class='ocrx_word' id='word_1_218' title='bbox 709 3539 912 3600; x_wconf 78' lang='lat' dir='ltr'><strong>potest.</strong></span> 
     </span>
    </p>

    <p class='ocr_par' dir='ltr' id='par_1_13' title="bbox 636 3601 2794 3667">
     <span class='ocr_line' id='line_1_35' title="bbox 636 3601 2794 3667; baseline -0 -14"><span class='ocrx_word' id='word_1_219' title='bbox 636 3602 906 3653; x_wconf 71' lang='grc' dir='ltr'><strong>ΤΒΔΒι-Διι</strong></span> <span class='ocrx_word' id='word_1_220' title='bbox 943 3603 1028 3651; x_wconf 86' lang='lat' dir='ltr'><strong>Ex</strong></span> <span class='ocrx_word' id='word_1_221' title='bbox 1063 3602 1176 3651; x_wconf 70' lang='lat' dir='ltr'><strong>Ine.</strong></span> <span class='ocrx_word' id='word_1_222' title='bbox 1216 3603 1356 3651; x_wconf 64' lang='lat' dir='ltr'><strong>Fam.</strong></span> <span class='ocrx_word' id='word_1_223' title='bbox 1425 3603 1450 3652; x_wconf 91' lang='lat'>1</span> <span class='ocrx_word' id='word_1_224' title='bbox 1489 3603 1684 3653; x_wconf 85' lang='lat' dir='ltr'><strong>Cicero</strong></span> <span class='ocrx_word' id='word_1_225' title='bbox 1720 3602 1889 3654; x_wconf 81' lang='lat' dir='ltr'><strong>Tusc.</strong></span> <span class='ocrx_word' id='word_1_226' title='bbox 1928 3601 2068 3667; x_wconf 83' lang='lat' dir='ltr'><strong>disp.</strong></span> <span class='ocrx_word' id='word_1_227' title='bbox 2093 3603 2167 3652; x_wconf 92' lang='lat' dir='ltr'><strong>1v</strong></span> <span class='ocrx_word' id='word_1_228' title='bbox 2203 3606 2288 3663; x_wconf 83' lang='lat'><strong>31,</strong></span> <span class='ocrx_word' id='word_1_229' title='bbox 2326 3603 2391 3652; x_wconf 80' lang='lat'><strong>67</strong></span> <span class='ocrx_word' id='word_1_230' title='bbox 2429 3602 2614 3653; x_wconf 77' lang='lat' dir='ltr'><strong>‘aliter</strong></span> <span class='ocrx_word' id='word_1_231' title='bbox 2650 3603 2794 3654; x_wconf 89' lang='lat' dir='ltr'><strong>enim</strong></span> 
     </span>
    </p>

    <p class='ocr_par' dir='ltr' id='par_1_14' title="bbox 497 3668 2792 3735">
     <span class='ocr_line' id='line_1_36' title="bbox 497 3668 2792 3735; baseline -0 -14"><span class='ocrx_word' id='word_1_232' title='bbox 497 3670 817 3721; x_wconf 75' lang='lat' dir='ltr'><strong>Naeuianus</strong></span> <span class='ocrx_word' id='word_1_233' title='bbox 863 3669 959 3719; x_wconf 90' lang='lat' dir='ltr'><strong>ille</strong></span> <span class='ocrx_word' id='word_1_234' title='bbox 1007 3669 1213 3734; x_wconf 79' lang='lat' dir='ltr'><strong>gaudet</strong></span> <span class='ocrx_word' id='word_1_235' title='bbox 1258 3670 1493 3720; x_wconf 82' lang='lat' dir='ltr'><strong>Hector:</strong></span> <span class='ocrx_word' id='word_1_236' title='bbox 1537 3668 1718 3721; x_wconf 73' lang='lat' dir='ltr'><strong>laetus</strong></span> <span class='ocrx_word' id='word_1_237' title='bbox 1763 3674 1902 3720; x_wconf 84' lang='lat' dir='ltr'><strong>sum’</strong></span> <span class='ocrx_word' id='word_1_238' title='bbox 1949 3685 2000 3723; x_wconf 88' lang='lat' dir='ltr'><strong>e.</strong></span> <span class='ocrx_word' id='word_1_239' title='bbox 2047 3684 2098 3734; x_wconf 84' lang='lat' dir='ltr'><strong>q.</strong></span> <span class='ocrx_word' id='word_1_240' title='bbox 2144 3685 2188 3725; x_wconf 80' lang='lat' dir='ltr'><strong>s.</strong></span> <span class='ocrx_word' id='word_1_241' title='bbox 2269 3669 2457 3719; x_wconf 78' lang='lat' dir='ltr'><strong>‘aliter</strong></span> <span class='ocrx_word' id='word_1_242' title='bbox 2500 3668 2595 3720; x_wconf 84' lang='lat' dir='ltr'><strong>ille</strong></span> <span class='ocrx_word' id='word_1_243' title='bbox 2646 3671 2792 3735; x_wconf 85' lang='lat' dir='ltr'><strong>apud</strong></span> 
     </span>
    </p>
   </div>
   <div class='ocr_carea' id='block_1_11' title="bbox 499 3735 2877 3803">
    <p class='ocr_par' dir='ltr' id='par_1_15' title="bbox 499 3735 2877 3803">
     <span class='ocr_line' id='line_1_37' title="bbox 499 3735 2877 3803; baseline 0 -16"><span class='ocrx_word' id='word_1_244' title='bbox 499 3738 805 3789; x_wconf 80' lang='lat' dir='ltr'><strong>Trabeam:</strong></span> <span class='ocrx_word' id='word_1_245' title='bbox 841 3736 999 3787; x_wconf 77' lang='lat' dir='ltr'><strong>lena</strong></span> <span class='ocrx_word' id='word_1_246' title='bbox 1027 3774 1040 3785; x_wconf 92' lang='lat'>.</span> <span class='ocrx_word' id='word_1_247' title='bbox 1068 3777 1081 3790; x_wconf 91' lang='lat'><strong>.</strong></span> <span class='ocrx_word' id='word_1_248' title='bbox 1109 3773 1123 3787; x_wconf 90' lang='lat'><strong>.</strong></span> <span class='ocrx_word' id='word_1_249' title='bbox 1148 3735 1367 3792; x_wconf 77' lang='lat' dir='ltr'><strong>dedet.</strong></span> <span class='ocrx_word' id='word_1_250' title='bbox 1439 3752 1602 3801; x_wconf 74' lang='lat' dir='ltr'><strong>quam</strong></span> <span class='ocrx_word' id='word_1_251' title='bbox 1637 3737 1781 3788; x_wconf 76' lang='lat' dir='ltr'><strong>haec</strong></span> <span class='ocrx_word' id='word_1_252' title='bbox 1814 3737 2048 3803; x_wconf 81' lang='lat' dir='ltr'><strong>pulchra</strong></span> <span class='ocrx_word' id='word_1_253' title='bbox 2086 3742 2272 3803; x_wconf 86' lang='lat' dir='ltr'><strong>putet,</strong></span> <span class='ocrx_word' id='word_1_254' title='bbox 2317 3739 2437 3802; x_wconf 80' lang='lat' dir='ltr'><strong>ipse</strong></span> <span class='ocrx_word' id='word_1_255' title='bbox 2475 3737 2581 3787; x_wconf 81' lang='lat' dir='ltr'><strong>iam</strong></span> <span class='ocrx_word' id='word_1_256' title='bbox 2606 3738 2791 3788; x_wconf 72' lang='lat' dir='ltr'><strong>dicet:</strong></span> <span class='ocrx_word' id='word_1_257' title='bbox 2862 3737 2877 3751; x_wconf 84' lang='lat'><strong><em>‘</em></strong></span> 
     </span>
    </p>
   </div>
   <div class='ocr_carea' id='block_1_12' title="bbox 510 3851 934 3859">
    <p class='ocr_par' dir='ltr' id='par_1_16' title="bbox 510 3851 934 3859">
     <span class='ocr_line' id='line_1_38' title="bbox 510 3851 934 3859; baseline 0 1216"><span class='ocrx_word' id='word_1_258' title='bbox 510 3851 934 3859; x_wconf 95' lang='lat' dir='ltr'><strong> </strong></span> 
     </span>
    </p>
   </div>
   <div class='ocr_carea' id='block_1_13' title="bbox 490 3914 2799 4409">
    <p class='ocr_par' dir='ltr' id='par_1_17' title="bbox 490 3914 2799 4326">
     <span class='ocr_line' id='line_1_39' title="bbox 672 3914 2792 3990; baseline 0 -19"><span class='ocrx_word' id='word_1_259' title='bbox 672 3914 791 3972; x_wconf 84' lang='lat'><strong>136</strong></span> <span class='ocrx_word' id='word_1_260' title='bbox 837 3923 899 3971; x_wconf 88' lang='lat' dir='ltr'><strong>ut</strong></span> <span class='ocrx_word' id='word_1_261' title='bbox 941 3916 1016 3971; x_wconf 81' lang='lat' dir='ltr'><strong>ab</strong></span> <span class='ocrx_word' id='word_1_262' title='bbox 1057 3917 1216 3972; x_wconf 78' lang='lat' dir='ltr'><strong>initio</strong></span> <span class='ocrx_word' id='word_1_263' title='bbox 1260 3918 1489 3988; x_wconf 78' lang='lat' dir='ltr'><strong>suppIec</strong></span> <span class='ocrx_word' id='word_1_264' title='bbox 1519 3915 1816 3990; x_wconf 76' lang='lat' dir='ltr'><strong>Berylcius</strong></span> <span class='ocrx_word' id='word_1_265' title='bbox 1844 3918 2065 3973; x_wconf 74' lang='lat' dir='ltr'><strong>annau.</strong></span> <span class='ocrx_word' id='word_1_266' title='bbox 2090 3917 2317 3987; x_wconf 79' lang='lat' dir='ltr'><strong>philoll.</strong></span> <span class='ocrx_word' id='word_1_267' title='bbox 2356 3915 2520 3973; x_wconf 88' lang='lat'>1870</span> <span class='ocrx_word' id='word_1_268' title='bbox 2544 3934 2605 3988; x_wconf 84' lang='lat' dir='ltr'><strong>p.</strong></span> <span class='ocrx_word' id='word_1_269' title='bbox 2639 3915 2759 3973; x_wconf 81' lang='lat'><strong>827</strong></span> <span class='ocrx_word' id='word_1_270' title='bbox 2779 3936 2792 3971; x_wconf 74' lang='grc' dir='ltr'><strong>ε</strong></span> 
     </span>
     <span class='ocr_line' id='line_1_40' title="bbox 496 3993 2799 4078; baseline 0 -22"><span class='ocrx_word' id='word_1_271' title='bbox 496 4002 602 4056; x_wconf 77' lang='lat' dir='ltr'><strong>sed</strong></span> <span class='ocrx_word' id='word_1_272' title='bbox 642 4003 890 4074; x_wconf 74' lang='lat' dir='ltr'><strong>coyitari</strong></span> <span class='ocrx_word' id='word_1_273' title='bbox 929 4001 1108 4056; x_wconf 78' lang='lat' dir='ltr'><strong>mulla</strong></span> <span class='ocrx_word' id='word_1_274' title='bbox 1141 4002 1259 4055; x_wconf 75' lang='lat' dir='ltr'><strong>alia</strong></span> <span class='ocrx_word' id='word_1_275' title='bbox 1301 4008 1560 4072; x_wconf 79' lang='lat' dir='ltr'><strong>possum.</strong></span> <span class='ocrx_word' id='word_1_276' title='bbox 1736 3993 2155 4078; x_wconf 74' lang='lat' dir='ltr'><strong>compleuerint]</strong></span> <span class='ocrx_word' id='word_1_277' title='bbox 2192 4001 2452 4058; x_wconf 80' lang='lat' dir='ltr'><strong>Naeuius</strong></span> <span class='ocrx_word' id='word_1_278' title='bbox 2481 4019 2596 4073; x_wconf 81' lang='lat' dir='ltr'><strong>qua</strong></span> <span class='ocrx_word' id='word_1_279' title='bbox 2631 4003 2799 4057; x_wconf 78' lang='lat' dir='ltr'><strong>uerbi</strong></span> 
     </span>
     <span class='ocr_line' id='line_1_41' title="bbox 495 4080 2794 4159; baseline 0 -19"><span class='ocrx_word' id='word_1_280' title='bbox 495 4085 690 4156; x_wconf 79' lang='lat' dir='ltr'><strong>forma</strong></span> <span class='ocrx_word' id='word_1_281' title='bbox 737 4099 880 4140; x_wconf 77' lang='lat' dir='ltr'><strong><em>usus</em></strong></span> <span class='ocrx_word' id='word_1_282' title='bbox 921 4087 992 4140; x_wconf 75' lang='lat' dir='ltr'><strong>sit</strong></span> <span class='ocrx_word' id='word_1_283' title='bbox 1045 4085 1228 4156; x_wconf 83' lang='lat' dir='ltr'><strong>plane</strong></span> <span class='ocrx_word' id='word_1_284' title='bbox 1270 4088 1587 4140; x_wconf 76' lang='lat' dir='ltr'><strong>incertum.-</strong></span> <span class='ocrx_word' id='word_1_285' title='bbox 1635 4089 1823 4156; x_wconf 76' lang='lat' dir='ltr'><strong>potuit</strong></span> <span class='ocrx_word' id='word_1_286' title='bbox 1879 4087 2103 4157; x_wconf 78' lang='lat' dir='ltr'><strong>quidem</strong></span> <span class='ocrx_word' id='word_1_287' title='bbox 2156 4089 2342 4157; x_wconf 83' lang='lat' dir='ltr'><strong>ipsum</strong></span> <span class='ocrx_word' id='word_1_288' title='bbox 2396 4080 2794 4159; x_wconf 69' lang='lat' dir='ltr'><strong>conpleue&#39;runt</strong></span> 
     </span>
     <span class='ocr_line' id='line_1_42' title="bbox 490 4169 2796 4242; baseline 0 -18"><span class='ocrx_word' id='word_1_289' title='bbox 490 4184 718 4239; x_wconf 81' lang='lat' dir='ltr'><strong>ponere</strong></span> <span class='ocrx_word' id='word_1_290' title='bbox 760 4170 914 4241; x_wconf 82' lang='lat' dir='ltr'><strong>quod</strong></span> <span class='ocrx_word' id='word_1_291' title='bbox 961 4172 1023 4224; x_wconf 78' lang='lat' dir='ltr'><strong>in</strong></span> <span class='ocrx_word' id='word_1_292' title='bbox 1077 4171 1202 4225; x_wconf 76' lang='lat' dir='ltr'><strong>eod.</strong></span> <span class='ocrx_word' id='word_1_293' title='bbox 1252 4177 1336 4225; x_wconf 76' lang='lat' dir='ltr'><strong>ese</strong></span> <span class='ocrx_word' id='word_1_294' title='bbox 1592 4169 1712 4224; x_wconf 85' lang='lat'><strong>138</strong></span> <span class='ocrx_word' id='word_1_295' title='bbox 1768 4185 1852 4242; x_wconf 79' lang='lat' dir='ltr'><strong>sq.</strong></span> <span class='ocrx_word' id='word_1_296' title='bbox 1902 4169 2188 4242; x_wconf 78' lang='lat' dir='ltr'><strong>primulum</strong></span> <span class='ocrx_word' id='word_1_297' title='bbox 2246 4186 2456 4225; x_wconf 78' lang='lat' dir='ltr'><strong>amasco</strong></span> <span class='ocrx_word' id='word_1_298' title='bbox 2502 4170 2693 4225; x_wconf 80' lang='lat' dir='ltr'><strong>Paris.</strong></span> <span class='ocrx_word' id='word_1_299' title='bbox 2740 4171 2796 4224; x_wconf 91' lang='lat' dir='ltr'><em>B</em></span> 
     </span>
     <span class='ocr_line' id='line_1_43' title="bbox 498 4252 2684 4326; baseline 0.001 -19"><span class='ocrx_word' id='word_1_300' title='bbox 498 4252 733 4309; x_wconf 75' lang='lat' dir='ltr'><strong>Monac.</strong></span> <span class='ocrx_word' id='word_1_301' title='bbox 825 4254 997 4325; x_wconf 83' lang='lat' dir='ltr'><strong>primo</strong></span> <span class='ocrx_word' id='word_1_302' title='bbox 1043 4252 1350 4308; x_wconf 85' lang='lat' dir='ltr'><strong>lnmanasco</strong></span> <span class='ocrx_word' id='word_1_303' title='bbox 1394 4253 1532 4313; x_wconf 82' lang='lat' dir='ltr'><strong>Par,</strong></span> <span class='ocrx_word' id='word_1_304' title='bbox 1578 4255 1627 4307; x_wconf 80' lang='lat' dir='ltr'><em>A</em></span> <span class='ocrx_word' id='word_1_305' title='bbox 1714 4269 1923 4308; x_wconf 80' lang='lat' dir='ltr'><strong>amasco</strong></span> <span class='ocrx_word' id='word_1_306' title='bbox 1968 4253 2256 4326; x_wconf 77' lang='lat' dir='ltr'><strong>primulum</strong></span> <span class='ocrx_word' id='word_1_307' title='bbox 2303 4255 2684 4311; x_wconf 75' lang='lat' dir='ltr'><strong>Forcellinius</strong></span> 
     </span>
    </p>

    <p class='ocr_par' dir='ltr' id='par_1_18' title="bbox 672 4335 2795 4409">
     <span class='ocr_line' id='line_1_44' title="bbox 672 4335 2795 4409; baseline 0.001 -18"><span class='ocrx_word' id='word_1_308' title='bbox 672 4336 708 4392; x_wconf 86' lang='lat'><strong>3</strong></span> <span class='ocrx_word' id='word_1_309' title='bbox 758 4335 885 4391; x_wconf 77' lang='lat' dir='ltr'><strong>fori&#39;</strong></span> <span class='ocrx_word' id='word_1_310' title='bbox 946 4335 1150 4409; x_wconf 80' lang='lat' dir='ltr'><strong>patebit</strong></span> <span class='ocrx_word' id='word_1_311' title='bbox 1208 4336 1506 4393; x_wconf 78' lang='lat' dir='ltr'><strong>Bentleius</strong></span> <span class='ocrx_word' id='word_1_312' title='bbox 1737 4339 1952 4394; x_wconf 78' lang='lat' dir='ltr'><strong>Versus</strong></span> <span class='ocrx_word' id='word_1_313' title='bbox 2003 4338 2040 4393; x_wconf 87' lang='lat'>5</span> <span class='ocrx_word' id='word_1_314' title='bbox 2101 4341 2435 4408; x_wconf 77' lang='lat' dir='ltr'><strong>particulas</strong></span> <span class='ocrx_word' id='word_1_315' title='bbox 2496 4342 2795 4394; x_wconf 72' lang='lat' dir='ltr'><strong>coniunxit</strong></span> 
     </span>
    </p>
   </div>
  </div>
 </body>
</html>
