3400 5075
663 287 892 343 CXVIII
1556 287 1657 341 AD
1696 284 2063 341 TRAGICOS

662 453 1142 534 Σκιπίωνος,
1191 451 1245 513 si
1286 449 1366 514 ad
1393 470 1629 534 poema
1657 447 2028 533 Scipionem
2057 451 2230 513 recte
2260 447 2650 533 referuntur,
2696 451 2965 532 propter

660 558 918 623 canendi
970 558 1242 621 verbum
1298 560 1364 621 et
1416 556 1675 621 Homeri
1733 555 1991 619 laudem
2045 577 2176 619 non
2232 558 2510 639 possunt
2564 576 2724 619 sana
2768 555 2962 619 inter-

661 664 1029 750 pretatione
1075 662 1206 727 nisi
1252 661 1329 727 de
1378 662 1561 746 epico
1610 662 1896 728 carmine
1943 660 2256 745 intellegi.

841 769 935 835 At
993 768 1167 835 enim
1221 769 1572 853 quadratus
1629 790 1854 833 versus
1913 767 2239 833 inauditus
2295 768 2363 832 in
2419 768 2536 833 tali
2591 770 2967 851 poematum

665 900 917 972 genere.
982 876 1135 961 quid
1189 874 1496 940 tandem?
1559 896 1775 939 nonne
1838 876 1942 939 vel
2007 876 2285 939 maxime
2351 875 2682 954 militaris,
2746 877 2820 938 ut
2876 876 2969 941 ita

666 986 902 1069 dicam,
972 984 1082 1048 ille
1140 1004 1446 1047 numerus
1512 979 1696 1045 erat?
1786 1003 1911 1064 quo
1973 983 2040 1044 et
2097 979 2528 1046 Archilochus
2590 981 2656 1045 in
2716 981 2968 1047 bellicis

666 1090 1062 1156 carminibus
1102 1087 1212 1175 (cf.
1248 1088 1326 1152 fr.
1355 1088 1655 1152 54—56.
1700 1087 2001 1153 58—62.
2033 1087 2137 1153 66.
2166 1089 2250 1153 68
2280 1087 2383 1175 Β.)
2413 1092 2479 1152 et
2524 1088 2593 1152 in
2637 1089 2968 1172 triumpho

666 1196 1155 1283 progredientes
1211 1195 1450 1259 milites
1498 1193 1779 1258 Romani
1836 1194 1916 1259 ad
1979 1194 2171 1259 duces
2220 1216 2371 1258 suos
2421 1194 2522 1259 vel
2567 1196 2969 1261 extollendos

666 1303 963 1368 laudibus
1029 1302 1133 1367 vel
1199 1300 1595 1365 cavillandos
1662 1301 1764 1365 usi
1823 1302 1990 1365 sunt.
2094 1302 2386 1367 scaenico
2445 1305 2660 1366 autem
2717 1306 2970 1387 poetae,

669 1412 881 1495 qualis
937 1409 1154 1494 priore
1201 1407 1618 1492 potissimum
1666 1406 1904 1471 aetatis
1952 1409 2246 1491 tempore
2294 1408 2419 1471 fuit
2464 1407 2743 1492 Ennius,
2801 1410 2971 1494 quod

667 1517 879 1602 magis
952 1516 1137 1599 quasi
1214 1515 1282 1577 in
1346 1517 1608 1598 promtu
1672 1512 1876 1577 fuisse
1942 1518 2445 1579 consentaneum
2511 1517 2611 1578 est
2674 1519 2973 1600 metrum,

670 1645 867 1707 quam
914 1644 1040 1706 quo
1088 1622 1331 1687 totiens
1379 1621 1665 1705 agitatos
1713 1619 2083 1685 fabularum
2131 1643 2461 1685 sermones
2508 1620 2973 1687 instruxisset?

671 1730 768 1796 Ac
821 1730 1231 1794 narrationes
1290 1727 1428 1792 sive
1483 1726 1954 1811 descriptiones
2001 1726 2126 1792 hoc
2173 1728 2589 1812 potissimum
2637 1731 2974 1795 conclusas

671 1835 844 1921 apud
887 1834 1175 1900 Ennium
1219 1833 1423 1898 habes
1472 1856 1529 1898 v.
1576 1835 1635 1898 6.
1682 1833 1768 1898 36
1818 1857 1912 1917 sq.
1963 1835 2347 1899 loo—106.
2414 1834 2798 1901 145—147.
2851 1838 2976 1902 150

673 1942 918 2008 -154.
966 1943 1114 2006 268.
1161 1940 1310 2005 313.
1357 1939 1506 2004 325.
1553 1940 1682 2005 369
1732 1963 1895 2025 sqq.;
1956 1942 2236 2025 praeivit
2291 1942 2653 2007 narrationi
2701 1942 2974 2007 interro-

672 2051 853 2137 gatio
899 2072 960 2113 v.
1005 2049 1112 2114 68.
1153 2044 1362 2131 -Ergo
1411 2044 1628 2110 reduci
1676 2068 1756 2110 ex
1789 2046 2015 2112 Africa
2045 2045 2337 2131 Scipioni
2383 2049 2749 2132 gratulatus
2779 2054 2977 2134 poeta

674 2156 776 2221 est
831 2154 1145 2239 carmine,
1202 2174 1330 2239 quo
1385 2156 1723 2238 tamquam
1778 2155 2140 2220 commilito
2198 2153 2439 2237 aliquis
2497 2177 2600 2219 res
2648 2157 2978 2239 praeclare.

674 2262 757 2327 ab
819 2283 894 2327 eo
956 2263 1180 2346 gestas
1243 2259 1605 2325 enarrabat.
1664 2281 1817 2324 nam
1875 2260 2175 2326 heroicos
2235 2282 2461 2325 versus
2524 2261 2625 2325 vel
2689 2264 2975 2329 nondum

674 2370 987 2454 attigerat
1042 2389 1211 2432 anno
1270 2367 1399 2433 552
1453 2367 1557 2432 vel
1612 2388 1870 2432 servare
1926 2366 2145 2432 divino
2202 2367 2536 2432 annalium
2591 2371 2773 2453 operi
2831 2392 2977 2435 con-

675 2476 998 2541 stituerat.
1075 2495 1229 2561 ergo
1289 2496 1328 2539 a
1374 2471 1698 2539 Saturniis
1746 2472 1977 2539 Naevii
2035 2475 2325 2539 numeris
2384 2476 2568 2559 quasi
2629 2478 2977 2543 transitum

677 2584 758 2649 ad
821 2583 1054 2668 longos
1120 2603 1345 2646 versus
1403 2581 1531 2645 sibi
1587 2581 1868 2646 munivit
1922 2582 2217 2646 breviore
2274 2584 2586 2666 opusculo
2645 2585 2977 2667 quadratis

680 2688 1066 2775 composito
1160 2685 1393 2753 Cetera
1440 2691 1658 2753 autem
1707 2710 1867 2772 quae
1906 2690 1977 2753 dc
2004 2689 2288 2772 Scipione
2314 2689 2655 2775 dactylicis
2683 2692 2979 2757 versibus

683 2797 993 2863 cecinisse
1039 2793 1323 2860 traditur
1368 2792 1565 2880 (falso
1613 2794 1785 2858 inter
1815 2799 2069 2861 saturas
2100 2819 2138 2859 a
2166 2795 2464 2861 Vahleno
2493 2818 2555 2879 p.
2591 2796 2712 2861 157
2744 2795 2979 2884 relata)

681 2903 1012 2968 annalium
1053 2901 1377 2967 reddenda
1407 2905 1559 2966 sunt
1584 2901 1755 2967 libro
1784 2924 1957 2968 nono
1988 2901 2096 2989 (cf.
2125 2926 2290 2968 mus,
2318 2902 2523 2966 Rhen.
2550 2901 2611 2965 X
2640 2903 2770 2969 285
2800 2902 2983 2991 sqq).

854 3008 1035 3074 Haec
1082 3009 1303 3074 omnia
1331 3009 1432 3072 cui
1465 3009 1679 3073 sobrie
1710 3031 1785 3073 ac
1815 3009 2243 3094 probabiliter
2271 3009 2605 3092 disputata
2634 3031 2775 3075 esse
2804 3010 2979 3076 vide-

683 3117 954 3199 buntur,
999 3114 1302 3180 Rhabani
1331 3113 1573 3199 Mauri,
1621 3117 1676 3179 si
1717 3116 1816 3182 dis
1846 3117 2085 3201 placet,
2132 3117 2511 3181 testimonio
2540 3138 2673 3181 non
2702 3117 2982 3201 amplius

685 3223 868 3288 abuti
916 3221 1198 3288 audebit.
1266 3222 1376 3306 qui
1424 3222 1688 3287 omnino
1737 3223 1815 3287 de
1843 3223 2058 3288 Ennio
2106 3245 2185 3286 ne
2233 3224 2361 3307 γρῦ
2407 3223 2666 3307 quidem
2702 3225 2997 3288 testatus

683 3333 801 3395 est.
866 3328 1036 3412 quod
1092 3330 1310 3393 autem
1367 3327 1660 3393 additum
1707 3330 1775 3393 in
1823 3329 2288 3402 commentario
2337 3330 2475 3392 eius
2523 3351 2600 3393 ex
2646 3330 2983 3395 Diomedis

685 3439 825 3500 arte
915 3436 1241 3518 exscripto
1323 3439 1773 3518 praetextatae
1858 3436 2262 3511 nominibus·
2315 3436 2558 3521 legitur
2623 3436 2985 3521 Asm'canuS,

569 3624 577 3632 ⁶
685 3563 876 3627 posse
934 3540 1196 3625 quidem
1253 3542 1598 3625 aliquando
1653 3543 1780 3609 hoc
1827 3564 2079 3627 quoque
2123 3528 2318 3607 titulo
2366 3545 2845 3626 praetextatam
2888 3542 2981 3608 fa-

684 3649 908 3714 bulam
957 3670 996 3711 a
1041 3653 1236 3732 poeta
1282 3650 1498 3735 aliquo
1546 3651 1857 3734 scriptam
1906 3650 2107 3714 fuisse
2155 3650 2299 3733 quis
2345 3648 2580 3735 neget?
2643 3649 2755 3714 sed
2799 3654 2986 3715 tanta

685 3755 955 3820 licentia
999 3756 1070 3818 in
1117 3758 1436 3840 excerptis
1483 3758 1631 3821 istis
1679 3757 1917 3821 veteris
1957 3756 2371 3842 grammatici
2407 3778 2553 3820 cum
2582 3756 2739 3822 ordo
2769 3779 2985 3822 rerum

688 3862 995 3929 confusus
1042 3865 1182 3927 tum
1230 3864 1488 3949 singula
1532 3864 1735 3928 verba
1780 3863 2085 3927 mutilata
2111 3865 2365 3926 mutata
2392 3863 2789 3949 interpolata
2818 3869 2987 3950 sunt,

688 3973 762 4035 ut
833 3991 914 4033 ne
984 3969 1161 4034 istud
1224 3970 1483 4054 quidem
1547 3967 2059 4034 additamentum
2128 3968 2475 4054 quidquam
2539 3971 2690 4036 fidei
2754 3973 2987 4038 mereri

690 4078 1003 4142 videatur.
1067 4077 1194 4140 nisi
1251 4076 1448 4159 forte,
1503 4079 1576 4139 ut
1628 4097 1760 4140 uno
1818 4076 2110 4160 exemplo
2169 4076 2510 4162 defungar,
2565 4078 2679 4142 illa
2733 4099 2986 4161 quoque

694 4183 770 4247 de
826 4183 1145 4267 dramate,
1200 4202 1364 4266 quae
1409 4180 1748 4248 Diomedis
1805 4183 2049 4269 verbis,
2104 4183 2324 4267 qualia
2378 4182 2551 4267 apud
2593 4182 2880 4247 Keilium
2924 4204 2987 4265 p.

695 4292 851 4373 491,
905 4290 988 4354 14
1035 4288 1116 4354 ad
1163 4288 1456 4355 codicum
1499 4288 1691 4353 fidem
1742 4311 2049 4374 expressa
2098 4292 2277 4374 sunt,
2333 4289 2553 4354 addita
2600 4287 2770 4371 apud
2815 4286 2989 4351 Rha-
