3400 5075
1551 265 1822 319 Nov1vs
2435 259 2442 269 ‘
2709 255 2837 324 265

1474 421 1882 489 PAEDIVM

1590 537 1624 603 I
1670 535 1774 625 (3)

1908 651 2025 694 nec
2071 634 2377 713 umquam

613 812 621 822 ,
712 743 899 811 Vidit
943 731 1225 811 rostrum
1270 747 1340 811 in
1385 746 1721 830 tragoedia
1764 749 2021 812 tannim
2066 745 2197 812 Titi
2248 740 2641 832 [theatrum]

1578 861 1642 926 II
1720 864 1761 925 4

716 1029 731 1043 .
823 978 993 1062 quod
1041 999 1143 1042 res
1190 977 1290 1042 uis
1335 977 1509 1042 hiinc
1555 859 1800 1062 priu(ar)i
1845 978 2148 1062 pulchras
2196 998 2355 1061 quae
2402 972 2505 1041 uti
2547 976 2728 1041 solet.

1562 1093 1660 1157 III
1710 1091 1812 1180 (6)
2140 1169 2151 1174 a

588 1211 672 1274 70
719 1207 1082 1295 Stipparum
1110 1214 1344 1296 purtim
1373 1208 1778 1274 Melitensem
1824 1207 2118 1294 linteum,
2167 1205 2315 1297 [em]
2349 1209 2562 1275 escam
2594 1228 2837 1272 meram

1559 1324 1655 1389 IV
1705 1323 1805 1411 (5)

719 1440 1069 1506 Molueium
1117 1442 1442 1507 croc6tam
1488 1441 1870 1506 chiridotam
1919 1443 2118 1507 rieam
2164 1439 2441 1507 ricinum

679 1640 936 1687 Pfflmvu
975 1638 1227 1688 ‘Pedius’
1267 1637 1432 1701 uulgo
1457 1637 1856 1687 inscribebatur
1995 1639 2018 1687 I
2057 1638 2269 1687 Nonius
2293 1639 2410 1700 455,
2442 1639 2499 1686 14
2527 1642 2837 1688 ‘rostrum

540 1705 778 1756 hominis
822 1705 930 1754 dici
978 1722 1084 1754 non
1132 1706 1332 1755 debere
1382 1705 1720 1755 consuetudo
1769 1706 2144 1770 praesumpsit
2183 1745 2195 1756 .
2224 1749 2237 1759 .
2265 1741 2278 1753 .
2311 1705 2563 1756 Nonbis
2600 1706 2833 1755 Pedio:

541 1774 661 1823 nec‘
706 1789 751 1823 e.
780 1789 829 1836 q.
856 1790 898 1823 s.
935 1771 1004 1834 (N
1021 1774 1214 1822 ouius
1254 1773 1528 1822 Mercerus
1554 1774 1914 1837 Turpilius
1939 1773 2164 1833 Aldina)
2302 1772 2355 1821 11
2395 1774 2605 1824 Nonius
2629 1775 2745 1833 500,
2778 1775 2838 1822 16

543 1843 883 1906 ‘priuatur
918 1841 1069 1890 illam
1096 1857 1238 1893 rem.
1277 1857 1372 1904 pro
1399 1841 1498 1890 illa
1524 1858 1579 1891 re
1619 1845 1888 1904 priuatur.
1960 1841 2169 1890 Nouius
2195 1841 2420 1890 Pedio:
2462 1841 2626 1904 quod’
2653 1858 2699 1890 e.
2722 1857 2771 1905 q.
2794 1857 2836 1889 s.

543 1908 822 1971 (Poedio
864 1905 1079 1974 Bamb.)
1218 1909 1298 1958 111
1337 1909 1546 1958 Nonius
1584 1912 1702 1968 540,
1744 1912 1802 1958 ll
1849 1913 2240 1972 ‘supparum
2278 1914 2364 1958 est
2402 1909 2626 1958 linteum
2666 1909 2835 1958 femo-

543 1977 656 2026 rale
694 1991 867 2040 usqne
906 1977 973 2025 ad
1012 1975 1156 2026 talos
1195 1975 1469 2040 pendens,
1511 1977 1717 2026 dictum
1756 1976 1897 2041 quod
1932 1978 2128 2026 subtus
2166 1983 2450 2042 appareat.
2511 1977 2743 2027 Plautus
2781 1978 2839 2026 in

540 2041 798 2108 Epidico.
820 2081 833 2092 .
857 2081 869 2093 .
890 2044 1142 2093 Nouius
1166 2043 1401 2093 Pedio:
1430 2049 1752 2108 supparum’
1780 2061 1826 2095 e.
1855 2061 1903 2108 q.
1929 2060 1972 2094 s.
2009 2044 2283 2103 (Nouius
2313 2045 2397 2094 ed.
2426 2048 2555 2095 1480
2579 2045 2839 2095 Neuius

542 2113 737 2164 Bamb.
778 2112 904 2161 Par.
947 2114 989 2161 P
1037 2112 1335 2161 Naeuius
1371 2113 1542 2162 ceteri
1589 2112 1737 2172 libri)
1916 2113 1987 2161 [V
2027 2112 2236 2162 Nonius
2273 2115 2390 2170 539,
2428 2116 2494 2163 20
2519 2107 2695 2162 ‘rica
2734 2119 2834 2172 est,

545 2180 684 2243 quod
725 2195 824 2228 nos
860 2179 1137 2228 sudarium
1176 2179 1423 2232 dicimus.
1495 2180 1724 2229 Plautus
1772 2182 1828 2229 in
1866 2179 2152 2245 Epidico
2179 2216 2192 2230 .
2218 2218 2230 2230 .
2259 2216 2273 2229 .
2302 2219 2315 2233 .
2352 2180 2559 2231 Nouius
2597 2179 2833 2230 Pedio:

541 2246 896 2296 mollicinam'
935 2263 983 2296 e.
1014 2264 1064 2312 q.
1092 2264 1134 2297 a.
1205 2247 1352 2296 Idem
1380 2250 1496 2310 540,
1523 2251 1589 2298 23
1619 2242 2020 2298 ‘mollicina’
2059 2246 2207 2301 (fort.
2235 2246 2604 2310 molucium)
2641 2249 2840 2298 ‘uestis

545 2434 636 2482 aer
682 2431 899 2498 conici,
953 2430 1057 2484 sed
1098 2444 1250 2482 cerae
1308 2431 1643 2484 mentionem
1689 2431 1932 2484 ser-naui
1967 2434 2212 2499 propter
2262 2395 2454 2484 Titinii‘
2507 2447 2560 2488 u.
2615 2427 2734 2485 160
2785 2436 2839 2483 et

541 2515 712 2569 Attae
749 2513 823 2569 13
869 2513 952 2568 sol
999 2520 1247 2568 coruscat
1292 2499 1474 2568 aethra
1509 2513 1917 2582 Quieheratius
2084 2511 2247 2569 cebro
2292 2514 2448 2570 Leid.
2496 2514 2638 2570 Par.
2683 2513 2739 2568 P

545 2598 865 2671 catapultam
914 2598 1051 2671 pulit
1096 2598 1164 2651 W
1193 2616 1263 2652 m.
1296 2614 1390 2667 pr.
1564 2598 1640 2654 67
1689 2616 1772 2671 sq.
1822 2600 2168 2655 Dubitanter
2214 2600 2633 2655 Buecheler-um
2681 2600 2834 2655 Com'.

543 2684 668 2739 Lat:
717 2683 752 2738 3
786 2700 907 2755 sqq.
955 2689 1188 2738 secutus
1233 2699 1355 2738 sum
1526 2683 1658 2738 uidit
1690 2692 1929 2739 rostrum
1975 2682 2251 2756 tragoedia
2311 2692 2518 2739 tantum
2564 2684 2666 2738 Titi
2715 2679 2838 2753 (titi'

546 2770 686 2823 Pnr.
735 2768 787 2821 P
829 2767 933 2822 dici
990 2785 1089 2823 ms.
1139 2765 1345 2837 Mere.)
1386 2769 1521 2823 libri
1565 2767 1700 2822 uidit
1759 2777 2029 2838 rostrum,
2085 2769 2236 2839 Tite,
2283 2767 2560 2841 tragoedia
2606 2768 2838 2823 Tantum

545 2854 788 2907 Botkt'us
832 2859 1068 2907 rostrum
1104 2850 1237 2907 uidit
1270 2853 1397 2908 haec
1427 2861 1494 2908 tr.
1536 2852 1764 2907 Tantum
1797 2853 1899 2907 Titi
1935 2853 2224 2909 MunlciuS.
2282 2855 2424 2910 Olim
2458 2852 2565 2908 uidi
2598 2860 2837 2908 rostrum

546 2936 651 2991 ulla
710 2938 761 2991 in
825 2936 1096 3009 tragoedia
1155 2935 1385 2993 Tantum
1443 2937 1504 2992 T.
1566 2938 1659 2992 uel
1715 2939 2195 3009 transpositiones
2249 2940 2586 3003 uerborum,
2644 2953 2692 2993 e.
2754 2954 2836 2993 c..-

600 3066 612 3077 .
648 3064 659 3075 .
697 3038 795 3076 nec
840 3020 1087 3092 umquam
1135 3018 1266 3090 (uel.
1316 3038 1426 3076 nec—
1461 3038 1710 3093 uinquam
1759 3018 2062 3095 quisquam)
2120 3022 2256 3078 uidit
2300 3022 2352 3079 iu
2399 3023 2502 3077 Titi
2562 3020 2837 3094 tragoedia

548 3106 777 3160 Tantum
823 3113 1062 3160 rostrum
1121 3110 1212 3162 uel
1258 3124 1355 3161 nec
1413 3105 1662 3179 [iniqu-‘uu
1712 3114 1914 3161 tantuin
1964 3106 2096 3162 uidit
2154 3109 2204 3162 in
2260 3106 2534 3181 tragoedia
2582 3105 2838 3160 Rostrum

546 3190 651 3245 Titi
697 3191 1041 3260 temptabam
1213 3190 1316 3245 Titi
1365 3192 1444 3244 aa
1470 3190 1651 3245 Titinii
1697 3195 2025 3261 exemplum
2056 3195 2319 3247 omissum
2365 3191 2550 3260 refert
2599 3191 2839 3259 Quietae-

550 3278 738 3330 ratius
994 3275 1072 3330 69
1135 3282 1272 3348 quot
1327 3274 1658 3345 Stephanus
1704 3293 1812 3347 quo
1862 3285 1916 3330 tu
1966 3276 2208 3332 Baebius
2252 3276 2503 3348 quoniam
2553 3275 2842 3347 Berqlce‘us

547 3361 764 3414 αηηαὶἱ.
810 3360 1029 3430 philon.
1083 3360 1244 3417 1870
1294 3377 1353 3431 p.
1404 3358 1525 3415 827
1584 3359 1799 3431 quaudo
1849 3360 2264 3415 Buecheler-us.
2354 3360 2476 3430 Eyo
2521 3376 2660 3432 quor
2705 3358 2837 3413 «luas

548 3447 768 3500 conieci
939 3444 1080 3499 hunc
1136 3444 1287 3499 Leia.
1350 3444 1550 3499 Bamb.
1601 3444 1775 3500 Harl.
1836 3444 1975 3498 Pur.
2024 3444 2076 3498 P
2128 3445 2264 3499 hane
2308 3446 2491 3499 ceteri
2536 3444 2673 3498 libri

549 3538 607 3583 ut
657 3529 856 3583 Bamb.
907 3529 944 3582 ti
992 3528 1142 3584 Goth.
1297 3529 1314 3535 ⁴
1377 3528 1557 3583 solent
1604 3528 1756 3583 Colb.
1993 3528 2074 3584 70
2118 3528 2409 3601 subparum
2454 3529 2656 3583 Bamb.

547 3611 907 3682 Melitensem,
970 3619 1028 3668 ut
1083 3620 1247 3669 extat
1300 3617 1359 3667 in
1404 3631 1509 3685 my.
1557 3613 1739 3681 Iunii,
1802 3612 2223 3684 Mar-quardtus
2278 3614 2625 3684 antiquitate.
2674 3612 2835 3669 Rom.

566 3697 608 3749 V
662 3696 722 3765 2,
779 3695 858 3752 95
925 3696 1235 3753 belliensem
1293 3694 1625 3769 (pelliensem
1685 3696 1862 3766 Colb.)
1927 3698 2064 3752 libri
2122 3696 2374 3752 Veliense
2439 3713 2487 3752 s·
2545 3695 2839 3751 velenense

548 3780 826 3837 Muulcius
870 3779 1170 3836 Veliensem
1217 3784 1307 3837 nel
1352 3780 1650 3837 Velencnse
1689 3788 2014 3853 praeeunte
2044 3781 2235 3853 Lipsio
2267 3785 2431 3852 epist.
2478 3789 2699 3854 quaest.
2748 3780 2846 3836 IV

552 3865 650 3936 19,
697 3869 796 3938 qm·
840 3865 1107 3937 conferri
1149 3870 1309 3922 iussit
1341 3866 1624 3922 Isidorum
1656 3870 1796 3940 oriy.
1831 3866 1986 3921 XIX
2015 3864 2114 3937 22,
2153 3867 2226 3921 21
2278 3864 2612 3920 ‘velenensis
2660 3867 2841 3921 tunica

548 3958 630 4004 ost
676 3966 812 4021 quae
857 3949 1077 4004 affertur
1121 3966 1184 4005 ex
1229 3950 1444 4005 insulis'
1617 3950 1843 4005 linteum
1890 3950 2168 4007 Munlcius
2213 3950 2424 4005 interim
2467 3951 2602 4005 libri
2755 3965 2838 4003 em

550 4036 744 4089 addidi
788 4031 936 4109 (olim
981 4034 1094 4105 mi),
1142 4054 1246 4091 om.
1290 4036 1427 4090 libri
1594 4051 1800 4089 aeseam
1862 4036 1936 4089 W
1964 4034 2163 4109 wOscam
2209 4035 2468 4106 Lipsius.-
2512 4034 2590 4106 cs.
2655 4035 2840 4089 Varro

548 4121 619 4174 de
660 4122 698 4175 l.
745 4121 784 4174 1.
846 4117 897 4171 V
941 4119 1054 4173 131
1231 4136 1344 4175 cam
1395 4117 1545 4175 Colb.
1724 4136 1934 4173 ornnem
1982 4137 2155 4175 escam
2204 4136 2370 4174 meam
2420 4119 2695 4174 Munlce'us

551 4203 624 4258 71
679 4202 1001 4273 melacium,
1047 4208 1084 4259 i.
1130 4221 1178 4258 e.
1224 4197 1499 4277 μολόχιον
1545 4207 1636 4259 uel
1678 4197 1994 4276 μαλάχιον,
2039 4196 2329 4276 μαλάκιον
2371 4207 2599 4275 scripsi.
2667 4202 2839 4257 inolu-

549 4288 719 4342 cinam
754 4286 952 4341 Bamb.
985 4305 1046 4359 p.
1081 4287 1200 4345 539
1249 4288 1574 4344 mollicinam
1620 4292 1802 4344 ceteri
1844 4288 2204 4344 molochiniam
2238 4289 2495 4362 Guyetus
2539 4287 2838 4344 molit-inam
