3400 5075
674 314 801 367 XIV
1562 314 2090 369 COROLLARIVM

672 477 950 539 discutio
998 476 1224 539 differo
1275 527 1288 539 .
1328 527 1341 539 .
1389 477 1705 559 displiceo
1753 478 2017 559 disputo
2065 478 2366 559 disperdo
2423 481 2670 543 dissicio
2718 482 2966 545 dissero

671 583 965 645 distraho
1023 583 1318 645 disturbo
1375 584 1746 666 distorqueo
1802 586 2086 648 disier-tus
2143 585 2478 670 disiungo'
2529 589 2969 670 composuerit

673 713 818 753 cum
867 690 1176 753 ‘dissero’
1222 691 1415 753 verbo
1452 692 1718 764 dissicit),
1758 691 2161 773 separaverit
2199 714 2238 755 a
2273 692 2560 757 disiectus
2597 696 2967 777 participi0‚

672 797 973 860 omnibus
1024 801 1239 860 autem
1289 797 1600 878 exemplis
1648 797 1856 877 ipsius
1908 797 2085 859 verbi
2137 797 2453 879 simplicis
2501 806 2964 865 consonantem

672 904 991 966 initialem
1022 902 1393 979 servaverit,
1414 902 1697 984 incipere
1728 903 2074 985 compositi
2114 904 2361 965 dissicit)
2393 907 2660 970 verbum
2693 909 2966 990 simplex

673 1014 1065 1072 consonante
1123 1030 1155 1071 s
1202 1008 1375 1071 haud
1436 1008 1741 1091 ambigue
1805 1009 2177 1072 declaravit.
2262 1031 2414 1093 ergo
2479 1014 2838 1077 rectissime
2902 1016 2967 1078 in

674 1115 994 1199 glossario
1051 1115 1128 1177 A.
1185 1115 1316 1177 Mai
1378 1111 1580 1197 (auct.
1628 1116 1705 1177 el.
1754 1114 1912 1177 VIII
1970 1113 2128 1197 178)
2195 1116 2583 1197 explicatur:
2640 1122 2967 1197 ‘dissicera

670 1222 1050 1303 dissecare’,
1111 1224 1214 1283 sat
1272 1222 1462 1303 plane
1520 1220 1719 1283 etiam
1779 1220 1846 1282 in
1907 1220 2205 1283 Parisino
2257 1220 2682 1288 Hildebrandi
2731 1249 2789 1308 p.
2841 1228 2966 1289 112

670 1330 950 1405 ‘dissice,
1014 1350 1246 1410 separa
1305 1327 1580 1403 divide',
1641 1328 1855 1390 minus
1918 1328 2079 1389 bene
2142 1327 2208 1390 in
2270 1327 2582 1391 Bernensi
2631 1329 2681 1392 C
2729 1354 2786 1394 n.
2836 1334 2966 1395 224

670 1436 935 1512 ‘dissice,
973 1434 1327 1518 disperge'.
1388 1456 1594 1516 neque
1634 1434 1806 1496 enim
1845 1433 2186 1495 defuerunt
2224 1434 2392 1496 inter
2429 1440 2678 1499 veteres
2717 1438 2962 1501 littera-

671 1547 846 1605 tores
886 1541 993 1623 qui
1043 1542 1328 1603 dissicere
1372 1545 1438 1602 et
1482 1542 1733 1603 disicere
1778 1539 2258 1620 confunderent,
2304 1542 2459 1623 quia
2498 1543 2747 1605 scilicet
2784 1567 2823 1606 a
2868 1568 2960 1607 se-

672 1649 875 1711 cando
915 1648 1159 1709 factum
1198 1649 1496 1710 dissecare
1533 1648 1801 1709 verbum
1842 1647 2074 1709 extitit.
2128 1667 2318 1709 sceerc
2347 1652 2563 1711 autem
2592 1672 2721 1714 non
2751 1652 2960 1734 magis

671 1755 909 1819 mirum
956 1777 1096 1817 esse
1143 1777 1337 1837 quam
1388 1776 1614 1816 sonere
1661 1759 1885 1816 tonere
1934 1753 2177 1833 lavere,
2225 1753 2357 1816 alia
2405 1756 2638 1839 multa,
2686 1758 2841 1820 olim
2892 1755 2961 1822 C.

671 1861 740 1925 L.
791 1861 1215 1924 Schneiderus
1271 1881 1542 1943 gramm.
1591 1861 1700 1923 lat.
1749 1861 1930 1923 elem.
1987 1858 2048 1921 II
2107 1859 2235 1921 549
2305 1861 2652 1925 sanissimo
2721 1864 2958 1926 iudicio

673 1968 1018 2050 perspexit.
1077 1971 1141 2028 et
1179 1967 1261 2028 ab
1302 1965 1423 2027 hac
1472 1966 1887 2047 potissimum
1927 1966 2108 2028 verbi
2155 1966 2367 2029 forma
2405 1970 2770 2049 putaverim
2818 1974 2962 2032 orta

673 2095 814 2135 esse
860 2073 1083 2136 insicia
1122 2072 1221 2133 vel
1260 2072 1440 2133 isicia
1486 2074 1552 2132 et
1585 2074 1914 2151 pnvsicimn
1953 2078 2263 2136 extorum.
2326 2073 2712 2137 Accuratius
2759 2075 2962 2157 igitur

669 2180 911 2262 singuli
959 2179 1111 2257 loci,
1171 2178 1280 2239 ubi
1331 2177 1430 2240 vel
1477 2179 1760 2240 dissicere
1805 2179 1903 2241 vel
1951 2180 2203 2242 disicere
2247 2184 2628 2263 usurpatum
2678 2183 2803 2261 est,
2851 2202 2953 2242 ex-

670 2285 998 2349 aminandi
1040 2288 1232 2366 atque
1270 2283 1670 2346 discernendi
1712 2288 1886 2347 sunt:
1923 2308 2072 2348 nam
2115 2286 2416 2349 librarios
2456 2291 2957 2350 consentaneum

670 2396 769 2455 est
826 2392 1190 2475 promiscue
1247 2391 1435 2453 modo
1492 2389 1633 2469 hoc,
1682 2391 1872 2453 modo
1919 2391 2078 2454 illud
2135 2394 2447 2474 posuisse.
2522 2393 2955 2456 certissimum

671 2502 889 2562 autem
934 2498 1238 2562 Plautum
1287 2497 1355 2561 in
1403 2495 1789 2559 Curculione
1840 2519 1892 2559 v.
1939 2498 2072 2561 424
2121 2499 2490 2581 ‘clupeatus
2538 2499 2956 2582 elephantum

670 2606 779 2668 ubi
838 2605 1182 2668 machaera
1234 2605 1501 2667 dissicit'
1551 2604 1832 2666 dissecat
1887 2604 2177 2688 intellegi
2237 2606 2545 2687 voluisse,
2599 2629 2714 2669 nec
2776 2606 2956 2688 quid-

671 2735 866 2796 quam
907 2712 1104 2774 refert
1141 2713 1355 2773 utrum
1395 2710 1572 2792 illud,
1602 2714 1673 2771 ut
1700 2709 2097 2773 Ritschelius
2127 2711 2436 2793 enotavit,
2475 2733 2576 2793 an,
2614 2716 2688 2774 ut
2717 2711 2956 2773 Pareus

667 2823 974 2902 testatur,
1030 2819 1271 2882 clessicit
1325 2818 1392 2881 in
1448 2816 1665 2879 codice
1723 2816 1775 2879 B
1833 2819 2033 2898 extet,
2099 2817 2165 2881 in
2218 2841 2344 2901 quo
2403 2823 2574 2879 certe
2632 2818 2724 2880 nil
2781 2817 2955 2880 aliud

668 2928 830 2992 latet
873 2949 1067 3009 quam
1112 2926 1367 2988 (Iessea-it.
1431 2945 1637 3006 neque
1685 2922 1858 2985 enim
1905 2924 2289 2987 credendum
2336 2923 2536 2988 veteri
2586 2923 2957 3004 glossatori,

669 3034 803 3097 sive
854 3032 1117 3095 Verrius
1168 3031 1438 3094 Flaccus
1486 3029 1614 3092 fuit
1659 3030 1795 3093 sive
1844 3030 2040 3113 alius,
2099 3032 2209 3114 qui
2259 3036 2324 3094 et
2369 3031 2476 3094 hic
2525 3033 2591 3092 et
2636 3029 2808 3112 apud
2851 3028 2957 3090 Ti-

669 3140 903 3202 tinium
953 3161 1010 3202 v.
1060 3139 1173 3219 84,
1228 3137 1339 3199 ubi
1375 3157 1641 3218 pernam
1687 3141 1877 3199 totam
1922 3138 2158 3200 dissicit
2211 3137 2456 3201 conieci
2504 3136 2956 3220 corrigendum

670 3268 840 3328 esse,
894 3245 1098 3327 ‹libyi-t
1153 3249 1371 3308 extare
1425 3243 1736 3324 narravit.
1802 3247 2138 3324 praeterea
2195 3243 2453 3306 secandi
2508 3244 2841 3306 notionem
2889 3242 2956 3305 in

665 3354 768 3417 his
816 3374 1125 3436 agnosco:
1174 3351 1341 3433 apud
1386 3348 1748 3432 Vergilium
1796 3349 1864 3411 in
1904 3348 2187 3411 Aeneide
2227 3348 2352 3412 XII
2391 3349 2519 3411 308
2574 3349 2716 3411 ‘ille
2764 3348 2960 3410 semer-e?

667 3459 941 3524 Adversi
998 3459 1280 3522 frontem
1338 3456 1618 3520 mediam
1676 3459 2091 3537 mentumque
2149 3455 2411 3516 reducta
2465 3454 2788 3536 Dissicit'‚
2844 3453 2955 3516 ubi

665 3589 819 3631 sane
876 3588 951 3629 ex
1006 3564 1194 3628 libris
1250 3565 1410 3626 meis
1466 3560 1822 3626 DISIIOIT
1876 3561 1940 3625 P
1996 3558 2316 3624 DISICIT
2372 3560 2462 3624 M
2504 3581 2583 3623 m.
2629 3581 2733 3642 pr.
2769 3564 2848 3622 ‘ct
2899 3582 2958 3641 γ,

664 3671 1044 3736 DISGIDIT
1099 3673 1427 3754 glossema
1471 3669 1559 3753 R,
1612 3670 1852 3734 dissicit
1906 3669 2029 3731 soli
2085 3667 2444 3730 Beruenses
2492 3667 2568 3728 bc
2624 3666 2956 3730 exhibent:

666 3781 774 3842 sed
832 3780 1135 3842 ‘disicere
1193 3757 1433 3842 securi'
1489 3777 1632 3859 quis
1687 3799 1820 3840 non
1880 3775 2080 3837 sentit
2133 3797 2328 3856 quam
2390 3774 2479 3837 sit
2538 3772 2959 3855 perversum?

667 3907 820 3968 ergo
888 3885 969 3949 ad
1033 3884 1223 3949 huius
1292 3885 1569 3967 exempli
1645 3881 2140 3945 similitudinem
2214 3878 2511 3962 quamvis
2578 3880 2774 3962 paulo
2851 3901 2958 3942 au·

659 3992 881 4054 dacius
930 3996 995 4053 et
1051 3990 1246 4055 Silius
1293 3990 1385 4054 IX
1433 3991 1560 4052 538
1611 3987 1874 4070 scripsit
1916 3986 2197 4050 fortasse
2245 3983 2427 4071 (nam
2477 3989 2579 4048 est
2623 3986 2796 4068 quod
2842 3985 2952 4047 du-

663 4097 866 4184 bites)
927 4099 1171 4160 ‘dissice
1224 4098 1337 4160 telo
1406 4095 1710 4178 flagranti
1758 4145 1772 4157 .
1812 4144 1825 4156 .
1865 4144 1878 4157 .
1940 4092 2368 4177 Carthaginis
2433 4098 2646 4155 arces’
2708 4094 2773 4152 et
2828 4088 2954 4151 Va·

662 4206 859 4267 lerius
925 4203 1196 4266 Flaccus
1271 4201 1367 4264 III
1461 4202 1582 4264 162
1665 4201 2016 4264 secundum
2103 4199 2437 4262 (jarrionis
2522 4196 2807 4259 codicem
2892 4197 2957 4255 et

664 4309 1057 4372 Vaticanum
1106 4308 1157 4370 P
1210 4307 1479 4371 ‘dissicit
1533 4308 1797 4391 agmina
1849 4307 2084 4388 clam',
2144 4305 2252 4368 ubi
2314 4303 2537 4366 statim
2596 4299 2839 4362 securis
2889 4303 2956 4361 et
