<?xml version="1.0" encoding="UTF-8"?>
<!DOCTYPE html PUBLIC "-//W3C//DTD XHTML 1.0 Transitional//EN"
    "http://www.w3.org/TR/xhtml1/DTD/xhtml1-transitional.dtd">
<html xmlns="http://www.w3.org/1999/xhtml" xml:lang="en" lang="en">
 <head>
  <title>
</title>
<meta http-equiv="Content-Type" content="text/html;charset=utf-8" />
  <meta name='ocr-system' content='tesseract 3.04.00' />
  <meta name='ocr-capabilities' content='ocr_page ocr_carea ocr_par ocr_line ocrx_word'/>
</head>
<body>
  <div class='ocr_page' id='page_1' title='image "./comicorumromano00teregoog_0151.png"; bbox 0 0 3400 5075; ppageno 0'>
   <div class='ocr_carea' id='block_1_1' title="bbox 1365 294 2751 360">
    <p class='ocr_par' dir='ltr' id='par_1_1' title="bbox 1365 294 2751 360">
     <span class='ocr_line' id='line_1_1' title="bbox 1365 294 2751 360; baseline 0.012 -17"><span class='ocrx_word' id='word_1_1' title='bbox 1365 294 1474 348; x_wconf 89' lang='lat' dir='ltr'><strong>CN.</strong></span> <span class='ocrx_word' id='word_1_2' title='bbox 1512 296 1823 347; x_wconf 82' lang='lat' dir='ltr'>NAEVIVS</span> <span class='ocrx_word' id='word_1_3' title='bbox 2677 300 2751 360; x_wconf 83' lang='lat'><strong>13</strong></span> 
     </span>
    </p>
   </div>
   <div class='ocr_carea' id='block_1_2' title="bbox 634 444 2749 974">
    <p class='ocr_par' dir='ltr' id='par_1_2' title="bbox 634 444 2749 974">
     <span class='ocr_line' id='line_1_2' title="bbox 634 444 2264 535; baseline 0.006 -28"><span class='ocrx_word' id='word_1_4' title='bbox 634 444 821 508; x_wconf 83' lang='lat' dir='ltr'><strong>Hanc</strong></span> <span class='ocrx_word' id='word_1_5' title='bbox 869 446 1029 511; x_wconf 70' lang='lat' dir='ltr'><strong>{ideo</strong></span> <span class='ocrx_word' id='word_1_6' title='bbox 1076 448 1362 513; x_wconf 78' lang='lat' dir='ltr'><strong>efflictim</strong></span> <span class='ocrx_word' id='word_1_7' title='bbox 1412 454 1652 515; x_wconf 76' lang='lat' dir='ltr'><strong>amare:</strong></span> <span class='ocrx_word' id='word_1_8' title='bbox 1702 451 1809 515; x_wconf 89' lang='lat' dir='ltr'><strong>diu</strong></span> <span class='ocrx_word' id='word_1_9' title='bbox 1858 452 2041 515; x_wconf 70' lang='lat' dir='ltr'><strong>uiuat</strong></span> <span class='ocrx_word' id='word_1_10' title='bbox 2087 453 2264 535; x_wconf 85' lang='lat' dir='ltr'><strong>uoIO,</strong></span> 
     </span>
     <span class='ocr_line' id='line_1_3' title="bbox 637 559 1543 653; baseline 0.009 -32"><span class='ocrx_word' id='word_1_11' title='bbox 637 564 718 623; x_wconf 78' lang='lat' dir='ltr'><strong>vt</strong></span> <span class='ocrx_word' id='word_1_12' title='bbox 764 559 926 624; x_wconf 73' lang='lat' dir='ltr'><strong>mihi</strong></span> <span class='ocrx_word' id='word_1_13' title='bbox 973 564 1275 645; x_wconf 80' lang='lat' dir='ltr'>prodesse</span> <span class='ocrx_word' id='word_1_14' title='bbox 1307 566 1543 653; x_wconf 75' lang='lat' dir='ltr'><strong>possit.</strong></span> 
     </span>
     <span class='ocr_line' id='line_1_4' title="bbox 1494 677 1709 766; baseline 0.005 -23"><span class='ocrx_word' id='word_1_15' title='bbox 1494 680 1560 743; x_wconf 92' lang='lat' dir='ltr'><strong>II</strong></span> <span class='ocrx_word' id='word_1_16' title='bbox 1607 677 1709 766; x_wconf 88' lang='lat'><strong>(3)</strong></span> 
     </span>
     <span class='ocr_line' id='line_1_5' title="bbox 635 781 2749 878; baseline 0.002 -23"><span class='ocrx_word' id='word_1_17' title='bbox 635 789 822 855; x_wconf 76' lang='lat' dir='ltr'><strong>Vltro</strong></span> <span class='ocrx_word' id='word_1_18' title='bbox 879 797 1182 877; x_wconf 78' lang='lat' dir='ltr'><strong>meretur,</strong></span> <span class='ocrx_word' id='word_1_19' title='bbox 1239 781 1430 877; x_wconf 82' lang='lat' dir='ltr'><strong>quam</strong></span> <span class='ocrx_word' id='word_1_20' title='bbox 1479 796 1698 858; x_wconf 77' lang='lat' dir='ltr'><strong>obrem</strong></span> <span class='ocrx_word' id='word_1_21' title='bbox 1749 798 2022 858; x_wconf 79' lang='lat' dir='ltr'><strong>ametur:</strong></span> <span class='ocrx_word' id='word_1_22' title='bbox 2080 794 2174 858; x_wconf 78' lang='lat' dir='ltr'><strong>fta</strong></span> <span class='ocrx_word' id='word_1_23' title='bbox 2219 796 2551 878; x_wconf 72' lang='lat' dir='ltr'>dapsiliter</span> <span class='ocrx_word' id='word_1_24' title='bbox 2598 799 2749 861; x_wconf 77' lang='lat' dir='ltr'><strong>suos</strong></span> 
     </span>
     <span class='ocr_line' id='line_1_6' title="bbox 1736 932 1976 974; baseline 0 -1"><span class='ocrx_word' id='word_1_25' title='bbox 1736 932 1976 974; x_wconf 78' lang='lat' dir='ltr'><strong>amicos</strong></span> 
     </span>
    </p>
   </div>
   <div class='ocr_carea' id='block_1_3' title="bbox 494 993 2744 2277">
    <p class='ocr_par' dir='ltr' id='par_1_3' title="bbox 494 993 2744 2277">
     <span class='ocr_line' id='line_1_7' title="bbox 499 993 788 1058; baseline 0.007 -2"><span class='ocrx_word' id='word_1_26' title='bbox 499 994 586 1056; x_wconf 89' lang='grc'><strong>40</strong></span> <span class='ocrx_word' id='word_1_27' title='bbox 630 993 788 1058; x_wconf 77' lang='lat' dir='ltr'><strong>Alit.</strong></span> 
     </span>
     <span class='ocr_line' id='line_1_8' title="bbox 1475 1110 1724 1199; baseline 0.008 -24"><span class='ocrx_word' id='word_1_28' title='bbox 1475 1113 1573 1177; x_wconf 93' lang='grc' dir='ltr'><strong>ΙΙΙ</strong></span> <span class='ocrx_word' id='word_1_29' title='bbox 1621 1110 1724 1199; x_wconf 84' lang='grc'><strong>(9)</strong></span> 
     </span>
     <span class='ocr_line' id='line_1_9' title="bbox 630 1223 2337 1310; baseline 0.002 -23"><span class='ocrx_word' id='word_1_30' title='bbox 630 1223 905 1308; x_wconf 71' lang='lat' dir='ltr'><strong>Riualis,</strong></span> <span class='ocrx_word' id='word_1_31' title='bbox 954 1227 1149 1289; x_wconf 86' lang='lat' dir='ltr'><strong>salue.</strong></span> <span class='ocrx_word' id='word_1_32' title='bbox 1248 1232 1280 1304; x_wconf 82' lang='grc' dir='ltr'><strong>[Γ</strong></span> <span class='ocrx_word' id='word_1_33' title='bbox 1327 1226 1480 1310; x_wconf 78' lang='lat' dir='ltr'><strong>quid</strong></span> <span class='ocrx_word' id='word_1_34' title='bbox 1530 1228 1806 1292; x_wconf 70' lang='lat' dir='ltr'><strong>‘salue&#39;P</strong></span> <span class='ocrx_word' id='word_1_35' title='bbox 1854 1232 2023 1292; x_wconf 77' lang='lat' dir='ltr'><strong>attat</strong></span> <span class='ocrx_word' id='word_1_36' title='bbox 2068 1230 2337 1292; x_wconf 63' lang='lat' dir='ltr'><strong>attatae!</strong></span> 
     </span>
     <span class='ocr_line' id='line_1_10' title="bbox 631 1340 2505 1414; baseline 0.002 -12"><span class='ocrx_word' id='word_1_37' title='bbox 631 1340 664 1412; x_wconf 76' lang='lat' dir='ltr'><strong>fl&#39;</strong></span> <span class='ocrx_word' id='word_1_38' title='bbox 709 1340 876 1414; x_wconf 81' lang='lat' dir='ltr'><strong>Quid</strong></span> <span class='ocrx_word' id='word_1_39' title='bbox 922 1340 1092 1404; x_wconf 74' lang='lat' dir='ltr'><strong>istud</strong></span> <span class='ocrx_word' id='word_1_40' title='bbox 1140 1364 1294 1405; x_wconf 80' lang='lat' dir='ltr'><strong>uero</strong></span> <span class='ocrx_word' id='word_1_41' title='bbox 1344 1346 1604 1406; x_wconf 74' lang='lat' dir='ltr'><strong>‘atatae’</strong></span> <span class='ocrx_word' id='word_1_42' title='bbox 1657 1347 1721 1407; x_wconf 78' lang='lat' dir='ltr'><strong>tc</strong></span> <span class='ocrx_word' id='word_1_43' title='bbox 1769 1343 2103 1407; x_wconf 67' lang='lat' dir='ltr'><strong>aduertisti</strong></span> <span class='ocrx_word' id='word_1_44' title='bbox 2152 1344 2286 1406; x_wconf 69' lang='lat' dir='ltr'><strong>tam</strong></span> <span class='ocrx_word' id='word_1_45' title='bbox 2334 1343 2505 1407; x_wconf 76' lang='lat' dir='ltr'><strong>cito?</strong></span> 
     </span>
     <span class='ocr_line' id='line_1_11' title="bbox 1479 1464 1725 1553; baseline 0.008 -23"><span class='ocrx_word' id='word_1_46' title='bbox 1479 1466 1574 1532; x_wconf 89' lang='lat' dir='ltr'><strong>IV</strong></span> <span class='ocrx_word' id='word_1_47' title='bbox 1622 1464 1725 1553; x_wconf 86' lang='lat'><strong>(5)</strong></span> 
     </span>
     <span class='ocr_line' id='line_1_12' title="bbox 636 1581 2328 1645; baseline 0.001 -3"><span class='ocrx_word' id='word_1_48' title='bbox 636 1630 930 1643; x_wconf 91' lang='grc'><strong>.....</strong></span> <span class='ocrx_word' id='word_1_49' title='bbox 989 1581 1236 1644; x_wconf 79' lang='lat' dir='ltr'><strong>utinam</strong></span> <span class='ocrx_word' id='word_1_50' title='bbox 1286 1603 1515 1645; x_wconf 82' lang='lat' dir='ltr'><strong>nasum</strong></span> <span class='ocrx_word' id='word_1_51' title='bbox 1562 1582 1937 1645; x_wconf 66' lang='lat' dir='ltr'><strong>abstulisset</strong></span> <span class='ocrx_word' id='word_1_52' title='bbox 1982 1582 2328 1645; x_wconf 77' lang='lat' dir='ltr'><strong>mordicus!</strong></span> 
     </span>
     <span class='ocr_line' id='line_1_13' title="bbox 1494 1702 1707 1791; baseline 0.005 -1"><span class='ocrx_word' id='word_1_53' title='bbox 1494 1704 1555 1770; x_wconf 87' lang='lat' dir='ltr'><strong>V</strong></span> <span class='ocrx_word' id='word_1_54' title='bbox 1604 1702 1707 1791; x_wconf 81' lang='lat'><strong>(7)</strong></span> 
     </span>
     <span class='ocr_line' id='line_1_14' title="bbox 629 1816 2744 1904; baseline 0 -23"><span class='ocrx_word' id='word_1_55' title='bbox 629 1816 801 1882; x_wconf 74' lang='lat' dir='ltr'><strong>Num</strong></span> <span class='ocrx_word' id='word_1_56' title='bbox 835 1816 930 1904; x_wconf 79' lang='lat' dir='ltr'><strong>[tu</strong></span> <span class='ocrx_word' id='word_1_57' title='bbox 960 1841 1095 1883; x_wconf 91' lang='lat' dir='ltr'><strong>non</strong></span> <span class='ocrx_word' id='word_1_58' title='bbox 1128 1820 1225 1883; x_wconf 84' lang='lat' dir='ltr'><strong>uis</strong></span> <span class='ocrx_word' id='word_1_59' title='bbox 1254 1822 1552 1884; x_wconf 76' lang='lat' dir='ltr'><strong>moneam</strong></span> <span class='ocrx_word' id='word_1_60' title='bbox 1582 1824 1647 1883; x_wconf 73' lang='lat' dir='ltr'><strong>te</strong></span> <span class='ocrx_word' id='word_1_61' title='bbox 1679 1842 1907 1901; x_wconf 88' lang='lat' dir='ltr'><strong>unum,</strong></span> <span class='ocrx_word' id='word_1_62' title='bbox 1937 1818 1996 1882; x_wconf 78' lang='lat' dir='ltr'><strong>si</strong></span> <span class='ocrx_word' id='word_1_63' title='bbox 2024 1816 2326 1904; x_wconf 77' lang='lat' dir='ltr'><strong>uidetur‚]</strong></span> <span class='ocrx_word' id='word_1_64' title='bbox 2368 1818 2744 1904; x_wconf 74' lang='lat' dir='ltr'><strong>quippiam?</strong></span> 
     </span>
     <span class='ocr_line' id='line_1_15' title="bbox 1478 1950 2649 2048; baseline 0.003 -22"><span class='ocrx_word' id='word_1_65' title='bbox 1478 1961 1571 2027; x_wconf 82' lang='lat' dir='ltr'><strong>vl</strong></span> <span class='ocrx_word' id='word_1_66' title='bbox 1619 1959 1722 2048; x_wconf 88' lang='lat'><strong>(6)</strong></span> <span class='ocrx_word' id='word_1_67' title='bbox 2643 1950 2649 1954; x_wconf 76' lang='grc'><strong><em>’</em></strong></span> 
     </span>
     <span class='ocr_line' id='line_1_16' title="bbox 494 2072 1641 2141; baseline 0.004 -5"><span class='ocrx_word' id='word_1_68' title='bbox 494 2073 579 2137; x_wconf 81' lang='lat'><strong>45</strong></span> <span class='ocrx_word' id='word_1_69' title='bbox 626 2072 839 2138; x_wconf 76' lang='lat' dir='ltr'><strong>Nimis</strong></span> <span class='ocrx_word' id='word_1_70' title='bbox 893 2076 1087 2140; x_wconf 90' lang='lat' dir='ltr'><strong>homo</strong></span> <span class='ocrx_word' id='word_1_71' title='bbox 1134 2074 1641 2141; x_wconf 75' lang='lat' dir='ltr'><strong>formidulosust.</strong></span> 
     </span>
     <span class='ocr_line' id='line_1_17' title="bbox 1432 2189 1757 2277; baseline -0.003 -23"><span class='ocrx_word' id='word_1_72' title='bbox 1432 2191 1558 2275; x_wconf 70' lang='lat' dir='ltr'><strong>VII</strong></span> <span class='ocrx_word' id='word_1_73' title='bbox 1609 2189 1757 2277; x_wconf 85' lang='lat'>(10)</span> 
     </span>
    </p>
   </div>
   <div class='ocr_carea' id='block_1_4' title="bbox 627 2302 2041 2457">
    <p class='ocr_par' dir='ltr' id='par_1_4' title="bbox 627 2302 2041 2457">
     <span class='ocr_line' id='line_1_18' title="bbox 1731 2302 2041 2389; baseline -0.006 -19"><span class='ocrx_word' id='word_1_74' title='bbox 1731 2302 1829 2389; x_wconf 78' lang='lat' dir='ltr'><strong>st&#39;,</strong></span> <span class='ocrx_word' id='word_1_75' title='bbox 1874 2309 2041 2387; x_wconf 77' lang='lat' dir='ltr'><strong>tace,</strong></span> 
     </span>
     <span class='ocr_line' id='line_1_19' title="bbox 627 2391 1353 2457; baseline 0.001 -1"><span class='ocrx_word' id='word_1_76' title='bbox 627 2391 798 2456; x_wconf 82' lang='lat' dir='ltr'><strong>Caue</strong></span> <span class='ocrx_word' id='word_1_77' title='bbox 846 2394 1115 2456; x_wconf 61' lang='lat' dir='ltr'><strong>uerbum</strong></span> <span class='ocrx_word' id='word_1_78' title='bbox 1163 2395 1353 2457; x_wconf 83' lang='lat' dir='ltr'><strong>faxis!</strong></span> 
     </span>
    </p>
   </div>
   <div class='ocr_carea' id='block_1_5' title="bbox 443 2565 2743 3124">
    <p class='ocr_par' dir='ltr' id='par_1_5' title="bbox 448 2565 2743 2654">
     <span class='ocr_line' id='line_1_20' title="bbox 448 2565 2743 2654; baseline 0.003 -20"><span class='ocrx_word' id='word_1_79' title='bbox 448 2586 755 2636; x_wconf 84' lang='lat' dir='ltr'><strong>donicum</strong></span> <span class='ocrx_word' id='word_1_80' title='bbox 795 2581 1198 2653; x_wconf 50' lang='lat' dir='ltr'><strong>affligatur?</strong></span> <span class='ocrx_word' id='word_1_81' title='bbox 1271 2589 1424 2638; x_wconf 76' lang='lat' dir='ltr'><strong>Haec</strong></span> <span class='ocrx_word' id='word_1_82' title='bbox 1450 2594 1632 2638; x_wconf 82' lang='lat' dir='ltr'><strong>autem</strong></span> <span class='ocrx_word' id='word_1_83' title='bbox 1658 2604 1765 2638; x_wconf 88' lang='lat' dir='ltr'><strong>non</strong></span> <span class='ocrx_word' id='word_1_84' title='bbox 1792 2565 2159 2652; x_wconf 80' lang='lat' dir='ltr'><strong>grammatici,</strong></span> <span class='ocrx_word' id='word_1_85' title='bbox 2199 2587 2294 2638; x_wconf 75' lang='lat' dir='ltr'><strong>sod</strong></span> <span class='ocrx_word' id='word_1_86' title='bbox 2333 2592 2530 2652; x_wconf 79' lang='lat' dir='ltr'><strong>poetae</strong></span> <span class='ocrx_word' id='word_1_87' title='bbox 2566 2592 2743 2654; x_wconf 73' lang='lat' dir='ltr'><strong>ignoti</strong></span> 
     </span>
    </p>

    <p class='ocr_par' dir='ltr' id='par_1_6' title="bbox 447 2655 2743 2855">
     <span class='ocr_line' id='line_1_21' title="bbox 447 2655 2743 2721; baseline 0.001 -18"><span class='ocrx_word' id='word_1_88' title='bbox 447 2656 618 2704; x_wconf 82' lang='lat' dir='ltr'><strong>verba</strong></span> <span class='ocrx_word' id='word_1_89' title='bbox 642 2669 763 2704; x_wconf 83' lang='lat' dir='ltr'><strong>esso</strong></span> <span class='ocrx_word' id='word_1_90' title='bbox 792 2657 1031 2705; x_wconf 81' lang='lat' dir='ltr'><strong>coniecit</strong></span> <span class='ocrx_word' id='word_1_91' title='bbox 1055 2655 1393 2706; x_wconf 79' lang='lat' dir='ltr'><strong>Ritsehelius</strong></span> <span class='ocrx_word' id='word_1_92' title='bbox 1419 2672 1604 2721; x_wconf 84' lang='lat' dir='ltr'><strong>opusc.</strong></span> <span class='ocrx_word' id='word_1_93' title='bbox 1630 2657 1683 2707; x_wconf 90' lang='lat'><strong>11</strong></span> <span class='ocrx_word' id='word_1_94' title='bbox 1709 2659 1836 2706; x_wconf 81' lang='grc'><strong>241·</strong></span> <span class='ocrx_word' id='word_1_95' title='bbox 1880 2656 2009 2706; x_wconf 82' lang='lat' dir='ltr'><strong>uide</strong></span> <span class='ocrx_word' id='word_1_96' title='bbox 2041 2657 2186 2704; x_wconf 83' lang='lat' dir='ltr'><strong>infra</strong></span> <span class='ocrx_word' id='word_1_97' title='bbox 2206 2655 2337 2720; x_wconf 83' lang='lat' dir='ltr'><strong>pall.</strong></span> <span class='ocrx_word' id='word_1_98' title='bbox 2360 2658 2465 2709; x_wconf 81' lang='lat' dir='ltr'><strong>inc.</strong></span> <span class='ocrx_word' id='word_1_99' title='bbox 2490 2658 2552 2706; x_wconf 84' lang='lat' dir='ltr'><strong>fr.</strong></span> <span class='ocrx_word' id='word_1_100' title='bbox 2573 2657 2743 2709; x_wconf 82' lang='lat' dir='ltr'><strong>LVII.</strong></span> 
     </span>
     <span class='ocr_line' id='line_1_22' title="bbox 547 2714 2738 2804; baseline 0.002 -33"><span class='ocrx_word' id='word_1_101' title='bbox 547 2721 601 2771; x_wconf 92' lang='lat'><strong>11</strong></span> <span class='ocrx_word' id='word_1_102' title='bbox 630 2720 917 2773; x_wconf 77' lang='lat' dir='ltr'>Charisius</span> <span class='ocrx_word' id='word_1_103' title='bbox 942 2723 999 2773; x_wconf 94' lang='lat'><strong>11</strong></span> <span class='ocrx_word' id='word_1_104' title='bbox 1025 2725 1188 2787; x_wconf 82' lang='lat' dir='ltr'><strong>p.1·18</strong></span> <span class='ocrx_word' id='word_1_105' title='bbox 1207 2723 1265 2777; x_wconf 99' lang='lat' dir='ltr'><strong>P.</strong></span> <span class='ocrx_word' id='word_1_106' title='bbox 1288 2714 1974 2804; x_wconf 78' lang='lat' dir='ltr'><strong>‘dapsiliterNaeuius</strong></span> <span class='ocrx_word' id='word_1_107' title='bbox 1960 2738 2015 2772; x_wconf 90' lang='grc' dir='ltr'><strong>ιιι</strong></span> <span class='ocrx_word' id='word_1_108' title='bbox 2029 2722 2366 2772; x_wconf 79' lang='lat' dir='ltr'><strong>Corollaria.</strong></span> <span class='ocrx_word' id='word_1_109' title='bbox 2398 2716 2557 2773; x_wconf 84' lang='lat' dir='ltr'><strong>ultro’</strong></span> <span class='ocrx_word' id='word_1_110' title='bbox 2573 2740 2617 2773; x_wconf 82' lang='lat' dir='ltr'><strong>e.</strong></span> <span class='ocrx_word' id='word_1_111' title='bbox 2633 2741 2682 2789; x_wconf 90' lang='lat' dir='ltr'><strong>q.</strong></span> <span class='ocrx_word' id='word_1_112' title='bbox 2699 2741 2738 2804; x_wconf 74' lang='lat'><strong>“³;</strong></span> 
     </span>
     <span class='ocr_line' id='line_1_23' title="bbox 549 2783 2691 2855; baseline 0.001 -17"><span class='ocrx_word' id='word_1_113' title='bbox 549 2788 632 2838; x_wconf 90' lang='lat'><strong>111</strong></span> <span class='ocrx_word' id='word_1_114' title='bbox 659 2789 947 2841; x_wconf 78' lang='lat' dir='ltr'>Charisius</span> <span class='ocrx_word' id='word_1_115' title='bbox 971 2791 1027 2840; x_wconf 93' lang='lat'><strong>11</strong></span> <span class='ocrx_word' id='word_1_116' title='bbox 1054 2807 1103 2855; x_wconf 88' lang='lat' dir='ltr'><strong>p.</strong></span> <span class='ocrx_word' id='word_1_117' title='bbox 1129 2793 1229 2839; x_wconf 82' lang='lat'><strong>214</strong></span> <span class='ocrx_word' id='word_1_118' title='bbox 1257 2791 1315 2840; x_wconf 84' lang='lat' dir='ltr'><strong>P.</strong></span> <span class='ocrx_word' id='word_1_119' title='bbox 1336 2783 1657 2842; x_wconf 80' lang='lat' dir='ltr'><strong>attattat</strong></span> <span class='ocrx_word' id='word_1_120' title='bbox 1683 2796 1956 2841; x_wconf 80' lang='lat' dir='ltr'><strong>attatae</strong></span> <span class='ocrx_word' id='word_1_121' title='bbox 1983 2792 2268 2840; x_wconf 74' lang='lat' dir='ltr'><strong>Naeuius·</strong></span> <span class='ocrx_word' id='word_1_122' title='bbox 2253 2806 2309 2840; x_wconf 83' lang='grc' dir='ltr'><strong>ιιι</strong></span> <span class='ocrx_word' id='word_1_123' title='bbox 2332 2789 2691 2846; x_wconf 78' lang='lat' dir='ltr'><strong>Corollaria..</strong></span> 
     </span>
    </p>

    <p class='ocr_par' dir='ltr' id='par_1_7' title="bbox 445 2852 2661 2923">
     <span class='ocr_line' id='line_1_24' title="bbox 445 2852 2661 2923; baseline 0.002 -20"><span class='ocrx_word' id='word_1_124' title='bbox 445 2855 517 2905; x_wconf 79' lang='lat' dir='ltr'><strong>cf.</strong></span> <span class='ocrx_word' id='word_1_125' title='bbox 535 2856 847 2907; x_wconf 78' lang='lat' dir='ltr'><strong>Tarentilla</strong></span> <span class='ocrx_word' id='word_1_126' title='bbox 876 2858 939 2907; x_wconf 86' lang='lat' dir='ltr'><strong>fr.</strong></span> <span class='ocrx_word' id='word_1_127' title='bbox 974 2857 1036 2912; x_wconf 89' lang='lat' dir='ltr'>V</span> <span class='ocrx_word' id='word_1_128' title='bbox 1176 2859 1251 2908; x_wconf 85' lang='lat' dir='ltr'><strong>lv</strong></span> <span class='ocrx_word' id='word_1_129' title='bbox 1290 2857 1574 2909; x_wconf 79' lang='lat' dir='ltr'><strong>Charisius</strong></span> <span class='ocrx_word' id='word_1_130' title='bbox 1601 2859 1654 2909; x_wconf 91' lang='lat'><strong>11</strong></span> <span class='ocrx_word' id='word_1_131' title='bbox 1694 2875 1747 2923; x_wconf 90' lang='lat' dir='ltr'><strong>p.</strong></span> <span class='ocrx_word' id='word_1_132' title='bbox 1777 2860 1873 2907; x_wconf 84' lang='lat'><strong>184</strong></span> <span class='ocrx_word' id='word_1_133' title='bbox 1896 2857 1959 2912; x_wconf 91' lang='lat' dir='ltr'><strong>P.</strong></span> <span class='ocrx_word' id='word_1_134' title='bbox 1992 2852 2345 2908; x_wconf 83' lang='lat' dir='ltr'><strong>‘mordicus</strong></span> <span class='ocrx_word' id='word_1_135' title='bbox 2368 2859 2661 2908; x_wconf 82' lang='lat' dir='ltr'><strong>Afranius.</strong></span> 
     </span>
    </p>

    <p class='ocr_par' dir='ltr' id='par_1_8' title="bbox 445 2917 2738 2989">
     <span class='ocr_line' id='line_1_25' title="bbox 445 2917 2738 2989; baseline 0.003 -19"><span class='ocrx_word' id='word_1_136' title='bbox 445 2922 729 2972; x_wconf 75' lang='lat' dir='ltr'><strong>Naeuius·</strong></span> <span class='ocrx_word' id='word_1_137' title='bbox 714 2939 770 2973; x_wconf 90' lang='grc' dir='ltr'><strong>ιιι</strong></span> <span class='ocrx_word' id='word_1_138' title='bbox 797 2923 1163 2975; x_wconf 82' lang='lat' dir='ltr'><strong>Corollaria..</strong></span> <span class='ocrx_word' id='word_1_139' title='bbox 1192 2917 1207 2936; x_wconf 79' lang='lat'>¹</span> <span class='ocrx_word' id='word_1_140' title='bbox 1313 2928 1360 2977; x_wconf 93' lang='lat' dir='ltr'>V</span> <span class='ocrx_word' id='word_1_141' title='bbox 1399 2925 1685 2976; x_wconf 83' lang='lat' dir='ltr'><strong>Charisius</strong></span> <span class='ocrx_word' id='word_1_142' title='bbox 1711 2926 1767 2976; x_wconf 91' lang='lat'><strong>11</strong></span> <span class='ocrx_word' id='word_1_143' title='bbox 1804 2941 1852 2989; x_wconf 87' lang='lat' dir='ltr'><strong>p</strong></span> <span class='ocrx_word' id='word_1_144' title='bbox 1882 2928 1976 2976; x_wconf 78' lang='lat'><strong>192</strong></span> <span class='ocrx_word' id='word_1_145' title='bbox 2002 2918 2107 2976; x_wconf 89' lang='grc' dir='ltr'><strong>Ρ.</strong></span> <span class='ocrx_word' id='word_1_146' title='bbox 2118 2926 2468 2989; x_wconf 80' lang='lat' dir='ltr'><strong>quippiam</strong></span> <span class='ocrx_word' id='word_1_147' title='bbox 2492 2926 2738 2977; x_wconf 77' lang='lat' dir='ltr'><strong>Naeuius</strong></span> 
     </span>
    </p>

    <p class='ocr_par' dir='ltr' id='par_1_9' title="bbox 443 2983 2738 3058">
     <span class='ocr_line' id='line_1_26' title="bbox 443 2983 2738 3058; baseline 0.002 -20"><span class='ocrx_word' id='word_1_148' title='bbox 443 2989 501 3038; x_wconf 87' lang='lat' dir='ltr'><strong>iu</strong></span> <span class='ocrx_word' id='word_1_149' title='bbox 520 2989 879 3041; x_wconf 82' lang='lat' dir='ltr'><strong>Corollaria..</strong></span> <span class='ocrx_word' id='word_1_150' title='bbox 911 2983 1384 3054; x_wconf 80' lang='lat' dir='ltr'><strong>’(Tarentilla</strong></span> <span class='ocrx_word' id='word_1_151' title='bbox 1411 2994 1493 3046; x_wconf 79' lang='lat' dir='ltr'><strong>ed.</strong></span> <span class='ocrx_word' id='word_1_152' title='bbox 1524 2989 1625 3058; x_wconf 85' lang='lat' dir='ltr'><strong>pr.)</strong></span> <span class='ocrx_word' id='word_1_153' title='bbox 1732 2994 1807 3042; x_wconf 94' lang='lat' dir='ltr'><strong>VI</strong></span> <span class='ocrx_word' id='word_1_154' title='bbox 1845 2993 2131 3043; x_wconf 79' lang='lat' dir='ltr'><strong>Charisius</strong></span> <span class='ocrx_word' id='word_1_155' title='bbox 2159 2994 2213 3043; x_wconf 91' lang='lat'><strong>11</strong></span> <span class='ocrx_word' id='word_1_156' title='bbox 2239 3009 2289 3056; x_wconf 83' lang='lat' dir='ltr'><strong>p.</strong></span> <span class='ocrx_word' id='word_1_157' title='bbox 2319 2996 2413 3043; x_wconf 82' lang='lat'><strong>186</strong></span> <span class='ocrx_word' id='word_1_158' title='bbox 2440 2986 2532 3046; x_wconf 90' lang='lat' dir='ltr'><strong>P.</strong></span> <span class='ocrx_word' id='word_1_159' title='bbox 2542 2994 2738 3042; x_wconf 83' lang='lat' dir='ltr'><strong>nimis</strong></span> 
     </span>
    </p>

    <p class='ocr_par' dir='ltr' id='par_1_10' title="bbox 445 3027 2738 3124">
     <span class='ocr_line' id='line_1_27' title="bbox 445 3027 2738 3124; baseline 0.002 -18"><span class='ocrx_word' id='word_1_160' title='bbox 445 3056 691 3108; x_wconf 81' lang='lat' dir='ltr'><strong>Naeuius</strong></span> <span class='ocrx_word' id='word_1_161' title='bbox 737 3096 747 3107; x_wconf 93' lang='lat'><strong>.</strong></span> <span class='ocrx_word' id='word_1_162' title='bbox 787 3099 797 3108; x_wconf 90' lang='lat'><strong>.</strong></span> <span class='ocrx_word' id='word_1_163' title='bbox 836 3096 848 3108; x_wconf 93' lang='lat'><strong>.</strong></span> <span class='ocrx_word' id='word_1_164' title='bbox 895 3027 1041 3109; x_wconf 82' lang='lat' dir='ltr'><strong>idem</strong></span> <span class='ocrx_word' id='word_1_165' title='bbox 1086 3061 1143 3109; x_wconf 85' lang='lat' dir='ltr'><strong>in</strong></span> <span class='ocrx_word' id='word_1_166' title='bbox 1188 3059 1524 3113; x_wconf 81' lang='lat' dir='ltr'><strong>Corollaria:</strong></span> <span class='ocrx_word' id='word_1_167' title='bbox 1572 3051 1749 3110; x_wconf 83' lang='lat' dir='ltr'><strong>nimis&#39;</strong></span> <span class='ocrx_word' id='word_1_168' title='bbox 1799 3076 1844 3111; x_wconf 79' lang='lat' dir='ltr'><strong>e.</strong></span> <span class='ocrx_word' id='word_1_169' title='bbox 1891 3076 1942 3124; x_wconf 91' lang='lat' dir='ltr'><strong>q.</strong></span> <span class='ocrx_word' id='word_1_170' title='bbox 1986 3076 2030 3114; x_wconf 81' lang='lat' dir='ltr'><strong>s.</strong></span> <span class='ocrx_word' id='word_1_171' title='bbox 2205 3062 2307 3113; x_wconf 84' lang='lat' dir='ltr'><strong>vll</strong></span> <span class='ocrx_word' id='word_1_172' title='bbox 2353 3053 2640 3111; x_wconf 84' lang='lat' dir='ltr'><strong>Charisius</strong></span> <span class='ocrx_word' id='word_1_173' title='bbox 2683 3060 2738 3111; x_wconf 93' lang='lat'><strong>11</strong></span> 
     </span>
    </p>
   </div>
   <div class='ocr_carea' id='block_1_6' title="bbox 529 3171 684 3177">
    <p class='ocr_par' dir='ltr' id='par_1_11' title="bbox 529 3171 684 3177">
     <span class='ocr_line' id='line_1_28' title="bbox 529 3171 684 3177; baseline 0 0"><span class='ocrx_word' id='word_1_174' title='bbox 529 3171 684 3177; x_wconf 95' lang='lat' dir='ltr'><strong> </strong></span> 
     </span>
    </p>
   </div>
   <div class='ocr_carea' id='block_1_7' title="bbox 691 3172 864 3180">
    <p class='ocr_par' dir='ltr' id='par_1_12' title="bbox 691 3172 864 3180">
     <span class='ocr_line' id='line_1_29' title="bbox 691 3172 864 3180; baseline 0 0"><span class='ocrx_word' id='word_1_175' title='bbox 691 3172 864 3180; x_wconf 95' lang='lat' dir='ltr'><strong> </strong></span> 
     </span>
    </p>
   </div>
   <div class='ocr_carea' id='block_1_8' title="bbox 444 3235 2736 3318">
    <p class='ocr_par' dir='ltr' id='par_1_13' title="bbox 444 3235 2736 3318">
     <span class='ocr_line' id='line_1_30' title="bbox 444 3235 2736 3318; baseline 0.001 -27"><span class='ocrx_word' id='word_1_176' title='bbox 444 3253 549 3308; x_wconf 76' lang='lat' dir='ltr'><strong>ego</strong></span> <span class='ocrx_word' id='word_1_177' title='bbox 596 3236 728 3292; x_wconf 83' lang='lat' dir='ltr'><strong>adeo</strong></span> <span class='ocrx_word' id='word_1_178' title='bbox 775 3235 1016 3318; x_wconf 72' lang='lat' dir='ltr'><strong>efflictim</strong></span> <span class='ocrx_word' id='word_1_179' title='bbox 1063 3237 1252 3293; x_wconf 60' lang='lat' dir='ltr'><strong>Amare</strong></span> <span class='ocrx_word' id='word_1_180' title='bbox 1298 3255 1346 3293; x_wconf 86' lang='lat' dir='ltr'><strong>e.</strong></span> <span class='ocrx_word' id='word_1_181' title='bbox 1381 3258 1436 3311; x_wconf 84' lang='lat' dir='ltr'><strong>q.</strong></span> <span class='ocrx_word' id='word_1_182' title='bbox 1470 3254 1548 3308; x_wconf 69' lang='grc'><strong>3.,</strong></span> <span class='ocrx_word' id='word_1_183' title='bbox 1598 3246 1658 3294; x_wconf 82' lang='lat' dir='ltr'><strong>ut</strong></span> <span class='ocrx_word' id='word_1_184' title='bbox 1705 3242 2025 3310; x_wconf 78' lang='lat' dir='ltr'><strong>septenarii</strong></span> <span class='ocrx_word' id='word_1_185' title='bbox 2066 3239 2297 3294; x_wconf 76' lang='lat' dir='ltr'><strong>iambici</strong></span> <span class='ocrx_word' id='word_1_186' title='bbox 2335 3237 2564 3308; x_wconf 80' lang='lat' dir='ltr'><strong>fierent)</strong></span> <span class='ocrx_word' id='word_1_187' title='bbox 2604 3253 2736 3308; x_wconf 81' lang='lat' dir='ltr'><strong>pes-</strong></span> 
     </span>
    </p>
   </div>
   <div class='ocr_carea' id='block_1_9' title="bbox 439 3326 2736 4353">
    <p class='ocr_par' dir='ltr' id='par_1_14' title="bbox 2422 3326 2448 3349">
     <span class='ocr_line' id='line_1_31' title="bbox 2422 3326 2448 3349; baseline 0 0"><span class='ocrx_word' id='word_1_188' title='bbox 2422 3326 2448 3349; x_wconf 78' lang='lat' dir='ltr'>V</span> 
     </span>
    </p>

    <p class='ocr_par' dir='ltr' id='par_1_15' title="bbox 443 3355 2734 3427">
     <span class='ocr_line' id='line_1_32' title="bbox 443 3355 2734 3427; baseline -0.001 -16"><span class='ocrx_word' id='word_1_189' title='bbox 443 3373 564 3412; x_wconf 83' lang='lat' dir='ltr'><strong>sum</strong></span> <span class='ocrx_word' id='word_1_190' title='bbox 609 3358 761 3412; x_wconf 80' lang='lat' dir='ltr'><strong>dedit</strong></span> <span class='ocrx_word' id='word_1_191' title='bbox 807 3355 1079 3427; x_wconf 68' lang='lat' dir='ltr'><strong>Bomius,</strong></span> <span class='ocrx_word' id='word_1_192' title='bbox 1139 3375 1251 3413; x_wconf 83' lang='lat' dir='ltr'><strong>non</strong></span> <span class='ocrx_word' id='word_1_193' title='bbox 1296 3360 1580 3414; x_wconf 77' lang='lat' dir='ltr'><strong>intellexit</strong></span> <span class='ocrx_word' id='word_1_194' title='bbox 1623 3358 2052 3414; x_wconf 80' lang='lat' dir='ltr'><strong>Klussmannus</strong></span> <span class='ocrx_word' id='word_1_195' title='bbox 2234 3356 2312 3412; x_wconf 83' lang='lat'><strong>37</strong></span> <span class='ocrx_word' id='word_1_196' title='bbox 2360 3356 2566 3411; x_wconf 76' lang='lat' dir='ltr'><strong>diuiuai</strong></span> <span class='ocrx_word' id='word_1_197' title='bbox 2611 3358 2734 3411; x_wconf 80' lang='lat' dir='ltr'><strong>cod.</strong></span> 
     </span>
    </p>

    <p class='ocr_par' dir='ltr' id='par_1_16' title="bbox 439 3439 2736 4353">
     <span class='ocr_line' id='line_1_33' title="bbox 613 3439 2733 3512; baseline -0.001 -15"><span class='ocrx_word' id='word_1_198' title='bbox 613 3440 690 3497; x_wconf 86' lang='lat'><strong>39</strong></span> <span class='ocrx_word' id='word_1_199' title='bbox 750 3440 894 3496; x_wconf 73' lang='lat' dir='ltr'><strong>ultro</strong></span> <span class='ocrx_word' id='word_1_200' title='bbox 953 3439 1190 3496; x_wconf 60' lang='lat' dir='ltr'><strong>Moratur</strong></span> <span class='ocrx_word' id='word_1_201' title='bbox 1232 3442 1509 3505; x_wconf 72' lang='lat' dir='ltr'><strong>Bothius,·</strong></span> <span class='ocrx_word' id='word_1_202' title='bbox 1563 3445 1621 3498; x_wconf 84' lang='lat' dir='ltr'><strong>in</strong></span> <span class='ocrx_word' id='word_1_203' title='bbox 1680 3449 1887 3496; x_wconf 76' lang='lat' dir='ltr'><strong>ametur</strong></span> <span class='ocrx_word' id='word_1_204' title='bbox 1941 3442 2116 3497; x_wconf 83' lang='lat' dir='ltr'><strong>uerba</strong></span> <span class='ocrx_word' id='word_1_205' title='bbox 2180 3444 2435 3512; x_wconf 84' lang='lat' dir='ltr'><strong>priorem</strong></span> <span class='ocrx_word' id='word_1_206' title='bbox 2502 3454 2733 3495; x_wconf 81' lang='lat' dir='ltr'><strong>uersum</strong></span> 
     </span>
     <span class='ocr_line' id='line_1_34' title="bbox 443 3522 2735 3598; baseline -0.002 -18"><span class='ocrx_word' id='word_1_207' title='bbox 443 3526 660 3581; x_wconf 74' lang='lat' dir='ltr'><strong>claudit</strong></span> <span class='ocrx_word' id='word_1_208' title='bbox 705 3525 928 3581; x_wconf 82' lang='lat' dir='ltr'><strong>Keilius</strong></span> <span class='ocrx_word' id='word_1_209' title='bbox 979 3530 1236 3581; x_wconf 81' lang='lat' dir='ltr'><strong>numeris</strong></span> <span class='ocrx_word' id='word_1_210' title='bbox 1292 3527 1636 3598; x_wconf 75' lang='lat' dir='ltr'><strong>trochaicis,</strong></span> <span class='ocrx_word' id='word_1_211' title='bbox 1691 3541 1835 3598; x_wconf 83' lang='lat' dir='ltr'><strong>quos</strong></span> <span class='ocrx_word' id='word_1_212' title='bbox 1880 3529 2048 3581; x_wconf 88' lang='lat' dir='ltr'><strong>etiam</strong></span> <span class='ocrx_word' id='word_1_213' title='bbox 2093 3526 2240 3579; x_wconf 82' lang='lat' dir='ltr'><strong>tales</strong></span> <span class='ocrx_word' id='word_1_214' title='bbox 2289 3522 2428 3577; x_wconf 74' lang='lat' dir='ltr'><strong>ultro</strong></span> <span class='ocrx_word' id='word_1_215' title='bbox 2476 3531 2735 3594; x_wconf 76' lang='lat' dir='ltr'><strong>meretur,</strong></span> 
     </span>
     <span class='ocr_line' id='line_1_35' title="bbox 442 3606 2734 3680; baseline -0.001 -17"><span class='ocrx_word' id='word_1_216' title='bbox 442 3608 610 3674; x_wconf 82' lang='lat' dir='ltr'><strong>Quam</strong></span> <span class='ocrx_word' id='word_1_217' title='bbox 656 3607 839 3664; x_wconf 73' lang='lat' dir='ltr'><strong>obrem</strong></span> <span class='ocrx_word' id='word_1_218' title='bbox 884 3625 931 3667; x_wconf 91' lang='lat' dir='ltr'><strong>e.</strong></span> <span class='ocrx_word' id='word_1_219' title='bbox 978 3626 1033 3679; x_wconf 83' lang='lat' dir='ltr'><strong>q.</strong></span> <span class='ocrx_word' id='word_1_220' title='bbox 1079 3626 1125 3665; x_wconf 74' lang='grc' dir='ltr'><strong>ε.</strong></span> <span class='ocrx_word' id='word_1_221' title='bbox 1173 3613 1474 3666; x_wconf 80' lang='lat' dir='ltr'><strong>instituere</strong></span> <span class='ocrx_word' id='word_1_222' title='bbox 1526 3611 1755 3666; x_wconf 77' lang='lat' dir='ltr'><strong>licebat.</strong></span> <span class='ocrx_word' id='word_1_223' title='bbox 1929 3609 2007 3664; x_wconf 88' lang='grc'><strong>41</strong></span> <span class='ocrx_word' id='word_1_224' title='bbox 2058 3606 2184 3680; x_wconf 81' lang='lat' dir='ltr'><strong>quid</strong></span> <span class='ocrx_word' id='word_1_225' title='bbox 2242 3607 2389 3662; x_wconf 83' lang='lat' dir='ltr'><strong>salue</strong></span> <span class='ocrx_word' id='word_1_226' title='bbox 2442 3614 2734 3663; x_wconf 76' lang='lat' dir='ltr'><strong>auaitauat</strong></span> 
     </span>
     <span class='ocr_line' id='line_1_36' title="bbox 442 3691 2733 3763; baseline -0.001 -16"><span class='ocrx_word' id='word_1_227' title='bbox 442 3701 639 3748; x_wconf 68' lang='lat' dir='ltr'><strong>altatae</strong></span> <span class='ocrx_word' id='word_1_228' title='bbox 683 3692 864 3752; x_wconf 84' lang='lat' dir='ltr'><strong>riualis</strong></span> <span class='ocrx_word' id='word_1_229' title='bbox 905 3693 1055 3749; x_wconf 80' lang='lat' dir='ltr'><strong>salue</strong></span> <span class='ocrx_word' id='word_1_230' title='bbox 1098 3696 1254 3751; x_wconf 73' lang='lat' dir='ltr'><strong>cod„-</strong></span> <span class='ocrx_word' id='word_1_231' title='bbox 1313 3696 1566 3750; x_wconf 83' lang='lat' dir='ltr'><strong>ordinem</strong></span> <span class='ocrx_word' id='word_1_232' title='bbox 1611 3702 1666 3750; x_wconf 89' lang='lat' dir='ltr'><strong>et</strong></span> <span class='ocrx_word' id='word_1_233' title='bbox 1710 3710 1977 3751; x_wconf 81' lang='lat' dir='ltr'><strong>numeros</strong></span> <span class='ocrx_word' id='word_1_234' title='bbox 2022 3696 2305 3749; x_wconf 82' lang='lat' dir='ltr'><strong>constitui.</strong></span> <span class='ocrx_word' id='word_1_235' title='bbox 2478 3691 2559 3747; x_wconf 82' lang='lat'><strong>42</strong></span> <span class='ocrx_word' id='word_1_236' title='bbox 2606 3691 2733 3763; x_wconf 84' lang='lat' dir='ltr'><strong>quid</strong></span> 
     </span>
     <span class='ocr_line' id='line_1_37' title="bbox 441 3777 2733 3849; baseline -0.001 -18"><span class='ocrx_word' id='word_1_237' title='bbox 441 3777 583 3832; x_wconf 77' lang='lat' dir='ltr'><strong>istud</strong></span> <span class='ocrx_word' id='word_1_238' title='bbox 643 3794 774 3833; x_wconf 80' lang='lat' dir='ltr'><strong>uero</strong></span> <span class='ocrx_word' id='word_1_239' title='bbox 834 3785 886 3833; x_wconf 82' lang='lat' dir='ltr'><strong>te</strong></span> <span class='ocrx_word' id='word_1_240' title='bbox 940 3777 1221 3833; x_wconf 77' lang='lat' dir='ltr'><strong>aduertisti</strong></span> <span class='ocrx_word' id='word_1_241' title='bbox 1268 3780 1425 3849; x_wconf 58' lang='lat' dir='ltr'><strong>cort,</strong></span> <span class='ocrx_word' id='word_1_242' title='bbox 1472 3780 1576 3834; x_wconf 85' lang='lat' dir='ltr'><strong>sed</strong></span> <span class='ocrx_word' id='word_1_243' title='bbox 1618 3795 1749 3834; x_wconf 85' lang='lat' dir='ltr'><strong>uero</strong></span> <span class='ocrx_word' id='word_1_244' title='bbox 1809 3795 1835 3832; x_wconf 85' lang='lat' dir='ltr'><strong>a</strong></span> <span class='ocrx_word' id='word_1_245' title='bbox 1895 3786 1948 3833; x_wconf 80' lang='lat' dir='ltr'><strong>te</strong></span> <span class='ocrx_word' id='word_1_246' title='bbox 2005 3779 2090 3834; x_wconf 80' lang='lat' dir='ltr'><strong>ed.</strong></span> <span class='ocrx_word' id='word_1_247' title='bbox 2134 3794 2230 3848; x_wconf 83' lang='lat' dir='ltr'><strong>pr.</strong></span> <span class='ocrx_word' id='word_1_248' title='bbox 2295 3793 2425 3832; x_wconf 80' lang='lat' dir='ltr'><strong>uero</strong></span> <span class='ocrx_word' id='word_1_249' title='bbox 2482 3784 2536 3831; x_wconf 79' lang='lat' dir='ltr'><strong>at</strong></span> <span class='ocrx_word' id='word_1_250' title='bbox 2596 3783 2733 3830; x_wconf 77' lang='lat' dir='ltr'><strong>tatae</strong></span> 
     </span>
     <span class='ocr_line' id='line_1_38' title="bbox 442 3860 2736 3931; baseline -0 -16"><span class='ocrx_word' id='word_1_251' title='bbox 442 3860 765 3931; x_wconf 66' lang='lat' dir='ltr'><strong>Fabi-icitia,</strong></span> <span class='ocrx_word' id='word_1_252' title='bbox 802 3861 1130 3919; x_wconf 76' lang='lat' dir='ltr'><strong>Putschius.</strong></span> <span class='ocrx_word' id='word_1_253' title='bbox 1202 3861 1450 3919; x_wconf 80' lang='lat' dir='ltr'><strong>Correoei</strong></span> <span class='ocrx_word' id='word_1_254' title='bbox 1477 3865 1636 3918; x_wconf 86' lang='lat' dir='ltr'><strong>olim.-</strong></span> <span class='ocrx_word' id='word_1_255' title='bbox 1681 3879 1833 3919; x_wconf 83' lang='lat' dir='ltr'><strong>nunc</strong></span> <span class='ocrx_word' id='word_1_256' title='bbox 1866 3862 2185 3917; x_wconf 81' lang='lat' dir='ltr'><strong>Bentleium</strong></span> <span class='ocrx_word' id='word_1_257' title='bbox 2217 3863 2295 3917; x_wconf 82' lang='lat' dir='ltr'><strong>ad</strong></span> <span class='ocrx_word' id='word_1_258' title='bbox 2329 3862 2454 3916; x_wconf 85' lang='lat' dir='ltr'><strong>Ter.</strong></span> <span class='ocrx_word' id='word_1_259' title='bbox 2488 3861 2667 3916; x_wconf 80' lang='lat' dir='ltr'><strong>Andr.</strong></span> <span class='ocrx_word' id='word_1_260' title='bbox 2704 3860 2736 3914; x_wconf 93' lang='lat'><em>1</em></span> 
     </span>
     <span class='ocr_line' id='line_1_39' title="bbox 445 3943 2731 4019; baseline 0 -22"><span class='ocrx_word' id='word_1_261' title='bbox 445 3946 500 4015; x_wconf 90' lang='lat'><strong>1,</strong></span> <span class='ocrx_word' id='word_1_262' title='bbox 547 3945 627 4001; x_wconf 83' lang='lat'><strong>98</strong></span> <span class='ocrx_word' id='word_1_263' title='bbox 672 3947 836 4001; x_wconf 81' lang='lat' dir='ltr'><strong>uideo</strong></span> <span class='ocrx_word' id='word_1_264' title='bbox 866 3950 951 4001; x_wconf 79' lang='lat' dir='ltr'><strong>sic</strong></span> <span class='ocrx_word' id='word_1_265' title='bbox 985 3947 1243 4019; x_wconf 69' lang='lat' dir='ltr'><strong>formata</strong></span> <span class='ocrx_word' id='word_1_266' title='bbox 1275 3948 1577 4003; x_wconf 74' lang='lat' dir='ltr'><strong>exhibere:</strong></span> <span class='ocrx_word' id='word_1_267' title='bbox 1623 3946 1749 4019; x_wconf 84' lang='lat' dir='ltr'><strong>quid</strong></span> <span class='ocrx_word' id='word_1_268' title='bbox 1797 3946 1944 4002; x_wconf 77' lang='lat' dir='ltr'><strong>salue</strong></span> <span class='ocrx_word' id='word_1_269' title='bbox 1988 3953 2420 4001; x_wconf 75' lang='lat' dir='ltr'><strong>attaitatauatae.</strong></span> <span class='ocrx_word' id='word_1_270' title='bbox 2511 3943 2731 4013; x_wconf 63' lang='lat' dir='ltr'><strong>niualis,</strong></span> 
     </span>
     <span class='ocr_line' id='line_1_40' title="bbox 439 4028 2733 4102; baseline 0 -20"><span class='ocrx_word' id='word_1_271' title='bbox 439 4028 608 4085; x_wconf 82' lang='lat' dir='ltr'><strong>salue.</strong></span> <span class='ocrx_word' id='word_1_272' title='bbox 700 4029 828 4102; x_wconf 86' lang='lat' dir='ltr'><strong>quid</strong></span> <span class='ocrx_word' id='word_1_273' title='bbox 872 4030 1015 4085; x_wconf 77' lang='lat' dir='ltr'><strong>istud</strong></span> <span class='ocrx_word' id='word_1_274' title='bbox 1060 4039 1255 4086; x_wconf 74' lang='lat' dir='ltr'><strong>atiniae</strong></span> <span class='ocrx_word' id='word_1_275' title='bbox 1299 4031 1577 4086; x_wconf 74' lang='lat' dir='ltr'><strong>adueriisii</strong></span> <span class='ocrx_word' id='word_1_276' title='bbox 1624 4038 1730 4085; x_wconf 79' lang='lat' dir='ltr'><strong>tam</strong></span> <span class='ocrx_word' id='word_1_277' title='bbox 1776 4031 1919 4085; x_wconf 82' lang='lat' dir='ltr'><strong>cito?</strong></span> <span class='ocrx_word' id='word_1_278' title='bbox 2091 4029 2173 4084; x_wconf 84' lang='lat'><strong>44</strong></span> <span class='ocrx_word' id='word_1_279' title='bbox 2220 4046 2347 4085; x_wconf 90' lang='lat' dir='ltr'><strong>num</strong></span> <span class='ocrx_word' id='word_1_280' title='bbox 2394 4046 2502 4084; x_wconf 90' lang='lat' dir='ltr'><strong>non</strong></span> <span class='ocrx_word' id='word_1_281' title='bbox 2549 4030 2631 4083; x_wconf 89' lang='lat' dir='ltr'><strong>uis</strong></span> <span class='ocrx_word' id='word_1_282' title='bbox 2681 4038 2733 4082; x_wconf 77' lang='lat' dir='ltr'><strong>ie</strong></span> 
     </span>
     <span class='ocr_line' id='line_1_41' title="bbox 442 4114 2733 4188; baseline 0 -22"><span class='ocrx_word' id='word_1_283' title='bbox 442 4128 683 4167; x_wconf 81' lang='lat' dir='ltr'><strong>moneam</strong></span> <span class='ocrx_word' id='word_1_284' title='bbox 729 4130 928 4186; x_wconf 76' lang='lat' dir='ltr'><strong>uuum,</strong></span> <span class='ocrx_word' id='word_1_285' title='bbox 981 4117 1025 4169; x_wconf 86' lang='lat' dir='ltr'><strong>si</strong></span> <span class='ocrx_word' id='word_1_286' title='bbox 1084 4115 1334 4186; x_wconf 77' lang='lat' dir='ltr'><strong>uidetur,</strong></span> <span class='ocrx_word' id='word_1_287' title='bbox 1380 4117 1650 4188; x_wconf 80' lang='lat' dir='ltr'><strong>quippiam</strong></span> <span class='ocrx_word' id='word_1_288' title='bbox 1695 4114 2034 4185; x_wconf 73' lang='lat' dir='ltr'><strong>Putsclaeius,</strong></span> <span class='ocrx_word' id='word_1_289' title='bbox 2081 4129 2233 4186; x_wconf 80' lang='lat' dir='ltr'><strong>quae</strong></span> <span class='ocrx_word' id='word_1_290' title='bbox 2276 4115 2428 4169; x_wconf 81' lang='lat' dir='ltr'><strong>unde</strong></span> <span class='ocrx_word' id='word_1_291' title='bbox 2471 4115 2733 4169; x_wconf 74' lang='lat' dir='ltr'><strong>hauserit</strong></span> 
     </span>
     <span class='ocr_line' id='line_1_42' title="bbox 439 4199 2730 4273; baseline -0 -22"><span class='ocrx_word' id='word_1_292' title='bbox 439 4213 550 4252; x_wconf 80' lang='lat' dir='ltr'><strong>non</strong></span> <span class='ocrx_word' id='word_1_293' title='bbox 580 4205 824 4273; x_wconf 52' lang='lat' dir='ltr'><strong>constat.</strong></span> <span class='ocrx_word' id='word_1_294' title='bbox 901 4215 1028 4254; x_wconf 86' lang='lat' dir='ltr'><strong>uum</strong></span> <span class='ocrx_word' id='word_1_295' title='bbox 1060 4200 1328 4273; x_wconf 80' lang='lat' dir='ltr'><strong>quippiam</strong></span> <span class='ocrx_word' id='word_1_296' title='bbox 1361 4217 1464 4254; x_wconf 88' lang='lat' dir='ltr'><strong>om.</strong></span> <span class='ocrx_word' id='word_1_297' title='bbox 1499 4202 1710 4255; x_wconf 76' lang='lat' dir='ltr'><strong>ceteris</strong></span> <span class='ocrx_word' id='word_1_298' title='bbox 1738 4200 1861 4255; x_wconf 82' lang='lat' dir='ltr'><strong>cod.</strong></span> <span class='ocrx_word' id='word_1_299' title='bbox 1896 4215 2014 4253; x_wconf 81' lang='lat' dir='ltr'><strong>uam</strong></span> <span class='ocrx_word' id='word_1_300' title='bbox 2049 4199 2319 4272; x_wconf 79' lang='lat' dir='ltr'><strong>quippiam</strong></span> <span class='ocrx_word' id='word_1_301' title='bbox 2347 4200 2432 4254; x_wconf 82' lang='lat' dir='ltr'><strong>ed.</strong></span> <span class='ocrx_word' id='word_1_302' title='bbox 2462 4215 2578 4268; x_wconf 64' lang='lat' dir='ltr'><strong>pr„</strong></span> <span class='ocrx_word' id='word_1_303' title='bbox 2626 4215 2730 4252; x_wconf 90' lang='lat' dir='ltr'><strong>om.</strong></span> 
     </span>
     <span class='ocr_line' id='line_1_43' title="bbox 440 4280 2734 4353; baseline 0 -18"><span class='ocrx_word' id='word_1_304' title='bbox 440 4280 748 4337; x_wconf 73' lang='lat' dir='ltr'><strong>Fabricius</strong></span> <span class='ocrx_word' id='word_1_305' title='bbox 946 4282 1027 4339; x_wconf 88' lang='grc'><strong>45</strong></span> <span class='ocrx_word' id='word_1_306' title='bbox 1083 4282 1471 4338; x_wconf 79' lang='lat' dir='ltr'><strong>formidulosus</strong></span> <span class='ocrx_word' id='word_1_307' title='bbox 1529 4290 1611 4337; x_wconf 79' lang='lat' dir='ltr'><strong>est</strong></span> <span class='ocrx_word' id='word_1_308' title='bbox 1671 4285 1794 4338; x_wconf 81' lang='lat' dir='ltr'><strong>cod.</strong></span> <span class='ocrx_word' id='word_1_309' title='bbox 2011 4282 2091 4338; x_wconf 85' lang='lat'><strong>46</strong></span> <span class='ocrx_word' id='word_1_310' title='bbox 2150 4290 2200 4336; x_wconf 82' lang='lat' dir='ltr'><strong>st</strong></span> <span class='ocrx_word' id='word_1_311' title='bbox 2257 4290 2370 4337; x_wconf 80' lang='lat' dir='ltr'><strong>tace</strong></span> <span class='ocrx_word' id='word_1_312' title='bbox 2436 4282 2734 4353; x_wconf 81' lang='lat' dir='ltr'><strong>Hauptius</strong></span> 
     </span>
    </p>
   </div>
  </div>
 </body>
</html>
