3400 5075
688 350 769 412 74
1475 353 1861 406 CAECILIVS
1899 354 2196 405 STATlvs

863 509 1012 573 Non
1109 561 1120 571 .
1214 562 1226 573 .
1321 561 1333 573 .
1425 510 1721 595 refugisti
1755 560 2252 576 ......

1183 676 1195 689 .
1288 648 1401 689 cur
1448 626 1725 689 alienam
1772 625 1969 690 ullam
2018 627 2348 690 mulierem

685 972 816 1033 240
862 970 985 1034 Per
1030 974 1131 1034 me
1176 971 1394 1035 licebit
1483 1020 2137 1035 .......

970 1137 983 1148 .
1076 1085 1128 1148 si
1177 1086 1395 1169 egebis
1406 1136 1424 1169 ‚
1469 1083 1593 1148 tsbi
1641 1085 1911 1170 dolebit,
1956 1084 2119 1150 mshi
2168 1089 2270 1150 sat
2313 1090 2429 1170 est,

865 1199 985 1276 Qui
1034 1201 1265 1264 aetatis
1311 1201 1481 1284 quod
1529 1198 1847 1284 reliquom
1893 1205 1992 1265 est
2038 1202 2352 1266 oblectem
2400 1224 2594 1266 meae.

1780 1315 1879 1379 III

863 1428 955 1493 Vt
999 1452 1100 1520 me
1146 1430 1336 1494 hodie
1383 1435 1534 1496 ante
1582 1453 1806 1496 omnes
1853 1431 2129 1495 comicos
2177 1433 2409 1496 stultos
2456 1454 2641 1496 senes

863 1542 1159 1609 Versaris
1205 1548 1397 1629 atque
1446 1547 1744 1612 ehisseris
1791 1544 2162 1610 lautissime.

1775 1660 1869 1725 IV

684 1774 815 1838 245
861 1770 958 1838 'St
1010 1777 1243 1839 tacete:
1301 1772 1457 1859 quid
1511 1775 1635 1840 hoc
1690 1776 2032 1840 clamoris?
2106 1774 2344 1860 quibus
2408 1799 2527 1840 nec
2583 1781 2790 1841 mater
2853 1780 2970 1841 nec

2007 1894 2146 1955 ater

863 2003 1076 2069 Τιίιιιιι
1122 2005 1555 2069 confidentia?
1602 2006 1850 2070 auferte
1898 1915 2091 2070 ssfam
2139 1942 2309 2071 enim
2357 2006 2739 2091 superbiam.

681 2190 855 2252 siue,
895 2206 1014 2255 per
1049 2206 1144 2241 me
1181 2190 1454 2242 licebit:
1493 2192 1547 2240 si
1587 2192 1825 2257 egebis
1862 2207 2192 2245 ...meae
2270 2192 2416 2243 Huic
2460 2193 2611 2243 tristi
2644 2207 2713 2242 ac
2747 2192 2969 2243 derecto

681 2258 802 2307 seni
839 2258 1201 2323 responderet
1236 2258 1479 2309 Caelius’
1518 2276 1567 2309 e.
1606 2275 1654 2325 q.
1693 2276 1737 2309 s.
1875 2229 1961 2310 1i1
1994 2260 2190 2310 Cicero
2215 2259 2372 2310 Lael.
2397 2261 2481 2324 26,
2511 2263 2576 2310 99
2604 2253 2762 2325 ‘quid
2789 2264 2970 2311 autern

681 2325 896 2392 turpius
933 2342 1094 2391 quam
1131 2326 1343 2376 inludi?
1416 2327 1557 2390 quod
1603 2333 1664 2376 ut
1702 2343 1768 2376 ne
1806 2327 2055 2389 accidat,
2101 2326 2316 2391 magis
2354 2327 2722 2378 cauendum
2757 2332 2916 2381 est..

681 2397 752 2442 ιιι
786 2410 883 2443 me
920 2394 1139 2445 hodie’
1178 2410 1222 2443 e
1248 2410 1298 2459 q.
1326 2409 1369 2444 s.
1406 2394 1641 2459 (magis
1677 2394 1809 2444 libri
1844 2395 1971 2445 boni
2010 2410 2197 2445 omnes
2235 2400 2466 2460 excepto
2491 2390 2722 2444 Vindob.
2759 2395 2826 2453 D,
2864 2409 2967 2447 οιιι.

679 2459 846 2526 uulgo
985 2460 1354 2512 cauendum
1392 2465 1495 2511 est
1529 2466 1595 2511 ut
1630 2478 1724 2512 me
1761 2461 1957 2513 hodie
1994 2461 2119 2512 libri
2156 2477 2344 2512 omnes
2381 2479 2427 2511 c.
2466 2468 2569 2512 est
2605 2468 2674 2512 ιιι
2708 2464 2776 2511 in
2811 2463 2969 2527 Epi-

682 2543 755 2577 cu
771 2544 878 2579 reo
918 2545 1010 2579 me
1044 2528 1237 2580 hodie
1273 2529 1393 2581 edd.
1433 2528 1712 2580 Vindelini
1747 2528 1812 2580 de
1850 2530 2009 2596 Spira
2046 2545 2164 2580 cum
2200 2528 2521 2581 Victoriana
2556 2534 2611 2581 et
2647 2528 2791 2591 aliis,
2829 2527 2966 2580 unde

681 2597 747 2645 in
787 2595 1102 2661 Epiclero
1149 2613 1239 2648 me
1292 2597 1486 2647 hodie
1532 2599 1859 2648 recentiores
1915 2613 1960 2648 c.
2009 2602 2115 2647 est
2167 2601 2238 2647 ιιι
2290 2597 2354 2646 in
2407 2597 2786 2648 Fodicante
2829 2598 2971 2648 coni.

680 2663 1086 2715 Fleckeisenus:
1127 2680 1230 2730 ego
1257 2665 1511 2715 lacunam
1542 2669 1667 2730 post
1705 2664 2068 2715 cauendum
2103 2670 2204 2715 est
2227 2663 2461 2724 notaui).
2521 2665 2665 2715 Idem
2693 2664 2813 2716 Cat.
2844 2663 2967 2717 mai.

684 2733 764 2794 12,
791 2724 889 2782 36‘
900 2747 1025 2781 nam
1052 2747 1189 2797 quos
1216 2735 1298 2782 ait
1322 2731 1592 2783 Caecilius
1620 2727 1928 2783 comicos
1955 2732 2268 2796 (comicus
2293 2731 2442 2797 libri)
2464 2725 2731 2783 stultos
2761 2747 2969 2795 senes,

678 2798 782 2849 hoc
817 2798 1090 2862 significat
1124 2799 1366 2850 credulos
1403 2800 1700 2851 obliuiosos
1735 2798 2060 2862 dissolutos,
2098 2815 2238 2865 quae
2262 2800 2403 2850 uitia
2439 2804 2568 2850 sunt
2592 2815 2700 2849 ιιοιι
2726 2803 2969 2850 senectu-

681 2867 781 2930 tis,
821 2865 912 2915 sed
948 2866 1138 2916 inertis
1175 2868 1405 2931 ignauae
1440 2866 1838 2918 somniculosae
1878 2868 2220 2920 senectutis!
2389 2866 2469 2917 IV
2505 2867 2697 2918 Cicero
2733 2867 2797 2916 de
2833 2874 2971 2918 orat.

679 2933 736 2983 11
767 2905 855 2994 64,
882 2935 981 2984 257
1018 2938 1205 2999 ‘saepe
1239 2935 1404 2985 etiam
1430 2949 1621 2984 uersus
1647 2935 1826 2984 facete
1852 2935 2216 2999 interponitur
2238 2934 2332 2985 uel
2367 2939 2430 2984 ιιι
2464 2939 2547 2984 est
2570 2934 2657 2983 uel
2693 2933 2968 3000 paululum

682 3006 957 3064 mutatus,
1004 3006 1100 3050 aut
1147 3001 1333 3067 aliqua
1377 3017 1505 3066 pars
1549 3016 1764 3064 uersus,
1811 3006 1875 3051 ιιι
1911 3003 2173 3053 Statius
2221 3002 2463 3052 Scauro
2510 3001 2969 3052 stomachanti

682 3067 769 3131 (ex
796 3084 903 3133 quo
929 3072 1055 3118 sunt
1079 3068 1354 3132 nonnulli,
1393 3071 1485 3135 qui
1509 3075 1660 3119 tuam
1686 3069 1859 3135 legem
1889 3070 1954 3120 de
1980 3070 2212 3120 ciuitate
2237 3076 2450 3127 natam,
2477 3069 2699 3132 Crasse,
2734 3069 2966 3130 dicant):

849 3246 970 3305 236
1016 3264 1100 3319 sq.
1146 3262 1257 3302 non
1288 3246 1564 3320 effugisti?
1614 3247 1962 3304 cui-,alienam
2004 3247 2282 3304 mulierem
2314 3246 2614 3321 Cognosti.
2643 3288 2657 3301 .
2686 3289 2699 3302 .
2729 3292 2742 3304 .
2791 3247 2970 3318 Spen-

594 3391 597 3402 ,
676 3334 860 3405 yelius
1046 3331 1166 3389 239
1213 3330 1336 3386 dide
1380 3347 1441 3387 ac
1484 3330 1677 3387 dissice
1724 3333 2024 3389 Puteanus
2067 3331 2190 3387 dide
2236 3329 2392 3403 (dede
2436 3350 2505 3386 m.
2552 3331 2676 3401 alt.)
2720 3346 2782 3386 ac
2824 3330 2969 3385 disce

680 3416 873 3473 Paris.
919 3417 1104 3472 dideae
1149 3433 1209 3472 ac
1253 3414 1399 3472 disce
1429 3416 1624 3473 Brux.
1672 3414 1747 3471 dii
1791 3414 1922 3471 deae
1968 3432 2029 3471 ac
2072 3415 2219 3471 disce
2251 3416 2386 3487 Erf.
2428 3414 2552 3470 dide
2581 3414 2764 3470 disiice
2813 3413 2971 3470 Orel-

678 3503 792 3556 lius
964 3499 1087 3557 240
1130 3493 1257 3575 per]
1306 3517 1366 3555 er
1424 3504 1482 3555 in
1538 3517 1659 3557 ras.
1700 3502 1958 3572 plurium
2011 3503 2120 3556 lite.
2166 3501 2360 3556 Paris.
2531 3491 2741 3574 licebit]
2800 3498 2869 3553 lic
2911 3500 2968 3552 in

682 3587 807 3640 ras.
851 3585 1046 3641 Paris.
1220 3583 1339 3639 241
1387 3586 1433 3639 si
1476 3583 1660 3658 egebis
1707 3602 1812 3641 om.
1860 3584 2200 3657 Spenqelius
2369 3582 2629 3639 dolebunt
2660 3582 2855 3639 Brux.

678 3677 762 3724 set
806 3677 890 3724 est
935 3687 1040 3725 om.
1087 3670 1279 3726 Brux.
1331 3669 1468 3740 Erf.
1640 3667 1762 3724 242
1808 3668 2074 3741 reliquom
2120 3668 2313 3725 Paris.
2359 3668 2627 3741 reliquum
2673 3661 2860 3744 aalys:

679 3772 755 3809 an
803 3752 949 3826 quod
996 3755 1065 3808 mi
1110 3761 1193 3809 est
1235 3753 1540 3826 reliquom?
1715 3751 1836 3809 243
1882 3760 1942 3807 ιιι
1986 3768 2072 3807 me
2115 3755 2273 3808 malit
2307 3753 2575 3809 Halmius
2703 3752 2970 3807 coaulicos

681 3838 823 3894 Gud.
875 3837 1081 3893 Salisb.
1141 3837 1358 3893 Bened.
1425 3838 1621 3894 Vindd.
1667 3838 1790 3894 DV
1831 3838 2028 3892 amicos
2072 3838 2312 3910 Auqust.
2570 3834 2692 3891 244
2742 3835 2970 3891 uer-saris

678 3930 841 3994 atque
869 3940 974 3978 om.
1010 3923 1245 3996 Auqust.
1420 3921 1676 3977 elusscris
1709 3922 1976 3978 Halmius
2003 3921 2227 3977 iusseris
2251 3920 2393 3977 Gud.
2427 3928 2487 3975 ιιι
2508 3921 2729 3976 iusseris
2762 3919 2970 3976 Salisb.

681 4006 909 4072 Benaci„
957 4005 1094 4078 Erf.
1158 4006 1318 4063 Vina.
1364 4006 1448 4077 D,
1497 4006 1785 4063 Gulielmii
1836 4012 2057 4078 quaest.
2116 4009 2174 4061 in
2229 4006 2472 4061 Persam
2525 4022 2576 4061 c.
2625 4003 2664 4060 4
2720 4005 2970 4078 quinque

678 4092 1046 4148 membranae
1091 4087 1517 4162 ‘perantiquae'
1568 4099 1628 4145 ut
1670 4090 1923 4161 iusseris,
1967 4106 2272 4162 suprascr.
2319 4089 2418 4144 l’ut
2462 4090 2660 4145 uixeris
2720 4089 2875 4144 Vina.
2915 4088 2971 4143 D

678 4185 739 4230 ιιῑ
784 4175 1006 4231 lasseris
1051 4178 1288 4230 seruari
1329 4177 1451 4231 uult
1478 4175 1880 4233 Buecheler-us
1921 4174 2159 4230 illuseris
2187 4177 2423 4248 Auyust.
2461 4173 2675 4229 unxeris
2705 4171 2898 4227 Palat.
2932 4189 2968 4224 a

679 4261 982 4315 emunxeris
1031 4260 1331 4315 Bentleius
1387 4262 1445 4314 in
1503 4260 1651 4317 Hor.
1715 4279 1770 4316 a.
1826 4277 1888 4331 p.
1953 4259 2031 4316 96
2247 4257 2369 4313 245
2428 4252 2506 4333 st]
2570 4254 2662 4311 sed
2723 4254 2849 4309 Erl.
2912 4255 2965 4325 b,

679 4343 962 4410 ed„Rom.
1133 4350 1288 4417 pater
1317 4345 1389 4399 sit
1420 4345 1548 4402 Erl.
1581 4346 1631 4415 b,
1667 4346 1753 4400 ed.
1782 4344 1941 4400 Rom.
2115 4341 2235 4399 246
2267 4339 2593 4397 confidentia
2627 4339 2968 4395 Schuetze'us
