3400 5075
1386 344 1716 394 'rrrmlvs
2590 340 2700 401 141

1432 499 1492 562 X
1541 496 1686 586 (16)

453 621 538 681 50
590 616 795 682 Simul
844 620 918 680 ut
964 637 1195 699 pucras
1243 614 1437 679 haisce
1483 607 1673 678 necte
1724 614 2045 696 suspirare
2093 613 2267 676 creui
2316 663 2329 675 .
2380 663 2393 675 .

1434 739 1528 802 XI
1577 736 1677 824 (8)

588 906 1245 921 .......
1339 859 1406 918 at
1452 856 1817 917 uestrorum
1880 853 2113 936 aliquis
2160 852 2420 915 nuntiet

410 974 558 1056 5:2s'3
589 972 929 1054 Geminae,
976 973 1051 1033 ut
1094 992 1196 1032 res
1246 971 1395 1033 suris
1443 974 1769 1052 procuret,
1816 971 1882 1033 et
1925 969 2204 1031 facessat
2249 966 2534 1030 aedibus.

1419 1093 1549 1156 XII
1597 1091 1695 1178 (9)

681 1209 950 1294 Longus
998 1231 1207 1300 senno
1253 1209 1559 1292 habetur,
1605 1210 1971 1272 reu6rtetur
2017 1205 2243 1291 spissa.

1415 1332 1578 1395 XIII
1627 1331 1726 1418 (6)

467 1451 552 1514 55
599 1450 832 1514 Mulier
879 1449 1068 1512 eredo
1118 1450 1464 1512 admirsum
1514 1449 1694 1511 illum
1745 1470 1843 1510 res
1893 1448 2040 1509 susis
2088 1447 2502 1530 conqueritur
2558 1499 2569 1510 .
2631 1497 2643 1509 .
2701 1497 2713 1510 .

1411 1562 1565 1626 XIV
1616 1563 1716 1647 (7)

658 1733 669 1744 .
718 1700 873 1764 ergo
923 1683 995 1742 ut
1043 1701 1159 1742 sua
1208 1680 1422 1741 seruet
1468 1677 1663 1760 dona,
1712 1678 1899 1740 n6bis
1946 1677 2320 1741 faciundum
2369 1679 2467 1740 est
2516 1678 2625 1760 ita,

597 1796 685 1860 Vt
723 1801 868 1858 clim
908 1816 984 1857 ea
1022 1794 1301 1878 primum
1343 1794 1665 1856 blaindiier
1707 1789 1872 1877 [nos]
1910 1793 2352 1876 cdmparemus
2392 1793 2710 1876 cdnloqui.

417 2018 738 2068 Priscianus
787 2015 880 2064 XV
929 2019 961 2065 3
1007 2032 1056 2079 p.
1109 2017 1239 2065 1010
1285 2015 1345 2068 Ρ.
1369 2017 1688 2088 ‘neuen-iter
1737 2030 1831 2080 pro
1876 2030 2088 2068 seuere.
2160 2014 2399 2064 Titinius
2445 2015 2501 2064 iu
2540 2014 2716 2064 Prilia

456 2122 469 2135 .
501 2124 513 2136 .
553 2085 694 2135 idem
745 2082 1124 2143 blanditer,
1173 2066 1612 2146 benig⁰niter.’
1654 2084 1751 2146 (ef.
1800 2079 1949 2147 XIV)
2158 2081 2208 2132 X
2243 2082 2563 2132 Priscianus
2600 2082 2647 2130 X
2685 2084 2714 2132 7

418 2171 469 2219 p.
510 2155 609 2203 898
645 2153 706 2205 Ρ
747 2156 939 2199 ‘cerno
977 2151 1211 2202 creui.
1279 2153 1488 2203 ,etium
1525 2167 1644 2200 cum
1684 2166 1781 2215 pro
1818 2150 1980 2199 uideo
2017 2151 2307 2213 accipitur.
2382 2150 2624 2199 Titinius
2661 2152 2717 2198 in

420 2221 680 2272 Gemina.
731 2216 891 2267 simul
929 2260 942 2272 .
972 2255 982 2266 .
1011 2254 1024 2266 .
1062 2220 1241 2278 creui,
1291 2235 1385 2283 pro
1423 2220 1604 2269 uidi!
1678 2219 1966 2281 (tinnius
2002 2232 2272 2282 suprascr.
2310 2219 2393 2278 ti,
2443 2217 2716 2282 Sangall.)

553 2287 632 2335 XI
668 2287 877 2335 Nonius
915 2288 1030 2340 306,
1070 2287 1136 2335 29
1174 2285 1556 2337 ‘facessere
1596 2285 1875 2352 signifieat
1901 2285 2164 2334 recedere
2191 2320 2203 2333 .
2232 2323 2244 2336 .
2275 2285 2554 2334 .'1‘itinius
2593 2286 2717 2334 Ge·

419 2356 624 2408 mine:
663 2355 732 2404 ad
771 2353 996 2417 aliquis'
1035 2369 1079 2401 e.
1121 2367 1170 2415 q.
1211 2368 1251 2403 Β.
1425 2354 1532 2404 XII
1570 2355 1783 2404 Nonius
1818 2355 1936 2415 392,
1978 2355 2041 2402 15
2079 2352 2401 2417 ‘spissum
2439 2351 2719 2416 signifieat

419 2423 579 2473 tarde
611 2461 621 2471 .
653 2462 665 2474 .
695 2425 729 2471 .’
871 2419 1005 2469 XIII
1040 2419 1249 2469 Nonius
1285 2423 1404 2483 232,
1441 2424 1509 2472 20
1545 2422 1928 2471 ‘aduersum
1969 2435 2177 2469 rursum
2216 2419 2359 2483 apud
2398 2418 2693 2483 significat.
2701 2424 2715 2444 '

554 2490 682 2540 XIV
718 2488 928 2539 Nonius
964 2490 1082 2545 256,
1127 2490 1186 2536 14
1225 2492 1641 2554 ‘comparare
1677 2495 1899 2540 ueteres
1933 2486 2252 2536 confirmare
2290 2491 2346 2536 et
2381 2489 2717 2536 constituere

421 2559 719 2609 dixerunt.
831 2557 1114 2609 ,Titinius
1152 2556 1410 2606 Gemina:
1449 2563 1603 2624 ergo’
1645 2574 1690 2614 e
1720 2572 1771 2621 q.
1800 2572 1844 2608 s,
1918 2555 2065 2605 Idem
2102 2558 2218 2616 510,
2257 2558 2288 2605 6
2328 2555 2717 2605 ‘blanditer

420 2644 518 2692 pro
555 2626 777 2677 blande.
849 2624 1090 2673 Titinius
1140 2622 1372 2674 Gemina
1422 2624 1568 2693 [57].’
1660 2626 1746 2675 Cf.
1788 2623 2106 2673 Priscianus
2153 2639 2204 2688 p.
2248 2625 2377 2673 1010
2414 2623 2472 2672 Ρ.
2519 2620 2610 2688 (ad
2649 2625 2716 2674 fr.

591 2821 673 2878 50
720 2822 880 2876 hasce
924 2821 1141 2891 scripsi
1193 2819 1286 2875 has
1340 2822 1475 2877 libri
1525 2823 1793 2893 plerique
1850 2820 1947 2876 hae
2000 2817 2047 2888 (s
2091 2836 2162 2873 m.
2211 2816 2335 2889 alt.)
2384 2819 2565 2875 Barb.
2625 2820 2719 2874 hac

423 2908 684 2963 nonnulli
726 2906 889 2960 codd.
939 2905 1168 2960 Krelzlii
1337 2914 1526 2960 noctes
1573 2905 1813 2960 Bamb..·
1859 2922 1935 2959 an
1983 2903 2141 2959 hasce
2186 2900 2410 2958 noctes?
2562 2903 2720 2958 simul

425 3000 483 3046 ut
537 3007 731 3064 pucras
791 2989 886 3044 hias
942 3005 1047 3061 ego
1103 2987 1388 3061 Suspirat-e
1443 2990 1591 3044 creui
1650 2990 2029 3045 Her-mannus
2082 2990 2121 3043 l.
2180 2990 2220 3045 l.
2279 2987 2421 3044 271.
2526 2988 2723 3044 Possis

424 3080 592 3131 elium
636 3073 796 3129 simul
844 3082 905 3128 ιιι
962 3090 1156 3146 pucras
1205 3072 1312 3128 Hac
1358 3072 1516 3129 nbcte
1561 3091 1605 3129 S.
1652 3091 1698 3129 c.
1876 3073 1953 3129 51
2003 3081 2056 3128 at
2112 3075 2283 3146 uulyo
2328 3072 2393 3127 ad
2435 3073 2599 3128 libri.-
2645 3090 2721 3128 an

424 3161 602 3233 agite?
776 3167 1086 3213 uestrorum
1131 3157 1323 3230 aliquis
1371 3162 1583 3229 scripsi
1623 3157 1818 3231 aliquis
1866 3167 2175 3214 uestrorum
2218 3159 2354 3213 libri
2524 3156 2602 3213 52
2635 3174 2720 3229 sq.

423 3246 732 3301 secundum
779 3243 1180 3299 Hermannum
1208 3244 1248 3297 l.
1281 3245 1318 3297 l.
1357 3242 1477 3299 269
1525 3245 1658 3298 dedi
1785 3242 2005 3298 Gemine
2050 3249 2111 3297 ut
2155 3258 2250 3297 reo
2298 3256 2422 3295 suas
2466 3249 2725 3314 procuret

424 3328 647 3384 aedibus
696 3327 924 3383 facessat
967 3328 1103 3383 libri
1146 3326 1426 3399 Geminae,
1473 3343 1562 3382 res
1610 3335 1669 3382 ut
1713 3343 1837 3382 suas
1884 3334 2171 3400 procuret,
2228 3323 2447 3381 aedibus
2496 3326 2722 3381 facessat

425 3413 670 3470 Bolhius
726 3419 809 3483 et,
868 3414 980 3468 nisi
1022 3413 1175 3484 quod
1217 3416 1482 3469 senarios
1525 3415 1790 3485 metitur,
1840 3411 2246 3468 NeulcirchiuS.
2326 3408 2605 3478 Geminae,
2665 3411 2724 3465 ιἰι

427 3514 515 3553 res
559 3496 661 3553 sibi
707 3498 831 3552 suus
879 3505 1165 3569 procuret,
1225 3496 1444 3552 aedibus
1490 3495 1741 3553 Facessat
1784 3499 1911 3553 olim
1958 3498 2206 3552 conieci.-
2268 3498 2488 3550 rectius
2530 3498 2588 3550 in
2634 3496 2725 3550 leis

426 3598 551 3637 suas
594 3580 693 3637 sibi
719 3580 1150 3637 CFWMueller
1191 3585 1448 3654 paralip.
1494 3584 1729 3657 pro-eqd.
1777 3580 1973 3637 Plaul.
2024 3579 2123 3648 60,
2170 3586 2223 3634 el
2262 3578 2523 3650 fortasse
2567 3596 2723 3635 nunc

427 3682 652 3740 quoque
696 3669 752 3721 in
811 3672 976 3722 leoelu
1035 3682 1158 3720 suas
1214 3664 1313 3721 sibi
1368 3668 1692 3738 ponendum
1750 3672 1852 3722 est.
2028 3663 2105 3719 54
2155 3665 2441 3720 baecheos
2492 3668 2725 3737 aynouit

428 3752 823 3808 Neultirckius
1024 3748 1103 3806 55
1151 3766 1420 3808 numeros
1470 3754 1779 3823 perspexit
1836 3751 2214 3806 Hermotimus
2256 3751 2294 3806 l.
2341 3750 2380 3805 l.
2432 3748 2551 3805 269

429 3835 509 3893 56
553 3840 771 3892 inserto
826 3834 974 3889 salua
1022 3841 1156 3906 post
1209 3852 1306 3890 sua
1361 3839 1680 3907 eoepleatur
1738 3837 2074 3891 octonarius
2259 3841 2443 3889 seruet
2519 3832 2721 3903 Velie„

439 3920 634 3976 Urbin.
670 3919 792 3978 308
838 3927 1024 3975 seruat
1056 3923 1239 3975 ceteri
1278 3921 1415 3976 libri
1584 3920 1660 3976 57
1710 3928 1770 3975 ιιι
1815 3935 1935 3975 cum
1968 3935 2028 3974 ea
2069 3919 2205 3974 libri
2230 3936 2289 3989 p.
2324 3916 2467 3988 256,
2516 3918 2722 3974 Bamb.

426 4024 485 4076 p.
518 4005 643 4062 510
675 4012 737 4059 ut
765 4020 884 4059 cum
931 4002 994 4057 da
1038 4004 1173 4060 libri
1210 4006 1474 4078 plerique
1504 4022 1564 4076 p.
1602 4005 1727 4061 510
1772 4003 2075 4060 uerecunda
2108 4003 2248 4058 Bas,
2282 4002 2474 4059 Palat.
2506 4020 2564 4073 p.
2600 4002 2725 4058 510

429 4089 660 4145 iucunda
708 4091 795 4145 ecl.
834 4087 990 4145 1526
1120 4105 1221 4143 nus
1252 4082 1466 4157 addidi,
1511 4108 1614 4146 om.
1658 4090 1797 4144 libri
1921 4104 2290 4161 comparamus
2332 4088 2467 4143 libri
2506 4104 2565 4157 p.
2600 4088 2726 4142 510

598 4173 869 4246 colloquia
911 4174 1045 4229 libri
1069 4192 1127 4245 p.
1165 4173 1318 4243 256,
1366 4174 1558 4230 Palat.
1599 4190 1661 4244 p.
1696 4173 1822 4230 510
1950 4190 2083 4246 ergo
2129 4179 2191 4226 ιιι
2219 4188 2314 4226 sua
2358 4171 2541 4227 seruet
2587 4173 2722 4227 bona

432 4255 593 4314 Nebis
643 4256 946 4314 faciundum
994 4268 1108 4328 cst,
1153 4258 1319 4313 inuita
1369 4267 1427 4314 ιιι
1471 4275 1593 4314 cum
1640 4274 1698 4312 ca
1746 4259 1974 4331 primum
2033 4256 2299 4312 blanditer
2342 4255 2723 4330 Cbmpnremus

432 4342 672 4415 colloqui
723 4343 1098 4399 Hermannus
1139 4346 1176 4398 l.
1223 4345 1262 4398 l.
