3400 5075
1250 343 1312 398 T.
1354 341 1744 407 vac'mvs
1780 342 1967 394 A'rrA
2639 342 2758 406 163

1253 491 1258 494 ’
1321 497 1895 568 SVPPLIOATIO

464 613 605 697 15]ss
637 612 1012 700 Nucemque
1061 615 1367 680 Thasiam
1413 615 1574 680 adde
1622 617 1687 679 et
1732 615 1957 681 fanum
2006 621 2320 700 quantum
2366 615 2540 679 libet.

1175 765 1380 831 TIRO
1426 763 2051 831 PROFICISCENS

634 879 828 944 Pater
875 878 1182 945 ussieatur
1227 886 1376 946 tuus
1424 903 1507 944 an
1555 885 1763 944 mater
1812 880 2004 946 ussiea
2050 882 2192 945 est?

1105 1031 1227 1096 Ex
1274 1029 1686 1097 INOERTIS
1734 1031 2108 1099 FABVLIS

1523 1147 1556 1212 Ι
1602 1144 1700 1233 (1)

635 1259 902 1325 Annum
930 1284 1175 1328 nouum
1222 1264 1571 1329 uoluerunt
1609 1284 1748 1327 esse
1796 1261 2077 1347 primum
2115 1287 2402 1330 mensem
2430 1264 2757 1330 Martium.

1504 1404 1570 1467 11
1617 1402 1719 1490 (2)

1766 1520 2039 1584 maiores
2086 1519 2392 1585 Martium

504 1607 594 1672 20
637 1605 931 1671 Pn‘mum
976 1607 1363 1672 habuerunt.

1563 1722 1666 1789 ΠΙ

640 1889 655 1905 .
745 1860 863 1924 pro
910 1838 1151 1924 populo
1198 1838 1432 1904 fluetus
1479 1859 1705 1905 caecos
1750 1839 2001 1905 faciunt
2044 1862 2160 1925 per
2205 1839 2605 1908 discordiam.

596 2068 971 2119 Svnmcnio
1041 2069 1359 2120 Macrobius
1405 2069 1523 2124 Sat.
1574 2070 1653 2121 111
1693 2072 1774 2133 18,
1810 2072 1842 2121 8
1879 2070 1955 2135 (11
1996 2070 2083 2131 14)
2126 2075 2277 2120 ‘nux
2327 2071 2587 2122 Graeca
2622 2071 2758 2122 haec

466 2142 552 2188 eat
624 2151 725 2186 nae
750 2143 807 2187 et
842 2136 1136 2201 amygdalo
1174 2136 1402 2198 dicitur,
1443 2137 1540 2188 sed
1578 2144 1636 2188 et
1660 2135 1915 2189 Thasia
1942 2139 2132 2190 eadem
2158 2153 2269 2189 nux
2304 2145 2549 2189 uocatur.
2595 2140 2759 2189 testis

461 2209 546 2254 est
631 2204 833 2255 lontius
863 2244 873 2255 .
905 2241 917 2254 .
949 2241 962 2254 .
990 2219 1109 2254 cum
1150 2204 1230 2254 sio
1267 2205 1368 2254 ait:
1407 2220 1520 2256 nux
1554 2203 1771 2255 Graeca
1809 2205 2118 2271 amygdale.
2187 2206 2323 2256 Atta
2359 2221 2490 2256 uero
2527 2208 2584 2256 in
2621 2206 2759 2271 Sup-

463 2271 787 2338 plicatione:
833 2287 1025 2323 nucem
1063 2273 1359 2332 Graecam,
1408 2273 1611 2339 inquit,
1659 2273 1985 2337 fanumque'
2025 2290 2072 2327 e.
2116 2289 2165 2338 q.
2202 2288 2244 2324 ⁸.
2294 2275 2488 2337 (Aeta
2533 2273 2757 2337 salisb.)

594 2358 742 2409 Τιιιο
786 2358 1204 2408 Ριιοηοιεοεκο
1284 2358 1606 2410 Priscianus
1644 2358 1776 2410 VIII
1818 2361 1879 2409 14
1923 2374 1977 2424 p.
2016 2359 2117 2410 828
2153 2359 2220 2412 P.
2266 2364 2324 2410 ‘a
2369 2359 2539 2410 uilioo
2586 2359 2758 2410 etiam

463 2426 633 2477 uilioo
675 2426 766 2476 uel
813 2426 1065 2476 uilioor
1109 2426 1369 2477 dicebant
1415 2429 1631 2492 antiqui
1675 2465 1686 2477 .
1726 2464 1738 2477 .
1776 2464 1790 2478 .
1833 2428 1965 2478 Atta
2000 2427 2056 2476 in
2094 2427 2295 2478 Tirone
2342 2426 2756 2493 proficiscente:

472 2533 658 2595 pater'
697 2545 744 2582 e.
783 2544 833 2593 q.
869 2544 911 2579 s.
985 2492 1238 2592 (tyxrone
1278 2527 1436 2593 Reg.)

595 2615 682 2664 Ex
718 2615 828 2665 luc.
864 2615 1002 2665 Fan.
1074 2615 1099 2664 1
1137 2614 1189 2664 11
1225 2613 1452 2665 Seruius
1496 2617 1553 2664 in
1589 2629 1777 2680 georg.
1816 2615 1841 2665 1
1877 2617 1944 2666 43
1981 2620 2064 2665 ‘et
2098 2614 2372 2665 sciendum
2412 2614 2599 2665 decem
2637 2619 2759 2664 tan-

462 2689 572 2732 tum
600 2697 813 2733 menses
851 2682 1026 2732 fnisse
1054 2682 1200 2748 apud
1224 2684 1475 2733 maiores,
1549 2683 1810 2732 Martium
1835 2690 2019 2733 autem
2047 2684 2179 2731 anni
2204 2683 2527 2748 principium
2556 2682 2758 2734 habere

464 2750 758 2800 uoluerunt
783 2787 794 2799 .
825 2787 836 2798 .
862 2786 875 2800 .
903 2751 1037 2799 Atta
1074 2748 1140 2815 [Ι]
1190 2754 1246 2800 et
1290 2750 1425 2800 alibi
1464 2747 1586 2816 [111’
1749 2750 1831 2801 111
1874 2750 2170 2801 Suetonius
2207 2750 2351 2815 apud
2390 2749 2655 2800 Isidorum
2696 2750 2760 2799 de

463 2818 679 2869 naturis
734 2832 911 2867 rerum
957 2820 1026 2867 44
1071 2834 1119 2883 p.
1161 2820 1223 2868 74
1267 2817 1348 2866 ed.
1395 2817 1460 2866 (3.
1511 2817 1726 2867 Becker
1773 2818 1850 2880 (in
1908 2820 2172 2869 Suetonio
2223 2816 2759 2870 Reifferscheidiano

464 2901 513 2949 p.
540 2885 661 2947 244)
701 2889 971 2935 ‘caecus
1010 2886 1268 2936 fluctus
1294 2889 1533 2935 tumens’
1560 2885 1662 2947 (ita
1690 2887 1757 2934 H.
1785 2887 2204 2950 Langensiepen
2231 2900 2364 2935 mua.
2392 2885 2560 2936 Rhen.
2588 2887 2630 2933 V
2659 2887 2757 2935 247

465 2955 697 3003 ‘tamen’
736 2953 878 3015 cod.)
917 2953 1169 3003 ‘necdum
1207 2959 1392 3003 tamen
1428 2968 1624 3014 canna,
1659 2952 1727 3003 de
1765 2968 1872 3019 quo
1910 2957 2044 3004 Atta
2080 2954 2139 3003 in
2174 2958 2367 3019 togata
2402 2954 2484 3004 sic
2522 2954 2627 3002 ait:
2666 2969 2760 3018 po·

464 3021 617 3086 pulo'
657 3036 702 3071 e.
743 3036 794 3084 q.
835 3036 876 3070 s.
925 3019 1107 3086 (Atta
1154 3021 1462 3071 Gronouiua
1509 3021 1692 3071 atita
1736 3020 1928 3070 Bamb.
1975 3022 2047 3077 A.
2095 3022 2258 3074 Beru.
2295 3020 2354 3069 M
2399 3027 2556 3071 aota
2603 3019 2759 3075 Bodl.

465 3093 616 3139 cato
654 3087 852 3140 Basili.
891 3086 1011 3152 CD)
1150 3087 1310 3150 Quod
1347 3089 1479 3139 olim
1513 3088 1604 3138 hic
1645 3090 1987 3153 sequebatur
2022 3091 2258 3139 frustum
2295 3090 2351 3138 iu
2387 3088 2551 3138 Nouii
2586 3089 2759 3140 Dota-

471 3161 581 3206 tam
621 3156 711 3217 (fr.
746 3153 826 3219 11)
865 3155 1122 3206 transtuli

634 3387 709 3445 15
756 3404 840 3461 sq.
887 3389 1172 3445 baccheos
1202 3405 1331 3445 cum
1362 3390 1581 3445 lacuna
1611 3395 1745 3460 post
1775 3388 2029 3459 Graecam
2060 3387 2458 3442 Hermannum
2491 3386 2527 3441 1.
2559 3389 2600 3441 l.
2636 3386 2756 3443 277

464 3479 701 3529 seculus
731 3475 860 3530 olim
890 3474 1182 3544 dederam,
1215 3490 1371 3530 nunc
1401 3476 1696 3529 senarium
1726 3486 2043 3545 aynoscere
2074 3471 2211 3526 milei
2240 3474 2400 3527 uisus
2430 3486 2570 3527 sum.
2662 3487 2760 3525 nu·

462 3573 576 3613 oem
618 3557 870 3613 Graecam
919 3556 1208 3631 fanumque
1253 3556 1388 3613 adde
1434 3564 1693 3631 quantum
1740 3555 1870 3612 libet
1916 3556 2299 3626 exemplaria.
2383 3554 2530 3611 Puto
2574 3558 2760 3627 ipsum

462 3641 821 3698 Macrobium
854 3643 1160 3699 uerborum
1186 3644 1440 3699 ordinem
1473 3646 1805 3698 immutasse
1822 3666 1837 3695 .-
1870 3640 2113 3696 Thasiam
2135 3646 2325 3695 autem
2350 3656 2540 3696 nucem
2565 3642 2759 3714 aliquo

462 3728 623 3784 modo
668 3720 1034 3798 inferendam
1079 3742 1205 3784 esse
1245 3745 1358 3800 pro
1401 3734 1559 3783 certo
1604 3726 1806 3782 habeo.
1983 3722 2164 3780 fabum
2207 3725 2347 3780 Par.
2384 3725 2588 3781 Bamb.

467 3810 540 3868 17
588 3814 880 3867 senarium
911 3827 1038 3868 esse
1061 3827 1235 3883 posse
1267 3815 1483 3868 monuit
1513 3811 1836 3868 Muellerus
1859 3811 2105 3882 proma.-
2125 3807 2320 3866 Plaut.
2360 3809 2481 3865 130
2608 3816 2762 3883 pater

463 3928 740 3985 villicatui·
783 3930 1161 3986 Her-mannus
1200 3932 1240 3985 t.
1287 3932 1330 3986 l.
1376 3946 1503 3986 cum
1551 3933 1763 3986 ceteris
1932 3897 2183 3984 uilicato'r
2227 3928 2369 4002 Rey.
2402 3927 2588 4000 Bony.
2638 3926 2761 3982 uili-

464 4012 653 4069 {icatur
696 4011 945 4073 Carolir.
1120 4030 1185 4071 an
1230 4017 1445 4087 scripsi
1500 4015 1602 4069 iam
1656 4015 1793 4070 libr-i
1962 4011 2176 4087 uilicaga·
2225 4012 2299 4079 (ta
2358 4013 2468 4068 del.
2515 4030 2588 4067 m.
2634 4010 2759 4082 alt.)

463 4097 647 4172 Bony.
697 4098 876 4154 uilicat
921 4102 972 4155 si
1011 4102 1272 4173 Ieyatur‚
1317 4100 1481 4155 haud
1518 4100 1837 4170 displiceat.
2057 4096 2133 4152 21
2180 4100 2426 4169 primam
2476 4097 2761 4169 syllabam

463 4182 480 4237 i
511 4184 606 4238 uel
633 4182 687 4238 hi
718 4185 815 4240 uel
844 4184 936 4256 qui
968 4186 1062 4240 uel
1090 4184 1136 4239 si
1168 4186 1412 4256 explere
1433 4187 1623 4255 potuit
1752 4199 1851 4256 pro
1883 4180 2088 4257 populo
2115 4181 2264 4256 (polo
2294 4181 2475 4238 Basil.
2499 4176 2573 4256 D)
2597 4181 2760 4237 libri.-

462 4284 540 4323 an
570 4284 736 4341 porro
768 4267 974 4341 populo
1006 4270 1453 4343 corrigendum?
1565 4266 1642 4323 illi
1672 4267 1727 4323 in
1759 4266 1964 4341 populo
1996 4266 2430 4340 Lanyensiepen
2563 4264 2760 4321 fluctos

464 4351 630 4408 Bam.
664 4352 845 4408 Bern.
882 4346 967 4408 M¹
1129 4369 1289 4409 cecus
1338 4352 1542 4409 Bas-ill.
1588 4349 1684 4408 ΟΒ
1854 4350 2119 4406 discordia
2153 4351 2357 4407 Bamb.
2387 4350 2438 4405 Α
2485 4348 2664 4406 Ber-n.
2697 4350 2761 4406 M

2255 4444 2355 4496 11*
