3400 5075
1121 262 1496 313 APPENDIX
1533 261 2098 313 SENTENTIARVM
2630 257 2756 322 385

646 419 824 495 Quae
869 419 1046 483 bona
1090 419 1410 485 concessit
1453 418 1588 484 fo'rs
1633 418 1883 484 iustitia
1926 418 2259 501 temperet.

645 533 943 599 Iustitiae
991 535 1200 599 edicta
1244 536 1562 619 temperet
1605 534 1941 618 patientia.

469 651 599 716 235
644 650 972 715 Fortunae
1018 651 1289 715 nimium
1334 648 1629 715 tribuens
1675 651 1930 714 minuas
1978 647 2268 734 gloriam.

643 767 936 832 Fortuna
982 771 1200 832 caecat
1245 768 1484 831 multos
1529 769 1606 829 ut
1650 766 1935 829 medicus
1981 763 2213 828 malus.

645 880 836 947 Datis
883 882 1211 946 beneficiis
1257 883 1403 966 plus
1451 903 1645 966 quam
1692 880 1973 964 acceptis
2021 880 2320 965 gaudeas,

649 997 995 1082 Acceptius
1041 996 1432 1063 beneficium
1479 997 1690 1061 reddit
1737 997 2046 1060 celeritas,

643 1113 774 1178 Diu
823 1113 1235 1178 deliberdndo
1284 1114 1524 1179 amicos
1572 1113 1755 1198 elige.

469 1231 601 1295 240
647 1226 862 1293 Amici
906 1231 1149 1294 famam
1193 1231 1374 1294 {zuzim
1419 1233 1649 1313 putato
1697 1228 1988 1313 gloriam.

645 1345 931 1410 Probzire
979 1346 1217 1410 amicos
1265 1343 1336 1409 1'n
1381 1368 1450 1408 re
1499 1345 1773 1409 aduersa
1817 1343 2121 1408 fficiliuslz.

648 1459 799 1525 Sine
847 1462 1063 1525 {mima
1109 1440 1369 1546 corpu5‚
1414 1461 1539 1525 hoc
1586 1464 1685 1525 est
1733 1461 1870 1524 sine
1919 1456 2142 1524 amicis
2188 1459 2403 1524 homo.

645 1575 810 1642 Cum
857 1574 1080 1641 amicis
1126 1578 1293 1640 ratio
1341 1577 1581 1661 breuis,
1627 1576 1786 1640 fides
1822 1573 2297 1660 ‚longissimast.

648 1690 892 1756 Caueto
940 1692 1244 1774 amicum,
1292 1689 1474 1755 cuius
1522 1714 1814 1756 amarum
1862 1691 2044 1755 dulce
2092 1691 2192 1755 sit.

477 1807 607 1871 245
651 1805 1053 1891 Principium
1100 1807 1592 1871 amicitiarumst
1636 1808 1715 1871 de
1762 1807 2023 1872 homine
2070 1807 2234 1871 bene
2280 1807 2475 1891 loqui.

645 1920 944 1987 Amicum
995 1945 1075 1987 ne
1122 1923 1264 1986 ioco
1312 1922 1569 2006 quidem
1615 1923 1833 1987 laedes
1880 1922 2094 1986 uelim.
2274 2007 2280 2012 .
2655 1943 2755 1992 551

645 2035 894 2102 Amicis
941 2038 1240 2103 exhibeto
1289 2059 1453 2121 quae
1499 2040 1572 2100 tu
1617 2035 1744 2101 tsbi
1789 2038 1969 2101 uelis,

493 2327 500 2332 ⁵
601 2271 699 2319 237
739 2268 1124 2332 ‘Eleemosyna
1167 2283 1274 2316 non
1313 2274 1425 2317 tam
1466 2266 1866 2330 accipientibus
1904 2263 2127 2331 prodest
2169 2283 2330 2331 quam
2366 2266 2653 2318 dantibus'
2692 2268 2758 2318 de

467 2352 599 2387 mor.
639 2337 729 2396 553
771 2343 961 2385 extant
997 2337 1128 2385 item
1168 2337 1222 2384 in
1261 2333 1309 2400 β.
1449 2336 1549 2384 245
1588 2335 1908 2384 Vincentius
1947 2333 2086 2384 Bell.
2123 2349 2203 2399 sp.
2240 2333 2289 2384 d.
2327 2337 2376 2396 6,
2416 2338 2496 2390 14.

638 2587 758 2644 233
805 2604 886 2660 sq.
935 2603 1071 2659 quae
1117 2587 1334 2642 fortuna
1380 2588 1713 2641 concesserit
1758 2593 2021 2659 temperet
2078 2586 2307 2640 iustitia.-
2366 2586 2510 2660 quod
2556 2590 2761 2644 iustitia

468 2674 738 2745 inuenerit
783 2670 1048 2744 temperet
1095 2673 1346 2744 patientia
1393 2691 1443 2727 m
1479 2671 1576 2740 13,
1611 2671 1646 2726 2
1824 2670 1945 2728 235
1991 2671 2036 2725 si
2076 2671 2217 2725 enim
2264 2668 2514 2727 fortunae
2549 2674 2760 2727 auxeris

388 2773 402 2785 ·
467 2757 769 2826 licentiam,
822 2756 1017 2810 minuis
1063 2756 1292 2826 (minues
1353 2755 1444 2825 W)
1490 2756 1717 2829 gloriam
1763 2774 1814 2810 m
1865 2755 1974 2825 13,
2019 2754 2056 2811 3
2109 2753 2187 2810 W
2333 2751 2603 2831 tribuens]
2637 2759 2760 2811 siue

468 2840 759 2912 indulgens
932 2839 1053 2896 236
1103 2840 1316 2894 fortuna
1363 2849 1423 2893 ut
1469 2839 1706 2894 medicus
1752 2840 1971 2912 ignarus
2017 2838 2216 2894 multos
2270 2847 2447 2895 caecat
2492 2838 2761 2911 (excaecat

483 2923 574 2993 W)
618 2941 670 2977 m
705 2923 802 2989 13,
850 2924 885 2978 3
934 2923 1004 2976 W
1174 2922 1292 2978 237
1344 2923 1431 2993 Cf.
1470 2924 1778 2993 Syrisenl.
1814 2922 1892 2979 55
1938 2922 2060 2997 plus
2107 2923 2282 2997 gaude
2314 2924 2453 2979 datis
2500 2923 2549 2979 b.
2600 2941 2758 2998 quam

470 3007 701 3078 acceptis
748 3025 800 3061 m
850 3006 942 3075 14,
997 3008 1027 3061 1
1207 3006 1328 3062 238
1374 3006 1621 3061 celeritas
1668 3005 1985 3063 beneficium
2032 3010 2238 3081 gratius
2284 3007 2412 3064 sacit
2454 3028 2507 3064 m
2552 3009 2651 3081 14,
2690 3009 2759 3067 5.-

470 3090 549 3160 ef.
602 3090 740 3161 Syri
782 3091 842 3145 ul
891 3090 1004 3144 141
1227 3090 1346 3147 239
1395 3094 1479 3146 sic
1525 3110 1576 3145 m
1625 3091 1725 3162 15,
1776 3093 1806 3146 1
2026 3091 2150 3150 240
2194 3094 2344 3148 amici
2402 3092 2566 3148 uitam
2612 3101 2758 3150 tuam

469 3175 671 3246 imputa
718 3173 926 3229 samam.
1013 3175 1163 3229 amici
1211 3175 1398 3229 famam
1448 3181 1590 3230 tuam
1637 3177 1840 3249 imputa
1904 3176 2132 3250 gloriam
2177 3196 2230 3232 m
2280 3176 2379 3248 15,
2426 3177 2462 3234 3
2636 3177 2754 3234 241

470 3259 549 3329 cf.
600 3258 737 3329 Syri
778 3277 830 3314 u.
879 3258 958 3314 42
1006 3262 1256 3330 append.
1306 3252 1420 3319 585
1454 3260 1777 3316 Aristoteles
1823 3261 1955 3317 dixit
2000 3260 2217 3316 difficile
2263 3278 2383 3316 esse
2428 3262 2481 3316 in
2527 3277 2587 3317 re
2631 3278 2757 3335 pro·

470 3361 625 3417 spera
691 3346 889 3399 amicos
958 3342 1219 3417 probare,
1289 3346 1342 3400 in
1401 3343 1626 3400 aduersa
1680 3361 1896 3418 semper
1960 3345 2115 3401 facile
2171 3363 2225 3400 m
2287 3344 2387 3416 15,
2435 3346 2470 3402 6
2528 3345 2757 3418 probare

469 3430 667 3483 amicos
700 3427 921 3485 difficile
953 3437 1036 3483 est
1067 3444 1125 3482 re
1155 3446 1417 3502 prospera
1450 3430 1734 3485 Gruterus
1905 3429 2026 3485 242
2075 3429 2259 3502 quanti
2297 3438 2382 3485 est
2425 3431 2541 3485 sine
2584 3432 2756 3487 anima

469 3530 697 3586 eorpuS‚
746 3515 881 3568 tanti
928 3521 1011 3568 est
1056 3514 1169 3568 sine
1215 3515 1394 3569 amieis
1428 3514 1590 3569 homo
1635 3533 1685 3569 m
1721 3513 1821 3584 15,
1850 3513 1887 3570 8
1964 3522 1969 3529 '
2062 3513 2183 3570 243
2232 3529 2353 3569 cum
2384 3516 2564 3571 amicis
2594 3517 2759 3571 ratio·

469 3614 564 3651 nes
611 3596 836 3668 breueS‚
894 3598 1148 3652 amicitias
1207 3598 1397 3672 longas
1457 3615 1575 3654 esse
1634 3607 1856 3671 oportet
1913 3617 1965 3653 m
2015 3598 2113 3669 15,
2163 3597 2242 3655 10
2276 3616 2323 3669 p
2367 3599 2448 3656 56
2636 3599 2759 3655 244

468 3682 692 3736 amicum
740 3681 989 3737 blandum
1035 3699 1196 3751 caue,
1242 3684 1393 3739 cuius
1440 3699 1673 3737 amarum
1721 3691 1805 3738 est
1848 3699 2063 3756 semper
2107 3684 2251 3755 quod
2299 3682 2462 3739 fuerit
2505 3683 2662 3740 dulce
2705 3703 2760 3740 m

472 3766 569 3833 15,
607 3765 682 3819 12
856 3761 1110 3841 amicum]
1161 3783 1397 3822 amorem
1445 3770 1663 3822 mauult
1695 3768 2098 3824 Buecheler-us
2269 3766 2392 3824 245
2438 3770 2759 3841 principium

468 3850 729 3904 amicitiae
774 3859 860 3904 est
905 3850 1040 3905 liene
1088 3850 1236 3923 loqui
1281 3870 1333 3906 m
1385 3851 1480 3923 15,
1521 3852 1596 3908 13
1643 3853 1964 3925 principium
2010 3868 2057 3907 a.
2106 3861 2190 3907 est
2231 3850 2284 3907 b.
2311 3851 2353 3912 l.
2401 3852 2537 3908 male
2583 3854 2760 3907 dicere

467 3933 743 3988 exordium
804 3935 1196 3990 inimicitiarum
1236 3954 1281 4008 p
1328 3938 1426 4005 61,
1475 3954 1508 3994 c
1556 3936 1695 4003 108,
1748 3937 1793 3993 V
1992 3934 2115 3993 246
2162 3937 2386 3992 amicum
2434 3936 2647 3992 laedere
2693 3953 2760 3991 ne

468 4020 586 4073 ioco
634 4019 847 4090 quidem
895 4027 1115 4091 oportet
1159 4039 1210 4075 m
1261 4022 1359 4097 15,
1411 4023 1517 4079 17:
1566 4023 1793 4087 eadem,
1855 4021 1959 4075 sed
2008 4023 2067 4076 in
2116 4025 2277 4078 exitu
2320 4021 2448 4076 licet
2492 4022 2763 4076 Pithoeus

637 4101 756 4157 247
806 4105 972 4158 amico
1005 4120 1063 4158 ea
1096 4104 1349 4169 exhibere
1394 4110 1552 4167 decet
1597 4122 1735 4180 quae
1770 4103 1873 4159 tibi
1905 4105 2040 4163 uelis
2087 4124 2143 4161 m
2174 4105 2273 4176 15,
2305 4103 2385 4161 18
2430 4105 2532 4160 hoc
2576 4102 2768 4159 exhibe

467 4187 613 4263 quod
673 4186 768 4242 tibi
814 4190 1085 4260 optaueris
1130 4192 1370 4261 exhiheri
1417 4217 1469 4257 m
1518 4194 1575 4261 1,
1623 4191 1700 4248 21
1760 4206 1810 4261 p
1859 4190 1941 4250 73
1995 4191 2177 4247 amico
2224 4207 2286 4247 ea
2327 4187 2576 4245 exhibeto
2632 4202 2769 4259 quae

465 4274 604 4329 uelis
658 4270 754 4328 tibi
804 4274 1086 4330 Gruterus

568 4375 682 4417 σοι.
709 4376 822 4418 LA‘r.
857 4376 968 4417 Ru.
2346 4371 2409 4418 ‘25
2472 4376 2477 4381 '
