3400 5075
681 337 807 400 272
1700 339 1966 392 Novlvs

1786 494 1883 560 XI

684 611 809 675 115
856 610 1097 686 Quanti
1146 610 1480 674 addictus?
1540 612 1573 676 n·
1617 609 1795 675 mssle
1843 633 2195 675 nummum.
2244 610 2276 684 [Γ
2321 609 2487 674 m‘hil
2535 610 2732 675 addo:
2779 610 2979 674 duciis

2387 726 2556 789 lieet.

1764 843 1893 907 XII

862 1009 1308 1023 .....
1307 991 1312 994 -
1402 959 1660 1044 εὰρίθιιε
1711 960 1764 1022 si
1813 955 2091 1042 algebis,
2136 962 2389 1021 tremes,
2461 1028 2469 1041 .

1447 1108 1609 1175 XIII
1656 1107 1888 1195 (Naeu.
1935 1109 2057 1173 inc.
2112 1107 2221 1193 19)

864 1221 979 1310 [Si]
1030 1225 1383 1296 szilliturus,
1407 1223 1607 1289 istaec
1654 1229 1780 1310 est,
1825 1226 2080 1289 mittam
2129 1225 2344 1289 salem.

1765 1376 1889 1442 XV

856 1489 1122 1555 dicteria

678 1685 818 1735 enim
855 1701 963 1736 non
1000 1686 1113 1750 sal,
1155 1686 1252 1736 sed
1299 1693 1498 1736 natura
1535 1687 1762 1737 ridetur.
1836 1687 1897 1736 Iu
1938 1701 2066 1751 quo,
2116 1691 2176 1734 ut
2212 1685 2341 1735 mihi
2377 1685 2627 1749 uidetur,
2664 1685 2973 1751 persalsum

677 1753 813 1803 illud
858 1759 945 1803 est
993 1754 1139 1819 apud
1185 1749 1494 1804 Nouium:
1543 1755 1694 1819 quid’
1745 1771 1792 1804 e.
1832 1771 1880 1834 q.
1920 1769 1961 1804 s.
2037 1753 2384 1816 (Naeuium
2429 1752 2542 1806 Erl
2582 1754 2642 1816 1),
2692 1753 2773 1803 ed.
2819 1753 2972 1804 Rom.

677 1837 915 1872 nouum
965 1822 1103 1887 Lag.
1150 1824 1197 1875 2.
1246 1824 1311 1872 36
1368 1824 1645 1872 Ennium
1703 1824 1966 1873 nenium
2014 1823 2267 1885 Lag-14
2323 1837 2461 1871 corr.
2509 1826 2571 1871 ut
2615 1826 2646 1872 3
2692 1823 2973 1871 Ennium

677 1890 814 1954 Lag.
851 1887 943 1952 23)
1115 1889 1193 1938 XI
1232 1891 1427 1940 Cicero
1473 1889 1541 1940 de
1581 1898 1722 1939 orat.
1759 1891 1814 1941 11
1852 1891 1934 1950 63,
1972 1891 2073 1939 255
2120 1889 2486 1937 ‘notissimum
2532 1889 2754 1939 ridiculi
2800 1904 2974 1954 genus

677 1972 796 2006 cum
838 1956 986 2006 aliud
1032 1964 1410 2021 expectamus,
1460 1958 1610 2007 aliud
1659 1959 1878 2006 «licitur.
1952 1958 2060 2006 Hic
2097 1957 2371 2005 nobismet
2416 1958 2552 2020 ipsis
2599 1962 2788 2006 noster
2825 1973 2976 2007 error

679 2026 844 2073 risum
885 2033 1084 2074 mouet.
1158 2024 1317 2085 Quod
1365 2028 1409 2074 si
1461 2025 1760 2075 admixtum
1809 2031 1896 2074 est
1946 2026 2113 2074 etiam
2155 2025 2493 2086 ambiguum,
2542 2023 2603 2072 fit
2647 2023 2875 2082 salsius,
2914 2030 2974 2074 ut

679 2092 823 2156 apud
861 2093 1138 2140 Nouium
1184 2093 1405 2154 uidetur
1450 2109 1570 2143 esse
1619 2094 1940 2142 misericors
1977 2091 2095 2151 ille,
2143 2092 2233 2155 qni
2272 2091 2577 2140 iudicatum
2615 2092 2739 2140 duci
2776 2093 2973 2141 uidens

679 2165 1038 2223 percontatur
1082 2161 1191 2208 ita:
1241 2162 1478 2224 quanti
1522 2197 1532 2209 .
1562 2201 1574 2214 .
1603 2197 1615 2209 .
1652 2175 1994 2211 nummum.
2076 2158 2135 2208 Si
2185 2158 2493 2207 addidisset
2548 2164 2761 2209 tantum
2817 2159 2973 2209 modo

677 2228 885 2276 ducas
922 2226 1120 2289 licet,
1159 2234 1306 2277 esset
1343 2227 1481 2277 illud
1520 2244 1695 2293 genus
1730 2226 1949 2277 ridiculi
1975 2231 2197 2292 praeter
2221 2228 2685 2291 expectationem,
2723 2227 2820 2276 sed
2847 2227 2973 2292 quia

678 2294 896 2343 addidit
931 2295 1101 2344 nihil
1141 2294 1335 2355 addo,
1376 2296 1587 2346 ducas
1626 2297 1819 2358 licet,
1859 2294 2049 2344 addito
2074 2294 2350 2359 ambiguo,
2390 2295 2569 2346 altero
2604 2310 2806 2358 genere
2845 2294 2973 2343 ridi-

678 2362 819 2424 culi,
861 2363 993 2421 fuit,
1033 2366 1095 2411 ut
1132 2362 1263 2411 mibi
1301 2364 1518 2427 quidem
1556 2364 1806 2423 uidetur,
1846 2363 2199 2414 salsissimus.
2270 2361 2614 2425 (Naeuium
2655 2362 2764 2415 Eri,
2802 2363 2852 2422 b,
2890 2363 2971 2411 ed.

678 2431 831 2481 Rom.
871 2429 1149 2478 Nenium
1187 2431 1326 2495 Lag.
1365 2432 1429 2481 69
1470 2432 1746 2481 Ennium
1787 2432 1923 2494 Lag.
1960 2425 2048 2495 23)
2256 2429 2361 2478 XII
2400 2430 2596 2480 Cicero
2641 2428 2708 2478 de
2745 2436 2883 2480 orat.
2918 2428 2973 2478 11

680 2500 762 2560 70,
800 2499 899 2547 285
937 2501 1182 2561 ‘praeter
1218 2499 1669 2565 expectationem
1710 2498 1937 2561 accidit,
1983 2503 2045 2547 ut
2090 2501 2283 2548 testem
2323 2498 2559 2547 omnium
2597 2500 2739 2547 risus
2776 2497 2971 2547 obrue-

678 2572 783 2614 ret.
854 2565 1030 2615 Huius
1057 2568 1278 2629 generis
1304 2573 1391 2618 est
1417 2567 1616 2632 plenus
1642 2568 1925 2624 Nouius,
1966 2573 2022 2615 et
2044 2566 2196 2616 iocus
2221 2570 2305 2615 est
2330 2566 2649 2615 familiaris.
2688 2566 2971 2630 sapiens

678 2672 691 2683 .
722 2672 733 2684 .
764 2670 775 2681 .
802 2638 1071 2694 tremes,
1111 2639 1167 2683 et
1204 2634 1318 2683 slis.
1353 2636 1671 2700 permulta.²
1746 2634 2071 2698 (Naeuius
2108 2634 2222 2683 Erl.
2261 2632 2318 2696 b)
2482 2633 2614 2682 XIII
2654 2633 2993 2693 Priscianus,

678 2700 728 2748 X
765 2704 797 2749 9
836 2717 885 2765 p.
922 2702 1023 2749 910
1060 2703 1117 2751 P.
1152 2696 1337 2752 ‘sallio
1375 2701 1616 2751 sallitum
1657 2702 1826 2763 facit,
1871 2700 2023 2755 sallo·
2056 2702 2261 2750 salsum
2288 2738 2299 2750 .
2328 2738 2341 2750 .
2371 2738 2382 2749 .
2413 2701 2663 2750 Lucilius
2713 2704 2764 2751 in
2804 2700 2965 2750 VIII:

678 2768 922 2820 saliere.
988 2769 1163 2819 ‚Inde
1192 2772 1360 2819 etiam
1403 2771 1695 2835 participia
1725 2770 1896 2819 futuri
1933 2769 2295 2818 salliturus
2332 2774 2388 2817 et
2414 2767 2679 2817 salsurus.
2729 2769 2967 2818 Nouius·

677 2836 1002 2886 salliturus.
1075 2837 1300 2890 ‚salem
1371 2838 1682 2887 Mummius’
1721 2853 1766 2886 e.
1794 2854 1844 2901 q.
1872 2854 1914 2887 s.
1984 2836 2269 2899 (Nouius
2308 2836 2520 2899 Bamb„
2563 2835 2820 2885 Krehlius
2856 2850 2969 2884 no-

677 2871 1115 2954 uimusDresd.
1155 2906 1397 2955 neuius
1434 2906 1604 2955 Han».
1632 2906 1797 2955 Barb.
1838 2904 2124 2969 menius,
2164 2903 2267 2954 del.
2294 2908 2348 2952 et
2373 2918 2491 2967 sup.
2531 2904 2789 2960 ueuius,
2830 2904 2966 2965 Reg.

679 2970 894 3021 incui'
943 2974 1116 3036 Bong
1165 2971 1384 3024 lucius
1430 2974 1583 3024 Grut.
1638 2972 1851 3024 liuius
1896 2972 2126 3022 Carolir.
2186 2970 2467 3020 lucilius
2515 2970 2702 3036 Sang..
2748 2971 2816 3020 de
2864 2985 2968 3034 quo

679 3047 863 3089 tamen
901 3040 957 3088 in
996 3039 1237 3089 editione
1280 3041 1532 3092 Hertzius
1567 3040 1708 3090 nihil
1753 3044 2009 3101 testatur)
2182 3040 2268 3088 Fr.
2311 3038 2439 3088 XIV
2475 3038 2687 3088 Naeuio
2734 3037 2969 3099 reddidi,

678 3108 837 3157 cuius
874 3107 1018 3157 inter
1052 3108 1155 3157 inc.
1195 3124 1331 3158 com.
1372 3109 1435 3158 fr.
1474 3115 1627 3157 extat
1665 3108 1903 3157 XXVIII
2075 3106 2173 3157 XV
2213 3106 2527 3155 Macrobius
2565 3105 2682 3156 Sat.
2723 3105 2778 3154 11
2820 3108 2863 3164 1,
2908 3111 2969 3153 14

668 3168 950 3225 Nouius
987 3190 1119 3225 uero
1158 3176 1597 3241 Pomponiusque
1637 3177 1789 3225 iocos
1825 3192 1933 3225 non
1972 3191 2097 3224 raro
2134 3174 2424 3223 dicteria
2461 3174 2786 3223 nominant)
2825 3173 2968 3234 (Ne-

679 3245 831 3292 uius
869 3244 1059 3292 Bamb.
1101 3243 1261 3307 Gud.)
1402 3244 1602 3293 Nescio
1639 3244 1782 3292 unde
1820 3244 2069 3291 hauserit
2093 3241 2343 3306 Scaliger
2379 3241 2522 3305 quod
2558 3256 2625 3289 ex
2664 3240 2967 3289 ‘vincentii

681 3311 942 3375 epistols’
994 3312 1329 3375 Bernaysius
1367 3327 1418 3375 p.
1457 3313 1556 3360 249
1593 3310 1720 3359 libri
1758 3311 1842 3359 sui
1880 3311 2201 3373 descripsit.
2250 3314 2575 3358 ‘concacare
2612 3308 2811 3357 lectum
2850 3308 2968 3355 bar—

679 3381 867 3428 barum
917 3385 1018 3427 est.
1100 3394 1396 3443 percat-,are
1452 3379 1739 3427 dicendum
1790 3384 1937 3437 erat,
1985 3383 2048 3427 ut
2094 3375 2346 3425 Nouius
2393 3376 2770 3426 Atellanarins
2825 3375 2966 3424 dixit

678 3446 1106 3510 permerdare
1146 3446 1468 3511 aliquem3
1507 3447 1722 3496 Graeci
1752 3442 2084 3511 καταχὲζειν
2120 3436 2320 3503 τινός)

853 3626 970 3682 115
1017 3627 1217 3682 nummi
1264 3626 1402 3700 Lay.
1452 3625 1509 3681 2.
1554 3625 1633 3683 36
1692 3642 1976 3681 numerum
2033 3624 2173 3698 Lay.
2219 3624 2296 3681 81
2496 3622 2613 3678 117
2660 3624 2704 3678 si
2751 3624 2965 3693 addidi,

678 3680 783 3767 om.
829 3712 964 3766 libre·
1215 3712 1491 3767 salliturus
1538 3712 1637 3766 ista
1696 3711 1824 3765 haec
1870 3711 2063 3781 (isthec
2112 3709 2380 3781 Carolir.)
2426 3718 2507 3764 est
2554 3709 2727 3764 Halb.
2780 3708 2961 3777 Bony.

682 3795 946 3867 Carole'r.)
1004 3798 1135 3851 isles
1194 3801 1223 3851 ἒ
1280 3796 1555 3851 salmurus
1603 3796 1784 3851 Barb.
2049 3803 2239 3851 ulrum
2286 3803 2368 3849 est
2414 3813 2490 3849 an
2548 3809 2605 3847 es
2652 3796 2850 3848 uerius
2893 3795 2967 3847 sit

673 3882 864 3938 dubito
