<?xml version="1.0" encoding="UTF-8"?>
<!DOCTYPE html PUBLIC "-//W3C//DTD XHTML 1.0 Transitional//EN"
    "http://www.w3.org/TR/xhtml1/DTD/xhtml1-transitional.dtd">
<html xmlns="http://www.w3.org/1999/xhtml" xml:lang="en" lang="en">
 <head>
  <title>
</title>
<meta http-equiv="Content-Type" content="text/html;charset=utf-8" />
  <meta name='ocr-system' content='tesseract 3.04.00' />
  <meta name='ocr-capabilities' content='ocr_page ocr_carea ocr_par ocr_line ocrx_word'/>
</head>
<body>
  <div class='ocr_page' id='page_1' title='image "./comicorumromano00teregoog_0069.png"; bbox 0 0 3400 5075; ppageno 0'>
   <div class='ocr_carea' id='block_1_1' title="bbox 1416 206 2827 266">
    <p class='ocr_par' dir='ltr' id='par_1_1' title="bbox 1416 206 2827 266">
     <span class='ocr_line' id='line_1_1' title="bbox 1416 206 2827 266; baseline 0.003 -4"><span class='ocrx_word' id='word_1_1' title='bbox 1416 206 1944 262; x_wconf 82' lang='lat' dir='ltr'>COROLLARIVM</span> <span class='ocrx_word' id='word_1_2' title='bbox 2618 210 2827 266; x_wconf 84' lang='lat' dir='ltr'><strong>LXVII</strong></span> 
     </span>
    </p>
   </div>
   <div class='ocr_carea' id='block_1_2' title="bbox 529 368 2823 755">
    <p class='ocr_par' dir='ltr' id='par_1_2' title="bbox 529 368 2823 755">
     <span class='ocr_line' id='line_1_2' title="bbox 530 368 2822 456; baseline 0.001 -22"><span class='ocrx_word' id='word_1_3' title='bbox 530 370 768 434; x_wconf 86' lang='lat' dir='ltr'>stochii</span> <span class='ocrx_word' id='word_1_4' title='bbox 803 368 999 456; x_wconf 83' lang='lat'>1869)</span> <span class='ocrx_word' id='word_1_5' title='bbox 1040 393 1099 453; x_wconf 88' lang='lat' dir='ltr'>p.</span> <span class='ocrx_word' id='word_1_6' title='bbox 1130 370 1170 433; x_wconf 85' lang='lat'>9</span> <span class='ocrx_word' id='word_1_7' title='bbox 1202 394 1290 455; x_wconf 86' lang='lat' dir='ltr'>sq.</span> <span class='ocrx_word' id='word_1_8' title='bbox 1365 371 1731 437; x_wconf 86' lang='lat' dir='ltr'>Notissima</span> <span class='ocrx_word' id='word_1_9' title='bbox 1775 371 2023 435; x_wconf 88' lang='lat' dir='ltr'>locutio</span> <span class='ocrx_word' id='word_1_10' title='bbox 2071 375 2170 435; x_wconf 87' lang='lat' dir='ltr'>est</span> <span class='ocrx_word' id='word_1_11' title='bbox 2216 370 2390 454; x_wconf 75' lang='lat' dir='ltr'>‘quid</span> <span class='ocrx_word' id='word_1_12' title='bbox 2422 394 2518 443; x_wconf 84' lang='lat' dir='ltr'>me</span> <span class='ocrx_word' id='word_1_13' title='bbox 2553 374 2822 439; x_wconf 56' lang='lat' dir='ltr'>censes?</span> 
     </span>
     <span class='ocr_line' id='line_1_3' title="bbox 529 477 2823 564; baseline 0.001 -22"><span class='ocrx_word' id='word_1_14' title='bbox 529 478 609 543; x_wconf 90' lang='lat' dir='ltr'>ef.</span> <span class='ocrx_word' id='word_1_15' title='bbox 639 478 780 542; x_wconf 89' lang='lat' dir='ltr'>Ter.</span> <span class='ocrx_word' id='word_1_16' title='bbox 810 478 1008 541; x_wconf 88' lang='lat' dir='ltr'><strong>Andr.</strong></span> <span class='ocrx_word' id='word_1_17' title='bbox 1048 478 1176 541; x_wconf 84' lang='lat'>853</span> <span class='ocrx_word' id='word_1_18' title='bbox 1225 477 1411 561; x_wconf 77' lang='lat' dir='ltr'>‘quor</span> <span class='ocrx_word' id='word_1_19' title='bbox 1458 480 1662 564; x_wconf 75' lang='lat' dir='ltr'>igitur</span> <span class='ocrx_word' id='word_1_20' title='bbox 1707 478 1814 542; x_wconf 87' lang='lat' dir='ltr'>hic</span> <span class='ocrx_word' id='word_1_21' title='bbox 1863 478 2002 542; x_wconf 81' lang='lat' dir='ltr'>est?</span> <span class='ocrx_word' id='word_1_22' title='bbox 2051 481 2082 549; x_wconf 83' lang='grc' dir='ltr'>[Γ</span> <span class='ocrx_word' id='word_1_23' title='bbox 2128 479 2279 561; x_wconf 89' lang='lat' dir='ltr'>quid</span> <span class='ocrx_word' id='word_1_24' title='bbox 2328 479 2513 543; x_wconf 90' lang='lat' dir='ltr'>illum</span> <span class='ocrx_word' id='word_1_25' title='bbox 2560 481 2823 546; x_wconf 79' lang='lat' dir='ltr'>censes?</span> 
     </span>
     <span class='ocr_line' id='line_1_4' title="bbox 529 582 2822 669; baseline 0.002 -21"><span class='ocrx_word' id='word_1_26' title='bbox 529 607 677 648; x_wconf 89' lang='lat' dir='ltr'>cum</span> <span class='ocrx_word' id='word_1_27' title='bbox 723 584 841 648; x_wconf 87' lang='lat' dir='ltr'>illa</span> <span class='ocrx_word' id='word_1_28' title='bbox 885 582 1150 667; x_wconf 66' lang='lat' dir='ltr'>litigat?</span> <span class='ocrx_word' id='word_1_29' title='bbox 1218 584 1471 667; x_wconf 83' lang='lat' dir='ltr'>adelph.</span> <span class='ocrx_word' id='word_1_30' title='bbox 1517 586 1648 650; x_wconf 83' lang='lat'>656</span> <span class='ocrx_word' id='word_1_31' title='bbox 1698 584 1883 669; x_wconf 77' lang='lat' dir='ltr'>‘quid</span> <span class='ocrx_word' id='word_1_32' title='bbox 1933 584 2158 649; x_wconf 83' lang='lat' dir='ltr'>aiunt?</span> <span class='ocrx_word' id='word_1_33' title='bbox 2205 587 2238 659; x_wconf 74' lang='grc' dir='ltr'>[Γ</span> <span class='ocrx_word' id='word_1_34' title='bbox 2282 585 2435 669; x_wconf 89' lang='lat' dir='ltr'>quid</span> <span class='ocrx_word' id='word_1_35' title='bbox 2483 586 2630 651; x_wconf 87' lang='lat' dir='ltr'>illas</span> <span class='ocrx_word' id='word_1_36' title='bbox 2679 610 2822 652; x_wconf 89' lang='lat' dir='ltr'>een·</span> 
     </span>
     <span class='ocr_line' id='line_1_5' title="bbox 530 688 1077 755; baseline -0.002 -1"><span class='ocrx_word' id='word_1_37' title='bbox 530 692 673 755; x_wconf 82' lang='lat' dir='ltr'>ses?</span> <span class='ocrx_word' id='word_1_38' title='bbox 718 691 813 755; x_wconf 90' lang='lat' dir='ltr'>nil</span> <span class='ocrx_word' id='word_1_39' title='bbox 861 688 1077 755; x_wconf 88' lang='lat' dir='ltr'>enim.’</span> 
     </span>
    </p>
   </div>
   <div class='ocr_carea' id='block_1_3' title="bbox 528 851 2819 1021">
    <p class='ocr_par' dir='ltr' id='par_1_3' title="bbox 528 851 2819 1021">
     <span class='ocr_line' id='line_1_6' title="bbox 713 851 2819 932; baseline 0.002 -18"><span class='ocrx_word' id='word_1_40' title='bbox 713 852 831 914; x_wconf 88' lang='grc'>101</span> <span class='ocrx_word' id='word_1_41' title='bbox 896 872 1052 931; x_wconf 75' lang='lat' dir='ltr'>quae</span> <span class='ocrx_word' id='word_1_42' title='bbox 1105 851 1308 932; x_wconf 76' lang='lat' dir='ltr'>iuryio</span> <span class='ocrx_word' id='word_1_43' title='bbox 1360 851 1774 932; x_wconf 78' lang='lat' dir='ltr'>uiolentiaque</span> <span class='ocrx_word' id='word_1_44' title='bbox 1828 855 2054 914; x_wconf 80' lang='lat' dir='ltr'>terrent</span> <span class='ocrx_word' id='word_1_45' title='bbox 2109 852 2377 916; x_wconf 76' lang='lat' dir='ltr'><em>desubito</em></span> <span class='ocrx_word' id='word_1_46' title='bbox 2435 854 2608 917; x_wconf 79' lang='lat' dir='ltr'>uiros</span> <span class='ocrx_word' id='word_1_47' title='bbox 2669 854 2819 918; x_wconf 86' lang='lat' dir='ltr'>Pas-</span> 
     </span>
     <span class='ocr_line' id='line_1_7' title="bbox 528 958 821 1021; baseline 0.003 -1"><span class='ocrx_word' id='word_1_48' title='bbox 528 958 821 1021; x_wconf 70' lang='lat' dir='ltr'>seratiuS.</span> 
     </span>
    </p>
   </div>
   <div class='ocr_carea' id='block_1_4' title="bbox 452 1117 2826 4175">
    <p class='ocr_par' dir='ltr' id='par_1_4' title="bbox 452 1117 2826 4175">
     <span class='ocr_line' id='line_1_8' title="bbox 714 1117 2826 1187; baseline 0.001 -5"><span class='ocrx_word' id='word_1_49' title='bbox 714 1118 842 1182; x_wconf 89' lang='lat'>105</span> <span class='ocrx_word' id='word_1_50' title='bbox 886 1117 996 1182; x_wconf 79' lang='lat' dir='ltr'>sub</span> <span class='ocrx_word' id='word_1_51' title='bbox 1041 1118 1153 1181; x_wconf 77' lang='lat' dir='ltr'>diu</span> <span class='ocrx_word' id='word_1_52' title='bbox 1199 1118 1268 1181; x_wconf 90' lang='lat' dir='ltr'>in</span> <span class='ocrx_word' id='word_1_53' title='bbox 1315 1117 1491 1181; x_wconf 81' lang='lat' dir='ltr'>exitu</span> <span class='ocrx_word' id='word_1_54' title='bbox 1538 1118 1776 1182; x_wconf 89' lang='lat' dir='ltr'>senarii</span> <span class='ocrx_word' id='word_1_55' title='bbox 1815 1122 2095 1182; x_wconf 89' lang='lat' dir='ltr'>metrum</span> <span class='ocrx_word' id='word_1_56' title='bbox 2139 1141 2273 1184; x_wconf 89' lang='lat' dir='ltr'>non</span> <span class='ocrx_word' id='word_1_57' title='bbox 2309 1121 2588 1185; x_wconf 88' lang='lat' dir='ltr'>tolerare</span> <span class='ocrx_word' id='word_1_58' title='bbox 2636 1122 2826 1187; x_wconf 90' lang='lat' dir='ltr'>docet</span> 
     </span>
     <span class='ocr_line' id='line_1_9' title="bbox 530 1205 2823 1311; baseline 0.002 -22"><span class='ocrx_word' id='word_1_59' title='bbox 530 1224 975 1290; x_wconf 86' lang='lat' dir='ltr'>Mostellariae</span> <span class='ocrx_word' id='word_1_60' title='bbox 1039 1205 1097 1288; x_wconf 81' lang='lat' dir='ltr'>v.</span> <span class='ocrx_word' id='word_1_61' title='bbox 1156 1224 1284 1289; x_wconf 84' lang='lat'>765</span> <span class='ocrx_word' id='word_1_62' title='bbox 1350 1223 1499 1288; x_wconf 77' lang='lat' dir='ltr'>‘sub</span> <span class='ocrx_word' id='word_1_63' title='bbox 1566 1222 1674 1287; x_wconf 78' lang='lat' dir='ltr'>diu</span> <span class='ocrx_word' id='word_1_64' title='bbox 1750 1225 1962 1289; x_wconf 88' lang='lat' dir='ltr'>colere</span> <span class='ocrx_word' id='word_1_65' title='bbox 2032 1228 2098 1288; x_wconf 90' lang='lat' dir='ltr'>te</span> <span class='ocrx_word' id='word_1_66' title='bbox 2167 1248 2366 1308; x_wconf 86' lang='lat' dir='ltr'>usque</span> <span class='ocrx_word' id='word_1_67' title='bbox 2438 1232 2823 1311; x_wconf 87' lang='lat' dir='ltr'>perpetuom</span> 
     </span>
     <span class='ocr_line' id='line_1_10' title="bbox 529 1329 2823 1417; baseline 0.001 -23"><span class='ocrx_word' id='word_1_68' title='bbox 529 1329 753 1413; x_wconf 87' lang='lat' dir='ltr'>diem’‚</span> <span class='ocrx_word' id='word_1_69' title='bbox 809 1334 875 1394; x_wconf 91' lang='lat' dir='ltr'>et</span> <span class='ocrx_word' id='word_1_70' title='bbox 928 1331 1139 1394; x_wconf 88' lang='lat' dir='ltr'>laetor</span> <span class='ocrx_word' id='word_1_71' title='bbox 1183 1352 1353 1394; x_wconf 90' lang='lat' dir='ltr'>nunc</span> <span class='ocrx_word' id='word_1_72' title='bbox 1399 1329 1870 1394; x_wconf 87' lang='lat' dir='ltr'>Buechelerum</span> <span class='ocrx_word' id='word_1_73' title='bbox 1918 1353 2168 1415; x_wconf 91' lang='lat' dir='ltr'>quoque</span> <span class='ocrx_word' id='word_1_74' title='bbox 2226 1332 2575 1415; x_wconf 87' lang='lat' dir='ltr'>reprobare</span> <span class='ocrx_word' id='word_1_75' title='bbox 2632 1356 2823 1417; x_wconf 90' lang='lat' dir='ltr'>quem</span> 
     </span>
     <span class='ocr_line' id='line_1_11' title="bbox 530 1435 2826 1518; baseline 0.001 -18"><span class='ocrx_word' id='word_1_76' title='bbox 530 1437 689 1501; x_wconf 87' lang='lat' dir='ltr'>olim</span> <span class='ocrx_word' id='word_1_77' title='bbox 744 1436 810 1500; x_wconf 91' lang='lat' dir='ltr'>in</span> <span class='ocrx_word' id='word_1_78' title='bbox 860 1435 1174 1500; x_wconf 85' lang='lat' dir='ltr'>Varronis</span> <span class='ocrx_word' id='word_1_79' title='bbox 1233 1440 1350 1500; x_wconf 85' lang='lat' dir='ltr'>sat.</span> <span class='ocrx_word' id='word_1_80' title='bbox 1398 1438 1523 1518; x_wconf 80' lang='grc' dir='ltr'>ἔχω</span> <span class='ocrx_word' id='word_1_81' title='bbox 1581 1453 1653 1500; x_wconf 84' lang='grc' dir='ltr'>σε</span> <span class='ocrx_word' id='word_1_82' title='bbox 1710 1436 1787 1499; x_wconf 87' lang='lat' dir='ltr'>fr.</span> <span class='ocrx_word' id='word_1_83' title='bbox 1832 1436 1862 1500; x_wconf 94' lang='lat' dir='ltr'>I</span> <span class='ocrx_word' id='word_1_84' title='bbox 1911 1436 1985 1500; x_wconf 84' lang='lat' dir='ltr'>R.</span> <span class='ocrx_word' id='word_1_85' title='bbox 2043 1438 2280 1501; x_wconf 86' lang='lat' dir='ltr'>senarii</span> <span class='ocrx_word' id='word_1_86' title='bbox 2343 1441 2536 1502; x_wconf 85' lang='lat' dir='ltr'>finem</span> <span class='ocrx_word' id='word_1_87' title='bbox 2592 1440 2826 1502; x_wconf 87' lang='lat' dir='ltr'>statuit</span> 
     </span>
     <span class='ocr_line' id='line_1_12' title="bbox 526 1542 2822 1627; baseline 0 -20"><span class='ocrx_word' id='word_1_88' title='bbox 526 1542 637 1607; x_wconf 76' lang='lat' dir='ltr'>sub</span> <span class='ocrx_word' id='word_1_89' title='bbox 692 1543 829 1619; x_wconf 69' lang='lat' dir='ltr'><strong><em>diu,</em></strong></span> <span class='ocrx_word' id='word_1_90' title='bbox 884 1565 1001 1625; x_wconf 90' lang='lat' dir='ltr'>pro</span> <span class='ocrx_word' id='word_1_91' title='bbox 1058 1542 1290 1625; x_wconf 87' lang='lat' dir='ltr'>quibus</span> <span class='ocrx_word' id='word_1_92' title='bbox 1347 1543 1416 1607; x_wconf 90' lang='lat' dir='ltr'>in</span> <span class='ocrx_word' id='word_1_93' title='bbox 1471 1542 1918 1627; x_wconf 75' lang='lat' dir='ltr'>recognitione</span> <span class='ocrx_word' id='word_1_94' title='bbox 1974 1544 2329 1608; x_wconf 85' lang='lat' dir='ltr'>novissima</span> <span class='ocrx_word' id='word_1_95' title='bbox 2387 1544 2464 1607; x_wconf 88' lang='lat' dir='ltr'>fr.</span> <span class='ocrx_word' id='word_1_96' title='bbox 2528 1545 2645 1607; x_wconf 95' lang='grc'>171</span> <span class='ocrx_word' id='word_1_97' title='bbox 2710 1546 2822 1608; x_wconf 80' lang='lat' dir='ltr'>sub</span> 
     </span>
     <span class='ocr_line' id='line_1_13' title="bbox 528 1648 2823 1734; baseline 0 -22"><span class='ocrx_word' id='word_1_98' title='bbox 528 1649 671 1712; x_wconf 83' lang='lat' dir='ltr'>Iove</span> <span class='ocrx_word' id='word_1_99' title='bbox 729 1670 875 1712; x_wconf 87' lang='lat' dir='ltr'>cum</span> <span class='ocrx_word' id='word_1_100' title='bbox 922 1648 1221 1714; x_wconf 87' lang='lat' dir='ltr'>Vahleno</span> <span class='ocrx_word' id='word_1_101' title='bbox 1270 1649 1436 1713; x_wconf 89' lang='lat' dir='ltr'>anal.</span> <span class='ocrx_word' id='word_1_102' title='bbox 1490 1648 1659 1714; x_wconf 91' lang='lat' dir='ltr'>Non.</span> <span class='ocrx_word' id='word_1_103' title='bbox 1712 1650 1746 1711; x_wconf 83' lang='lat'>7</span> <span class='ocrx_word' id='word_1_104' title='bbox 1812 1651 2088 1734; x_wconf 74' lang='lat' dir='ltr'>scripsit.</span> <span class='ocrx_word' id='word_1_105' title='bbox 2181 1648 2481 1714; x_wconf 87' lang='lat' dir='ltr'>Ceterum</span> <span class='ocrx_word' id='word_1_106' title='bbox 2537 1672 2656 1715; x_wconf 84' lang='lat' dir='ltr'>nec</span> <span class='ocrx_word' id='word_1_107' title='bbox 2711 1651 2823 1713; x_wconf 75' lang='lat' dir='ltr'>sub</span> 
     </span>
     <span class='ocr_line' id='line_1_14' title="bbox 526 1752 2820 1841; baseline 0.001 -23"><span class='ocrx_word' id='word_1_108' title='bbox 526 1757 665 1819; x_wconf 81' lang='lat' dir='ltr'>divo</span> <span class='ocrx_word' id='word_1_109' title='bbox 723 1752 854 1840; x_wconf 88' lang='lat' dir='ltr'>(vel</span> <span class='ocrx_word' id='word_1_110' title='bbox 911 1755 1082 1839; x_wconf 89' lang='lat' dir='ltr'>quod</span> <span class='ocrx_word' id='word_1_111' title='bbox 1146 1756 1317 1819; x_wconf 89' lang='lat' dir='ltr'>idem</span> <span class='ocrx_word' id='word_1_112' title='bbox 1373 1758 1472 1820; x_wconf 88' lang='lat' dir='ltr'>est</span> <span class='ocrx_word' id='word_1_113' title='bbox 1524 1753 1661 1841; x_wconf 73' lang='lat' dir='ltr'>diu)</span> <span class='ocrx_word' id='word_1_114' title='bbox 1727 1778 1844 1821; x_wconf 90' lang='lat' dir='ltr'>nec</span> <span class='ocrx_word' id='word_1_115' title='bbox 1907 1758 2017 1821; x_wconf 82' lang='lat' dir='ltr'>sub</span> <span class='ocrx_word' id='word_1_116' title='bbox 2072 1756 2218 1820; x_wconf 80' lang='lat' dir='ltr'>Iove</span> <span class='ocrx_word' id='word_1_117' title='bbox 2263 1756 2339 1820; x_wconf 89' lang='lat' dir='ltr'>de</span> <span class='ocrx_word' id='word_1_118' title='bbox 2397 1757 2499 1820; x_wconf 91' lang='lat' dir='ltr'>die</span> <span class='ocrx_word' id='word_1_119' title='bbox 2564 1760 2820 1821; x_wconf 86' lang='lat' dir='ltr'>tantum</span> 
     </span>
     <span class='ocr_line' id='line_1_15' title="bbox 529 1861 2824 1945; baseline 0 -20"><span class='ocrx_word' id='word_1_120' title='bbox 529 1863 720 1945; x_wconf 86' lang='lat' dir='ltr'>valet,</span> <span class='ocrx_word' id='word_1_121' title='bbox 767 1862 953 1944; x_wconf 39' lang='lat' dir='ltr'>quod.</span> <span class='ocrx_word' id='word_1_122' title='bbox 986 1862 1040 1925; x_wconf 90' lang='lat' dir='ltr'>si</span> <span class='ocrx_word' id='word_1_123' title='bbox 1089 1884 1312 1926; x_wconf 89' lang='lat' dir='ltr'>verum</span> <span class='ocrx_word' id='word_1_124' title='bbox 1351 1866 1536 1945; x_wconf 86' lang='lat' dir='ltr'>esset,</span> <span class='ocrx_word' id='word_1_125' title='bbox 1581 1885 1698 1927; x_wconf 89' lang='lat' dir='ltr'>nec</span> <span class='ocrx_word' id='word_1_126' title='bbox 1748 1861 1889 1927; x_wconf 78' lang='lat' dir='ltr'>‘sub</span> <span class='ocrx_word' id='word_1_127' title='bbox 1927 1864 2035 1929; x_wconf 89' lang='lat' dir='ltr'>dio</span> <span class='ocrx_word' id='word_1_128' title='bbox 2073 1864 2141 1927; x_wconf 93' lang='lat' dir='ltr'>in</span> <span class='ocrx_word' id='word_1_129' title='bbox 2180 1862 2339 1927; x_wconf 85' lang='lat' dir='ltr'>sole&#39;</span> <span class='ocrx_word' id='word_1_130' title='bbox 2386 1863 2824 1928; x_wconf 82' lang='lat' dir='ltr'>coniunxisset</span> 
     </span>
     <span class='ocr_line' id='line_1_16' title="bbox 528 1965 2822 2034; baseline 0 -3"><span class='ocrx_word' id='word_1_131' title='bbox 528 1965 893 2032; x_wconf 81' lang='lat' dir='ltr'>Columella</span> <span class='ocrx_word' id='word_1_132' title='bbox 938 1967 1066 2031; x_wconf 89' lang='lat' dir='ltr'>XII</span> <span class='ocrx_word' id='word_1_133' title='bbox 1118 1970 1198 2032; x_wconf 81' lang='lat'>12</span> <span class='ocrx_word' id='word_1_134' title='bbox 1252 1990 1372 2032; x_wconf 90' lang='lat' dir='ltr'>nec</span> <span class='ocrx_word' id='word_1_135' title='bbox 1430 1968 1776 2034; x_wconf 73' lang='lat' dir='ltr'>Suetonius</span> <span class='ocrx_word' id='word_1_136' title='bbox 1832 1968 2014 2034; x_wconf 86' lang='lat' dir='ltr'>Caes.</span> <span class='ocrx_word' id='word_1_137' title='bbox 2065 1970 2147 2033; x_wconf 80' lang='lat'>72</span> <span class='ocrx_word' id='word_1_138' title='bbox 2205 1967 2548 2033; x_wconf 85' lang='lat' dir='ltr'>Caesarem</span> <span class='ocrx_word' id='word_1_139' title='bbox 2607 1968 2822 2032; x_wconf 78' lang='lat' dir='ltr'>‘humi</span> 
     </span>
     <span class='ocr_line' id='line_1_17' title="bbox 529 2072 2820 2160; baseline 0.001 -22"><span class='ocrx_word' id='word_1_140' title='bbox 529 2097 604 2138; x_wconf 87' lang='lat' dir='ltr'>ac</span> <span class='ocrx_word' id='word_1_141' title='bbox 652 2076 771 2138; x_wconf 89' lang='lat' dir='ltr'>sub</span> <span class='ocrx_word' id='word_1_142' title='bbox 818 2072 1003 2139; x_wconf 83' lang='lat' dir='ltr'>‹livo&#39;</span> <span class='ocrx_word' id='word_1_143' title='bbox 1052 2076 1349 2139; x_wconf 79' lang='lat' dir='ltr'>cubuisse</span> <span class='ocrx_word' id='word_1_144' title='bbox 1405 2076 1829 2160; x_wconf 79' lang='lat' dir='ltr'>narravisset,</span> <span class='ocrx_word' id='word_1_145' title='bbox 1884 2078 1997 2140; x_wconf 90' lang='lat' dir='ltr'>ubi</span> <span class='ocrx_word' id='word_1_146' title='bbox 2045 2079 2216 2140; x_wconf 91' lang='lat' dir='ltr'>certe</span> <span class='ocrx_word' id='word_1_147' title='bbox 2276 2080 2595 2140; x_wconf 88' lang='lat' dir='ltr'>nocturna</span> <span class='ocrx_word' id='word_1_148' title='bbox 2640 2077 2820 2159; x_wconf 87' lang='lat' dir='ltr'>quies</span> 
     </span>
     <span class='ocr_line' id='line_1_18' title="bbox 527 2180 2820 2265; baseline 0 -21"><span class='ocrx_word' id='word_1_149' title='bbox 527 2181 989 2265; x_wconf 83' lang='lat' dir='ltr'>intellegenda,</span> <span class='ocrx_word' id='word_1_150' title='bbox 1055 2204 1174 2245; x_wconf 90' lang='lat' dir='ltr'>nec</span> <span class='ocrx_word' id='word_1_151' title='bbox 1240 2180 1507 2246; x_wconf 84' lang='lat' dir='ltr'>Ovidius</span> <span class='ocrx_word' id='word_1_152' title='bbox 1575 2182 1945 2265; x_wconf 84' lang='lat' dir='ltr'>scripsisset</span> <span class='ocrx_word' id='word_1_153' title='bbox 2007 2186 2267 2246; x_wconf 89' lang='lat' dir='ltr'>metam.</span> <span class='ocrx_word' id='word_1_154' title='bbox 2323 2181 2416 2245; x_wconf 94' lang='lat' dir='ltr'>IV</span> <span class='ocrx_word' id='word_1_155' title='bbox 2473 2183 2604 2245; x_wconf 81' lang='lat'>260</span> <span class='ocrx_word' id='word_1_156' title='bbox 2670 2182 2820 2245; x_wconf 82' lang='lat' dir='ltr'>‘sub</span> 
     </span>
     <span class='ocr_line' id='line_1_19' title="bbox 525 2285 2821 2370; baseline 0.001 -21"><span class='ocrx_word' id='word_1_157' title='bbox 525 2285 678 2351; x_wconf 89' lang='lat' dir='ltr'>Iove</span> <span class='ocrx_word' id='word_1_158' title='bbox 733 2290 922 2351; x_wconf 83' lang='lat' dir='ltr'>nocte</span> <span class='ocrx_word' id='word_1_159' title='bbox 980 2288 1210 2370; x_wconf 91' lang='lat' dir='ltr'>dieque</span> <span class='ocrx_word' id='word_1_160' title='bbox 1260 2287 1441 2351; x_wconf 83' lang='lat' dir='ltr'>Sedit</span> <span class='ocrx_word' id='word_1_161' title='bbox 1494 2289 1694 2354; x_wconf 91' lang='lat' dir='ltr'>humo</span> <span class='ocrx_word' id='word_1_162' title='bbox 1741 2287 1946 2352; x_wconf 89' lang='lat' dir='ltr'>nuda’</span> <span class='ocrx_word' id='word_1_163' title='bbox 1994 2292 2108 2351; x_wconf 88' lang='lat' dir='ltr'>aut</span> <span class='ocrx_word' id='word_1_164' title='bbox 2152 2288 2300 2351; x_wconf 88' lang='lat' dir='ltr'>fast.</span> <span class='ocrx_word' id='word_1_165' title='bbox 2346 2287 2440 2351; x_wconf 94' lang='lat' dir='ltr'>IV</span> <span class='ocrx_word' id='word_1_166' title='bbox 2489 2288 2620 2351; x_wconf 86' lang='lat'>505</span> <span class='ocrx_word' id='word_1_167' title='bbox 2669 2287 2821 2352; x_wconf 74' lang='lat' dir='ltr'>‘sub</span> 
     </span>
     <span class='ocr_line' id='line_1_20' title="bbox 523 2391 2819 2477; baseline 0.001 -22"><span class='ocrx_word' id='word_1_168' title='bbox 523 2391 678 2456; x_wconf 88' lang='lat' dir='ltr'>Iove</span> <span class='ocrx_word' id='word_1_169' title='bbox 726 2392 986 2457; x_wconf 89' lang='lat' dir='ltr'>duravit</span> <span class='ocrx_word' id='word_1_170' title='bbox 1032 2393 1252 2457; x_wconf 84' lang='lat' dir='ltr'>multis</span> <span class='ocrx_word' id='word_1_171' title='bbox 1301 2394 1577 2459; x_wconf 89' lang='lat' dir='ltr'>immota</span> <span class='ocrx_word' id='word_1_172' title='bbox 1623 2395 1848 2458; x_wconf 90' lang='lat' dir='ltr'>diebus</span> <span class='ocrx_word' id='word_1_173' title='bbox 1895 2393 1985 2457; x_wconf 88' lang='lat' dir='ltr'>Et</span> <span class='ocrx_word' id='word_1_174' title='bbox 2028 2393 2220 2456; x_wconf 88' lang='lat' dir='ltr'>lunae</span> <span class='ocrx_word' id='word_1_175' title='bbox 2265 2393 2520 2476; x_wconf 87' lang='lat' dir='ltr'>patiens</span> <span class='ocrx_word' id='word_1_176' title='bbox 2570 2397 2636 2456; x_wconf 90' lang='lat' dir='ltr'>et</span> <span class='ocrx_word' id='word_1_177' title='bbox 2682 2394 2819 2477; x_wconf 94' lang='lat' dir='ltr'>plu-</span> 
     </span>
     <span class='ocr_line' id='line_1_21' title="bbox 485 2498 2822 2585; baseline 0.001 -23"><span class='ocrx_word' id='word_1_178' title='bbox 485 2498 715 2563; x_wconf 82' lang='lat' dir='ltr'>·vialis</span> <span class='ocrx_word' id='word_1_179' title='bbox 765 2498 1011 2583; x_wconf 86' lang='lat' dir='ltr'>aquae&#39;.</span> <span class='ocrx_word' id='word_1_180' title='bbox 1067 2499 1269 2566; x_wconf 88' lang='lat' dir='ltr'>immo</span> <span class='ocrx_word' id='word_1_181' title='bbox 1315 2501 1427 2566; x_wconf 78' lang='lat' dir='ltr'>sub</span> <span class='ocrx_word' id='word_1_182' title='bbox 1462 2502 1571 2565; x_wconf 75' lang='lat' dir='ltr'>diu</span> <span class='ocrx_word' id='word_1_183' title='bbox 1617 2501 1760 2565; x_wconf 90' lang='lat' dir='ltr'>fieri</span> <span class='ocrx_word' id='word_1_184' title='bbox 1797 2499 1967 2585; x_wconf 92' lang='lat' dir='ltr'>quod</span> <span class='ocrx_word' id='word_1_185' title='bbox 2004 2522 2133 2566; x_wconf 92' lang='lat' dir='ltr'>non</span> <span class='ocrx_word' id='word_1_186' title='bbox 2183 2500 2259 2564; x_wconf 92' lang='lat' dir='ltr'>fit</span> <span class='ocrx_word' id='word_1_187' title='bbox 2300 2498 2411 2564; x_wconf 77' lang='lat' dir='ltr'>sub</span> <span class='ocrx_word' id='word_1_188' title='bbox 2449 2504 2594 2564; x_wconf 75' lang='lat' dir='ltr'>tecto</span> <span class='ocrx_word' id='word_1_189' title='bbox 2639 2522 2822 2583; x_wconf 89' lang='lat' dir='ltr'>prae-</span> 
     </span>
     <span class='ocr_line' id='line_1_22' title="bbox 526 2605 2820 2691; baseline 0.001 -22"><span class='ocrx_word' id='word_1_190' title='bbox 526 2606 689 2688; x_wconf 89' lang='lat' dir='ltr'>cipit</span> <span class='ocrx_word' id='word_1_191' title='bbox 730 2605 920 2670; x_wconf 89' lang='lat' dir='ltr'>Pauli</span> <span class='ocrx_word' id='word_1_192' title='bbox 965 2606 1193 2671; x_wconf 83' lang='lat' dir='ltr'>Festus</span> <span class='ocrx_word' id='word_1_193' title='bbox 1240 2630 1300 2690; x_wconf 89' lang='lat' dir='ltr'>p.</span> <span class='ocrx_word' id='word_1_194' title='bbox 1344 2609 1420 2670; x_wconf 92' lang='grc'>71</span> <span class='ocrx_word' id='word_1_195' title='bbox 1473 2607 1559 2671; x_wconf 91' lang='grc' dir='ltr'>Μ.</span> <span class='ocrx_word' id='word_1_196' title='bbox 1605 2608 1968 2691; x_wconf 88' lang='lat' dir='ltr'>probatque</span> <span class='ocrx_word' id='word_1_197' title='bbox 2017 2607 2326 2690; x_wconf 86' lang='lat' dir='ltr'>exemplis</span> <span class='ocrx_word' id='word_1_198' title='bbox 2375 2606 2712 2671; x_wconf 84' lang='lat' dir='ltr'>Vitruvius</span> <span class='ocrx_word' id='word_1_199' title='bbox 2760 2607 2820 2670; x_wconf 88' lang='lat' dir='ltr'>V</span> 
     </span>
     <span class='ocr_line' id='line_1_23' title="bbox 526 2710 2820 2798; baseline 0 -22"><span class='ocrx_word' id='word_1_200' title='bbox 526 2713 587 2795; x_wconf 88' lang='lat'>9,</span> <span class='ocrx_word' id='word_1_201' title='bbox 633 2713 675 2776; x_wconf 90' lang='lat'>5</span> <span class='ocrx_word' id='word_1_202' title='bbox 720 2711 851 2776; x_wconf 91' lang='lat' dir='ltr'>VII</span> <span class='ocrx_word' id='word_1_203' title='bbox 902 2715 956 2796; x_wconf 89' lang='lat'>1,</span> <span class='ocrx_word' id='word_1_204' title='bbox 1004 2714 1062 2777; x_wconf 91' lang='lat'>5.</span> <span class='ocrx_word' id='word_1_205' title='bbox 1153 2713 1446 2777; x_wconf 84' lang='lat' dir='ltr'>Venator</span> <span class='ocrx_word' id='word_1_206' title='bbox 1493 2736 1746 2798; x_wconf 85' lang='lat' dir='ltr'>quoque</span> <span class='ocrx_word' id='word_1_207' title='bbox 1794 2713 2194 2777; x_wconf 84' lang='lat' dir='ltr'>Horatianus</span> <span class='ocrx_word' id='word_1_208' title='bbox 2242 2710 2465 2797; x_wconf 85' lang='lat' dir='ltr'>(carm.</span> <span class='ocrx_word' id='word_1_209' title='bbox 2511 2711 2544 2775; x_wconf 95' lang='lat' dir='ltr'>I</span> <span class='ocrx_word' id='word_1_210' title='bbox 2598 2713 2660 2795; x_wconf 88' lang='lat'>1,</span> <span class='ocrx_word' id='word_1_211' title='bbox 2706 2711 2820 2798; x_wconf 82' lang='lat'>25)</span> 
     </span>
     <span class='ocr_line' id='line_1_24' title="bbox 526 2817 2822 2903; baseline 0.001 -22"><span class='ocrx_word' id='word_1_212' title='bbox 526 2817 779 2882; x_wconf 76' lang='lat' dir='ltr'>‘manet</span> <span class='ocrx_word' id='word_1_213' title='bbox 840 2820 959 2883; x_wconf 85' lang='lat' dir='ltr'>sub</span> <span class='ocrx_word' id='word_1_214' title='bbox 1004 2817 1160 2883; x_wconf 90' lang='lat' dir='ltr'>Iove</span> <span class='ocrx_word' id='word_1_215' title='bbox 1224 2818 1498 2902; x_wconf 85' lang='lat' dir='ltr'>frigido&#39;</span> <span class='ocrx_word' id='word_1_216' title='bbox 1546 2823 1935 2903; x_wconf 86' lang='lat' dir='ltr'>pernoctans</span> <span class='ocrx_word' id='word_1_217' title='bbox 1986 2820 2261 2902; x_wconf 80' lang='lat' dir='ltr'>scilicet,</span> <span class='ocrx_word' id='word_1_218' title='bbox 2323 2822 2395 2882; x_wconf 88' lang='lat' dir='ltr'>ut</span> <span class='ocrx_word' id='word_1_219' title='bbox 2439 2841 2628 2884; x_wconf 89' lang='lat' dir='ltr'>nemo</span> <span class='ocrx_word' id='word_1_220' title='bbox 2690 2841 2822 2883; x_wconf 89' lang='lat' dir='ltr'>non</span> 
     </span>
     <span class='ocr_line' id='line_1_25' title="bbox 524 2923 2819 3010; baseline 0 -23"><span class='ocrx_word' id='word_1_221' title='bbox 524 2923 850 2989; x_wconf 83' lang='lat' dir='ltr'>intellexit</span> <span class='ocrx_word' id='word_1_222' title='bbox 906 2928 1162 3009; x_wconf 87' lang='lat' dir='ltr'>praeter</span> <span class='ocrx_word' id='word_1_223' title='bbox 1209 2925 1594 3010; x_wconf 87' lang='lat' dir='ltr'>Bergkium,</span> <span class='ocrx_word' id='word_1_224' title='bbox 1649 2927 1762 3010; x_wconf 88' lang='lat' dir='ltr'>qui</span> <span class='ocrx_word' id='word_1_225' title='bbox 1811 2927 2147 3009; x_wconf 87' lang='lat' dir='ltr'>sequentia</span> <span class='ocrx_word' id='word_1_226' title='bbox 2195 2924 2339 2990; x_wconf 74' lang='lat' dir='ltr'>‘seu</span> <span class='ocrx_word' id='word_1_227' title='bbox 2386 2925 2527 2988; x_wconf 87' lang='lat' dir='ltr'>visa</span> <span class='ocrx_word' id='word_1_228' title='bbox 2575 2928 2673 2988; x_wconf 86' lang='lat' dir='ltr'>est</span> <span class='ocrx_word' id='word_1_229' title='bbox 2717 2947 2819 2989; x_wconf 88' lang='lat' dir='ltr'>ca-</span> 
     </span>
     <span class='ocr_line' id='line_1_26' title="bbox 525 3030 2820 3116; baseline 0.001 -24"><span class='ocrx_word' id='word_1_230' title='bbox 525 3030 681 3094; x_wconf 87' lang='lat' dir='ltr'>tulis</span> <span class='ocrx_word' id='word_1_231' title='bbox 730 3052 919 3094; x_wconf 89' lang='lat' dir='ltr'>cerva</span> <span class='ocrx_word' id='word_1_232' title='bbox 964 3031 1295 3095; x_wconf 87' lang='lat' dir='ltr'>fidelibus&#39;</span> <span class='ocrx_word' id='word_1_233' title='bbox 1344 3055 1395 3095; x_wconf 88' lang='lat' dir='ltr'>e.</span> <span class='ocrx_word' id='word_1_234' title='bbox 1441 3055 1498 3116; x_wconf 89' lang='lat' dir='ltr'>q.</span> <span class='ocrx_word' id='word_1_235' title='bbox 1547 3058 1592 3096; x_wconf 77' lang='lat' dir='ltr'>s,</span> <span class='ocrx_word' id='word_1_236' title='bbox 1659 3055 1806 3097; x_wconf 90' lang='lat' dir='ltr'>cum</span> <span class='ocrx_word' id='word_1_237' title='bbox 1852 3033 1970 3097; x_wconf 87' lang='lat' dir='ltr'>tali</span> <span class='ocrx_word' id='word_1_238' title='bbox 2027 3032 2561 3116; x_wconf 87' lang='lat' dir='ltr'>interpretatione</span> <span class='ocrx_word' id='word_1_239' title='bbox 2610 3032 2820 3096; x_wconf 90' lang='lat' dir='ltr'>conci-</span> 
     </span>
     <span class='ocr_line' id='line_1_27' title="bbox 525 3136 2821 3220; baseline 0.001 -22"><span class='ocrx_word' id='word_1_240' title='bbox 525 3136 674 3199; x_wconf 89' lang='lat' dir='ltr'>liari</span> <span class='ocrx_word' id='word_1_241' title='bbox 720 3158 850 3201; x_wconf 90' lang='lat' dir='ltr'>non</span> <span class='ocrx_word' id='word_1_242' title='bbox 906 3160 1094 3220; x_wconf 89' lang='lat' dir='ltr'>posse</span> <span class='ocrx_word' id='word_1_243' title='bbox 1142 3138 1389 3220; x_wconf 90' lang='lat' dir='ltr'>primus</span> <span class='ocrx_word' id='word_1_244' title='bbox 1448 3138 1869 3204; x_wconf 87' lang='lat' dir='ltr'>contenderit.</span> <span class='ocrx_word' id='word_1_245' title='bbox 1963 3144 2032 3204; x_wconf 88' lang='lat' dir='ltr'>at</span> <span class='ocrx_word' id='word_1_246' title='bbox 2076 3162 2207 3204; x_wconf 90' lang='lat' dir='ltr'>non</span> <span class='ocrx_word' id='word_1_247' title='bbox 2253 3137 2518 3202; x_wconf 86' lang='lat' dir='ltr'>difficile</span> <span class='ocrx_word' id='word_1_248' title='bbox 2566 3138 2821 3201; x_wconf 87' lang='lat' dir='ltr'>videtur</span> 
     </span>
     <span class='ocr_line' id='line_1_28' title="bbox 526 3242 2820 3327; baseline 0 -22"><span class='ocrx_word' id='word_1_249' title='bbox 526 3242 696 3306; x_wconf 91' lang='lat' dir='ltr'>hunc</span> <span class='ocrx_word' id='word_1_250' title='bbox 742 3243 980 3307; x_wconf 88' lang='lat' dir='ltr'>nodum</span> <span class='ocrx_word' id='word_1_251' title='bbox 1028 3243 1302 3308; x_wconf 87' lang='lat' dir='ltr'>solvere:</span> <span class='ocrx_word' id='word_1_252' title='bbox 1352 3245 1468 3308; x_wconf 90' lang='lat' dir='ltr'>sub</span> <span class='ocrx_word' id='word_1_253' title='bbox 1516 3249 1774 3309; x_wconf 85' lang='lat' dir='ltr'>noctem</span> <span class='ocrx_word' id='word_1_254' title='bbox 1820 3246 2128 3310; x_wconf 88' lang='lat' dir='ltr'>nimirum</span> <span class='ocrx_word' id='word_1_255' title='bbox 2176 3246 2245 3308; x_wconf 92' lang='lat' dir='ltr'>in</span> <span class='ocrx_word' id='word_1_256' title='bbox 2292 3267 2519 3307; x_wconf 83' lang='lat' dir='ltr'>cervae</span> <span class='ocrx_word' id='word_1_257' title='bbox 2566 3248 2633 3307; x_wconf 86' lang='lat' dir='ltr'>et</span> <span class='ocrx_word' id='word_1_258' title='bbox 2678 3244 2820 3327; x_wconf 85' lang='lat' dir='ltr'>apri</span> 
     </span>
     <span class='ocr_line' id='line_1_29' title="bbox 452 3349 2819 3435; baseline 0 -23"><span class='ocrx_word' id='word_1_259' title='bbox 452 3410 469 3418; x_wconf 72' lang='grc'><em>,</em></span> <span class='ocrx_word' id='word_1_260' title='bbox 525 3349 806 3433; x_wconf 84' lang='lat' dir='ltr'>vestigia</span> <span class='ocrx_word' id='word_1_261' title='bbox 852 3349 1098 3431; x_wconf 86' lang='lat' dir='ltr'>incidit,</span> <span class='ocrx_word' id='word_1_262' title='bbox 1144 3372 1307 3432; x_wconf 86' lang='lat' dir='ltr'>quae</span> <span class='ocrx_word' id='word_1_263' title='bbox 1353 3373 1435 3412; x_wconf 87' lang='lat' dir='ltr'>ne</span> <span class='ocrx_word' id='word_1_264' title='bbox 1484 3353 1766 3435; x_wconf 79' lang='lat' dir='ltr'>amittat,</span> <span class='ocrx_word' id='word_1_265' title='bbox 1814 3353 1921 3417; x_wconf 88' lang='lat' dir='ltr'>sed</span> <span class='ocrx_word' id='word_1_266' title='bbox 1970 3354 2217 3416; x_wconf 87' lang='lat' dir='ltr'>oriente</span> <span class='ocrx_word' id='word_1_267' title='bbox 2257 3351 2479 3414; x_wconf 85' lang='lat' dir='ltr'>statim</span> <span class='ocrx_word' id='word_1_268' title='bbox 2527 3351 2630 3413; x_wconf 89' lang='grc'>(116</span> <span class='ocrx_word' id='word_1_269' title='bbox 2677 3373 2819 3432; x_wconf 88' lang='lat' dir='ltr'>per·</span> 
     </span>
     <span class='ocr_line' id='line_1_30' title="bbox 526 3454 2819 3540; baseline 0 -22"><span class='ocrx_word' id='word_1_270' title='bbox 526 3458 854 3538; x_wconf 87' lang='lat' dir='ltr'>sequatur,</span> <span class='ocrx_word' id='word_1_271' title='bbox 903 3454 1185 3519; x_wconf 75' lang='lat' dir='ltr'>‘tenerae</span> <span class='ocrx_word' id='word_1_272' title='bbox 1236 3457 1527 3540; x_wconf 84' lang='lat' dir='ltr'>coniugis</span> <span class='ocrx_word' id='word_1_273' title='bbox 1576 3457 1942 3522; x_wconf 87' lang='lat' dir='ltr'>immemor&#39;</span> <span class='ocrx_word' id='word_1_274' title='bbox 1991 3458 2186 3521; x_wconf 85' lang='lat' dir='ltr'>cubat</span> <span class='ocrx_word' id='word_1_275' title='bbox 2233 3457 2351 3520; x_wconf 89' lang='lat' dir='ltr'>sub</span> <span class='ocrx_word' id='word_1_276' title='bbox 2398 3456 2565 3520; x_wconf 87' lang='lat' dir='ltr'>divo.</span> <span class='ocrx_word' id='word_1_277' title='bbox 2649 3456 2819 3539; x_wconf 87' lang='lat' dir='ltr'>quod</span> 
     </span>
     <span class='ocr_line' id='line_1_31' title="bbox 524 3560 2817 3645; baseline -0.001 -20"><span class='ocrx_word' id='word_1_278' title='bbox 524 3562 736 3645; x_wconf 86' lang='lat' dir='ltr'>ipsum</span> <span class='ocrx_word' id='word_1_279' title='bbox 784 3562 942 3627; x_wconf 88' lang='lat' dir='ltr'>olim</span> <span class='ocrx_word' id='word_1_280' title='bbox 991 3564 1317 3626; x_wconf 86' lang='lat' dir='ltr'>firmatum</span> <span class='ocrx_word' id='word_1_281' title='bbox 1365 3566 1466 3626; x_wconf 86' lang='lat' dir='ltr'>est</span> <span class='ocrx_word' id='word_1_282' title='bbox 1511 3560 1841 3628; x_wconf 81' lang='lat' dir='ltr'>Ciceronis</span> <span class='ocrx_word' id='word_1_283' title='bbox 1890 3564 1959 3627; x_wconf 91' lang='lat' dir='ltr'>in</span> <span class='ocrx_word' id='word_1_284' title='bbox 2004 3563 2186 3627; x_wconf 86' lang='lat' dir='ltr'>Tusc.</span> <span class='ocrx_word' id='word_1_285' title='bbox 2225 3562 2289 3626; x_wconf 87' lang='grc' dir='ltr'>ΙΙ</span> <span class='ocrx_word' id='word_1_286' title='bbox 2335 3562 2434 3642; x_wconf 89' lang='grc'>17,</span> <span class='ocrx_word' id='word_1_287' title='bbox 2469 3563 2557 3624; x_wconf 85' lang='grc'>40</span> <span class='ocrx_word' id='word_1_288' title='bbox 2601 3562 2817 3624; x_wconf 86' lang='lat' dir='ltr'>verbis</span> 
     </span>
     <span class='ocr_line' id='line_1_32' title="bbox 524 3666 2816 3752; baseline -0.001 -21"><span class='ocrx_word' id='word_1_289' title='bbox 524 3667 936 3751; x_wconf 81' lang='lat' dir='ltr'>‘pernoctant</span> <span class='ocrx_word' id='word_1_290' title='bbox 980 3672 1318 3734; x_wconf 86' lang='lat' dir='ltr'>venatores</span> <span class='ocrx_word' id='word_1_291' title='bbox 1358 3669 1427 3731; x_wconf 91' lang='lat' dir='ltr'>in</span> <span class='ocrx_word' id='word_1_292' title='bbox 1462 3667 1653 3751; x_wconf 86' lang='lat' dir='ltr'>nive&#39;,</span> <span class='ocrx_word' id='word_1_293' title='bbox 1702 3692 1865 3752; x_wconf 87' lang='lat' dir='ltr'>quae</span> <span class='ocrx_word' id='word_1_294' title='bbox 1904 3673 2122 3732; x_wconf 87' lang='lat' dir='ltr'>autem</span> <span class='ocrx_word' id='word_1_295' title='bbox 2169 3671 2471 3731; x_wconf 89' lang='lat' dir='ltr'>secuntur</span> <span class='ocrx_word' id='word_1_296' title='bbox 2518 3666 2590 3730; x_wconf 91' lang='lat' dir='ltr'>in</span> <span class='ocrx_word' id='word_1_297' title='bbox 2631 3666 2816 3729; x_wconf 89' lang='lat' dir='ltr'>libris</span> 
     </span>
     <span class='ocr_line' id='line_1_33' title="bbox 526 3772 2818 3858; baseline -0 -21"><span class='ocrx_word' id='word_1_298' title='bbox 526 3773 627 3837; x_wconf 75' lang='lat' dir='ltr'>‘in</span> <span class='ocrx_word' id='word_1_299' title='bbox 672 3775 1002 3840; x_wconf 87' lang='lat' dir='ltr'>montibus</span> <span class='ocrx_word' id='word_1_300' title='bbox 1050 3774 1149 3837; x_wconf 91' lang='lat' dir='ltr'>uri</span> <span class='ocrx_word' id='word_1_301' title='bbox 1199 3797 1265 3837; x_wconf 85' lang='lat' dir='ltr'>se</span> <span class='ocrx_word' id='word_1_302' title='bbox 1303 3774 1642 3857; x_wconf 84' lang='lat' dir='ltr'>patiuntur</span> <span class='ocrx_word' id='word_1_303' title='bbox 1686 3774 1878 3858; x_wconf 76' lang='lat' dir='ltr'>inde&#39;,</span> <span class='ocrx_word' id='word_1_304' title='bbox 1935 3777 2025 3840; x_wconf 91' lang='lat' dir='ltr'>ibi</span> <span class='ocrx_word' id='word_1_305' title='bbox 2074 3798 2195 3858; x_wconf 89' lang='lat' dir='ltr'>pro</span> <span class='ocrx_word' id='word_1_306' title='bbox 2233 3774 2465 3838; x_wconf 89' lang='lat' dir='ltr'>ultimo</span> <span class='ocrx_word' id='word_1_307' title='bbox 2504 3772 2818 3837; x_wconf 81' lang='lat' dir='ltr'>vocabulo</span> 
     </span>
     <span class='ocr_line' id='line_1_34' title="bbox 526 3879 2821 3965; baseline -0.002 -21"><span class='ocrx_word' id='word_1_308' title='bbox 526 3885 851 3964; x_wconf 85' lang='lat' dir='ltr'>corrupto,</span> <span class='ocrx_word' id='word_1_309' title='bbox 896 3903 1029 3944; x_wconf 90' lang='lat' dir='ltr'>non</span> <span class='ocrx_word' id='word_1_310' title='bbox 1054 3882 1312 3960; x_wconf 75' lang='lat' dir='ltr'>pruina,</span> <span class='ocrx_word' id='word_1_311' title='bbox 1359 3883 1432 3943; x_wconf 88' lang='lat' dir='ltr'>ut</span> <span class='ocrx_word' id='word_1_312' title='bbox 1459 3879 1779 3965; x_wconf 83' lang='lat' dir='ltr'>Bergkius</span> <span class='ocrx_word' id='word_1_313' title='bbox 1828 3881 2122 3963; x_wconf 88' lang='lat' dir='ltr'>coniecit,</span> <span class='ocrx_word' id='word_1_314' title='bbox 2171 3881 2278 3944; x_wconf 86' lang='lat' dir='ltr'>sed</span> <span class='ocrx_word' id='word_1_315' title='bbox 2324 3880 2446 3944; x_wconf 78' lang='lat' dir='ltr'>sole</span> <span class='ocrx_word' id='word_1_316' title='bbox 2476 3880 2574 3943; x_wconf 88' lang='lat' dir='ltr'>vel</span> <span class='ocrx_word' id='word_1_317' title='bbox 2621 3879 2821 3942; x_wconf 82' lang='lat' dir='ltr'>calore</span> 
     </span>
     <span class='ocr_line' id='line_1_35' title="bbox 526 3985 2821 4070; baseline -0 -21"><span class='ocrx_word' id='word_1_318' title='bbox 526 3988 848 4050; x_wconf 85' lang='lat' dir='ltr'>sententia</span> <span class='ocrx_word' id='word_1_319' title='bbox 892 3985 1169 4070; x_wconf 86' lang='lat' dir='ltr'>flagitat.</span> <span class='ocrx_word' id='word_1_320' title='bbox 1262 3988 1429 4050; x_wconf 88' lang='lat' dir='ltr'>mira</span> <span class='ocrx_word' id='word_1_321' title='bbox 1474 4008 1627 4050; x_wconf 90' lang='lat' dir='ltr'>vero</span> <span class='ocrx_word' id='word_1_322' title='bbox 1674 3987 1787 4050; x_wconf 92' lang='lat' dir='ltr'>ille</span> <span class='ocrx_word' id='word_1_323' title='bbox 1837 3988 2109 4051; x_wconf 87' lang='lat' dir='ltr'>audacia</span> <span class='ocrx_word' id='word_1_324' title='bbox 2156 3990 2223 4049; x_wconf 93' lang='lat' dir='ltr'>et</span> <span class='ocrx_word' id='word_1_325' title='bbox 2268 3986 2704 4048; x_wconf 83' lang='lat' dir='ltr'>inconstantia</span> <span class='ocrx_word' id='word_1_326' title='bbox 2751 3985 2821 4048; x_wconf 91' lang='lat' dir='ltr'>in</span> 
     </span>
     <span class='ocr_line' id='line_1_36' title="bbox 526 4090 2819 4175; baseline 0 -21"><span class='ocrx_word' id='word_1_327' title='bbox 526 4092 784 4156; x_wconf 90' lang='lat' dir='ltr'>Afranii</span> <span class='ocrx_word' id='word_1_328' title='bbox 833 4115 1023 4156; x_wconf 87' lang='lat' dir='ltr'>versu</span> <span class='ocrx_word' id='word_1_329' title='bbox 1068 4093 1431 4156; x_wconf 87' lang='lat' dir='ltr'>inauditum</span> <span class='ocrx_word' id='word_1_330' title='bbox 1481 4094 1779 4157; x_wconf 87' lang='lat' dir='ltr'>omnibus</span> <span class='ocrx_word' id='word_1_331' title='bbox 1828 4092 2250 4175; x_wconf 84' lang='lat' dir='ltr'>scriptoribus</span> <span class='ocrx_word' id='word_1_332' title='bbox 2298 4091 2548 4153; x_wconf 68' lang='lat' dir='ltr'>subditas</span> <span class='ocrx_word' id='word_1_333' title='bbox 2594 4090 2819 4154; x_wconf 86' lang='lat' dir='ltr'>inferri</span> 
     </span>
    </p>
   </div>
   <div class='ocr_carea' id='block_1_5' title="bbox 524 4196 2823 4355">
    <p class='ocr_par' dir='ltr' id='par_1_5' title="bbox 524 4196 2823 4355">
     <span class='ocr_line' id='line_1_37' title="bbox 524 4196 2823 4282; baseline -0 -21"><span class='ocrx_word' id='word_1_334' title='bbox 524 4198 730 4282; x_wconf 87' lang='lat' dir='ltr'>iussit,</span> <span class='ocrx_word' id='word_1_335' title='bbox 777 4198 932 4282; x_wconf 86' lang='lat' dir='ltr'>quia</span> <span class='ocrx_word' id='word_1_336' title='bbox 975 4199 1087 4263; x_wconf 76' lang='lat' dir='ltr'>suh</span> <span class='ocrx_word' id='word_1_337' title='bbox 1137 4199 1282 4262; x_wconf 81' lang='lat' dir='ltr'>Iove</span> <span class='ocrx_word' id='word_1_338' title='bbox 1328 4198 1612 4262; x_wconf 85' lang='lat' dir='ltr'>alienum</span> <span class='ocrx_word' id='word_1_339' title='bbox 1660 4221 1699 4260; x_wconf 88' lang='lat' dir='ltr'>a</span> <span class='ocrx_word' id='word_1_340' title='bbox 1747 4198 2083 4262; x_wconf 88' lang='lat' dir='ltr'>comoedia</span> <span class='ocrx_word' id='word_1_341' title='bbox 2128 4197 2326 4261; x_wconf 86' lang='lat' dir='ltr'>fuisse</span> <span class='ocrx_word' id='word_1_342' title='bbox 2375 4196 2684 4260; x_wconf 87' lang='lat' dir='ltr'>videatur.</span> <span class='ocrx_word' id='word_1_343' title='bbox 2753 4201 2823 4260; x_wconf 87' lang='lat' dir='ltr'>at</span> 
     </span>
     <span class='ocr_line' id='line_1_38' title="bbox 2324 4300 2396 4355; baseline 0 -22"><span class='ocrx_word' id='word_1_344' title='bbox 2324 4300 2396 4355; x_wconf 68' lang='lat' dir='ltr'>e*</span> 
     </span>
    </p>
   </div>
  </div>
 </body>
</html>
