3400 5075
1358 327 1424 382 1..
1461 325 1827 384 APRANIvs
2621 324 2749 397 205

1375 485 1821 552 SVSPEOTA

1505 603 1538 667 Ι
1587 600 1687 688 (1)

628 720 732 785 Ita
776 725 850 784 ut
893 718 1045 784 hul'c
1091 742 1199 784 ero
1249 719 1670 802 adulescenti,
1717 719 1818 782 cui
1866 716 2150 802 suspicio
2197 741 2299 782 me
2347 718 2639 803 tradidit,

631 835 752 912 Qui
799 840 973 900 minc
1020 840 1119 899 est
1164 834 1364 899 animi
1410 834 1741 898 exercitus.

1491 957 1556 1022 ΙΙ
1634 960 1675 1022 2

634 1075 877 1140 Tamen
900 1076 1115 1140 {inimo
1138 1074 1345 1139 ordire
1367 958 1630 1157 oportet}
1653 957 1914 1138 n)1inime
1943 1075 2206 1158 paululo
2237 1096 2370 1139 rem
2402 1076 2750 1159 paululam.

1473 1205 1572 1271 III
1620 1204 1722 1293 (9)

453 1325 584 1389 320
625 1323 992 1416 Perfdlsum·
1034 1327 1100 1387 et
1144 1324 1260 1387 abs
1306 1327 1370 1387 te
1418 1322 1731 1386 creditum
1776 1325 2045 1388 numero
2092 1324 2284 1388 nimis

1475 1446 1572 1511 IV
1620 1444 1722 1532 (8)

631 1563 786 1628 N6li
835 1585 911 1627 ex
959 1562 1234 1627 stultitia
1282 1563 1629 1625 multarum
1684 1562 1939 1626 credere
1996 1584 2134 1626 esse
2182 1563 2468 1628 animiim
2516 1587 2745 1630 meum.

587 1795 885 1845 Svsrncn.
955 1795 1073 1845 Non
1111 1792 1486 1855 adulescenti,
1537 1791 1633 1842 sed
1679 1791 2057 1844 adulescentis
2105 1808 2275 1844 causa
2310 1794 2360 1859 (1
2393 1794 2473 1846 VI
2506 1796 2663 1860 VII),
2701 1797 2749 1846 si

453 1862 582 1928 quid
617 1864 807 1924 uideo,
846 1864 990 1927 patri
1028 1868 1293 1931 suspectu
1328 1829 1620 1917 inducitur
1774 1861 1801 1910 1
1837 1863 2047 1912 Nonius
2083 1863 2133 1922 6,
2170 1864 2203 1913 8
2231 1854 2625 1914 ‘exercitum
2671 1863 2748 1914 di·

452 1931 599 1979 citur
636 1930 968 1995 fatigatum,
1004 1929 1209 1979 dictum
1249 1929 1317 1977 ab
1351 1929 1652 1978 exercitio.
1720 1929 2025 1981 ,Afranius
2060 1928 2357 1995 Suspecta·
2396 1931 2501 1980 ita'
2540 1947 2589 1984 e.
2616 1948 2666 1996 q.
2700 1948 2746 1982 s.

588 1998 642 2047 11
681 1998 892 2047 Nonius
928 2000 1010 2062 39
1046 1999 1113 2047 23
1149 1996 1404 2046 ordire
1443 2002 1530 2046 est
1564 2011 1797 2060 ponere,
1843 1998 2105 2061 incipere.
2177 1997 2420 2048 Accius.
2487 1999 2750 2050 ,ordibor

539 2065 848 2114 ..Afranius
894 2064 1197 2129 Suspecta:
1248 2068 1455 2113 tamen’
1504 2080 1550 2116 e.
1591 2079 1642 2128 q.
1681 2079 1726 2113 s.
1797 2061 2030 2129 (ordiri
2076 2065 2284 2127 Bamb„
2331 2066 2476 2127 edd)

449 2132 531 2181 111
575 2132 777 2181 Festus
822 2148 871 2196 p.
922 2136 1016 2183 170
1060 2134 1130 2182 Μ.
1175 2134 1497 2194 Panurgus
1539 2131 1815 2181 Antonius
1862 2131 2000 2182 haec
2037 2133 2146 2182 ait.
2202 2149 2472 2183 numero
2521 2134 2747 2184 nimium

454 2201 595 2263 cito,
636 2199 894 2249 celeriter
930 2200 1148 2248 nimium
1187 2226 1253 2235 -
1289 2225 1352 2234 —
1389 2198 1658 2248 Afranius
1690 2201 1749 2248 in
1786 2200 2087 2264 Suspecta·
2124 2200 2425 2264 perfalsum
2452 2208 2510 2251 et
2548 2203 2649 2251 abs
2687 2209 2743 2251 te

452 2283 499 2316 c.
544 2282 596 2320 n.
641 2268 829 2328 nimis,
877 2257 1173 2319 celeriter.
1387 2266 1463 2317 lV
1512 2267 1721 2316 Nonius
1764 2267 2003 2322 519.18
2051 2272 2332 2317 ‘ueterum
2378 2269 2748 2319 memorabilis

454 2335 698 2384 scientia
745 2349 1045 2399 paucorum
1089 2349 1367 2384 numerum
1414 2349 1513 2400 pro
1548 2334 1708 2384 bonis
1745 2334 2009 2400 ponebat,
2055 2335 2297 2384 multos
2343 2342 2536 2389 contra
2572 2336 2745 2386 malos

451 2566 593 2630 tem,
642 2560 1032 2616 Nealcirclzius
1076 2559 1295 2614 hilarem
1341 2560 1465 2615 cod.
1523 2558 1741 2614 hilaram
1789 2557 2105 2615 Bentleius.
2197 2557 2285 2631 Cf.
2337 2559 2748 2618 Lachmannus

450 2649 506 2701 in
555 2644 731 2700 Luc-r.
796 2644 912 2701 139
1088 2652 1147 2698 ιιι
1203 2643 1310 2697 dixi
1365 2644 1703 2717 FabripiuS,
1765 2643 2065 2699 Bentleius
2109 2642 2249 2699 edixi
2295 2644 2529 2715 Maelily
2584 2639 2747 2701 dictis

451 2729 852 2785 Buecheler-us
1035 2726 1284 2801 praebeat
1341 2728 1770 2785 Lindemannus
1823 2726 2075 2801 praebeas
2132 2731 2279 2800 cod„
2336 2730 2647 2786 Fabricius
2691 2737 2747 2785 et

451 2813 753 2869 Bentleius
923 2813 1044 2869 317
1091 2813 1162 2866 ita
1222 2809 1324 2865 sida
1383 2812 1509 2867 huic
1554 2814 1867 2885 aliquando
1912 2813 2171 2869 uolebam
2215 2806 2275 2870 in
2323 2815 2643 2887 trochaeiS,
2684 2822 2747 2869 ‘ee

450 2904 610 2953 certe
655 2895 758 2951 fida
804 2900 896 2953 uel
943 2899 1122 2951 simile
1166 2898 1305 2968 quid
1344 2900 1401 2952 in
1433 2900 1716 2952 sententia
1761 2898 1978 2952 alicubi
2015 2899 2204 2953 locum
2248 2901 2511 2954 inuenire
2555 2900 2747 2954 debuit
2789 2957 2807 2970 ‚

619 2980 1028 3037 adulescentulo
1084 2984 1140 3035 in
1198 2983 1360 3036 exitu
1417 2997 1625 3036 uersus
1669 2981 1912 3037 Bothius
2082 2983 2154 3037 ita
2210 2982 2349 3055 apud
2406 2982 2550 3038 hunc
2600 2998 2744 3037 eram

449 3065 913 3122 adulescentulum
959 3068 1105 3121 idem
1138 3065 1173 3119 2
1289 3102 1300 3114 .
1346 3065 1585 3137 suspicio
1631 3081 1716 3119 me
1761 3068 1985 3121 conieci
2027 3067 2319 3139 suspicium
2362 3068 2498 3124 libri
2523 3083 2744 3139 suspec-

452 3159 556 3205 tam
602 3153 694 3206 uel
737 3158 1053 3222 suspectum
1098 3147 1374 3205 Bolhius:
1417 3151 1561 3205 illud
1596 3149 1715 3221 suit
1760 3166 1888 3205 cum
1925 3151 2260 3220 probarem.
2306 3152 2599 3223 suspirium
2646 3150 2744 3206 Al-

448 3236 584 3291 dina
617 3236 975 3308 suspicionem
1013 3233 1401 3289 Neulcirchius
1555 3233 1820 3288 tradidisti
1854 3233 2096 3291 Batlu‘us
2128 3233 2319 3289 tradidi
2354 3234 2747 3290 Neukirchius

618 3320 704 3374 cui
747 3319 984 3391 suspicio
1029 3322 1083 3373 in
1131 3334 1213 3372 me
1258 3318 1390 3371 iram
1435 3316 1626 3372 indidit
1672 3320 1977 3374 uiolentius
2033 3320 2277 3375 uidetur.
2353 3320 2440 3373 cui
2484 3336 2531 3374 S.
2577 3319 2743 3373 Curiis

448 3402 597 3459 dedit
640 3406 698 3459 in
744 3406 992 3459 senariis
1037 3402 1438 3458 Buce-helerus
1607 3402 1730 3459 318
1777 3410 1831 3456 et
1886 3403 1978 3475 qui
2037 3403 2428 3458 Neulcirclaeius
2599 3420 2745 3458 nunc

449 3491 670 3544 conieci
711 3504 796 3542 me
836 3489 971 3543 libri
1016 3488 1117 3542 inei
1164 3487 1256 3542 uel
1301 3485 1419 3540 med
1465 3487 1793 3542 Palmerius
1825 3486 2092 3559 Spiciley.
2139 3505 2234 3558 ap.
2271 3487 2434 3543 Grut.
2464 3486 2565 3542 IV
2592 3488 2741 3544 770:

450 3572 531 3644 cf.
565 3573 891 3630 Gronouius
926 3571 1164 3628 Obseru.
1199 3571 1237 3627 I
1266 3587 1332 3641 p.
1370 3570 1448 3627 10
1490 3572 1684 3627 misere
1720 3571 2120 3626 Buechelerus
2261 3572 2353 3644 qui
2386 3579 2553 3627 meast
2584 3588 2743 3627 causa

449 3675 494 3712 a.
541 3674 589 3716 e.
650 3659 957 3730 aliquanao
1015 3656 1358 3727 temptabam
1574 3656 1695 3712 319
1743 3657 1919 3710 animo
1977 3655 2155 3710 ordire
2216 3664 2434 3729 oportet
2493 3673 2576 3711 me
2638 3657 2743 3729 (me

451 3747 671 3813 oportet
711 3741 901 3797 Urbin.
936 3739 1081 3810 307)
1126 3740 1279 3814 paula
1327 3739 1602 3812 paululum
1650 3736 1892 3812 (paulum
1937 3740 2076 3794 Par.
2109 3740 2182 3811 P)
2224 3740 2389 3811 libri,
2437 3743 2743 3796 emendare

450 3833 693 3881 conatus
722 3827 1088 3882 sum.‘animo
1120 3824 1298 3879 ordire
1330 3840 1414 3878 me
1447 3832 1664 3896 oportet
1700 3823 1856 3896 paula
1904 3841 1956 3897 p.
1989 3825 2194 3880 Aldina
2226 3825 2401 3879 animo
2433 3841 2517 3879 me
2563 3825 2743 3880 ordire

449 3916 667 3981 oportet
711 3910 865 3983 paula
912 3928 963 3982 p.
1014 3910 1259 3966 Botlzius
1310 3909 1514 3978 anime,
1561 3908 1738 3962 ordire
1785 3916 2022 3980 oportet.
2068 3925 2232 3981 pausa
2275 3925 2328 3982 p.
2386 3911 2528 3964 idem
2575 3909 2610 3962 2
2660 3925 2742 3964 me

449 3995 625 4049 animo
671 3994 836 4049 ordiri
883 4002 1104 4067 oportet
1157 3992 1313 4066 paula
1359 4011 1412 4065 p.
1465 3993 1852 4048 Neulcircliius
1896 4009 1925 4046 a
1983 3994 2198 4060 minimo
2246 3993 2411 4049 ordiri
2464 4010 2514 4049 o.
2560 4010 2643 4048 me
2688 3996 2741 4047 in

448 4094 507 4132 re
552 4079 764 4151 paulula
813 4074 882 4149 (s.
931 4096 1014 4133 ine
1071 4095 1180 4134 rem
1239 4076 1548 4152 paululum),
1596 4094 1703 4131 om.
1760 4085 1933 4131 tamen
1992 4077 2392 4133 Buce-helerus
2563 4085 2741 4132 tamen

449 4162 626 4217 animo
673 4163 853 4218 ordire
899 4180 951 4218 o.
1002 4163 1162 4237 paulo
1204 4161 1419 4235 paulula
1451 4179 1563 4217 non
1606 4164 1837 4233 placet,
1882 4178 1989 4217 nec
2036 4161 2273 4231 tandem,
2319 4164 2514 4233 anime,
2561 4161 2743 4217 ordire

451 4263 501 4300 o.
550 4248 604 4302 in
666 4264 724 4302 re
778 4247 994 4320 paulula
1051 4254 1141 4303 sal
1190 4247 1496 4318 probabile
1709 4245 1828 4300 321
1878 4262 1943 4300 ex
1992 4248 2199 4303 deleuit
2245 4246 2491 4303 Bothius
2535 4247 2570 4301 2

445 4330 679 4387 stultitia
724 4348 946 4387 censere
999 4341 1053 4388 et
1108 4331 1353 4387 arbitrari
1410 4330 1695 4386 multarum
1753 4329 1974 4387 credere
2022 4333 2221 4389 Bamb.
2281 4338 2487 4406 aperto
2526 4335 2740 4409 ylosse·
