3400 5075
1150 405 1159 411 .
1249 368 1543 420 AT1L1vs
1615 368 1958 431 AQvlmvs
2672 363 2754 427 33

1585 525 1650 589 II

555 618 596 768 Ξ
643 660 766 723 Per
812 659 1121 723 laetitiam
1171 655 1440 741 liquitur
1487 657 1757 721 animus,

1567 816 1664 879 ΙΙΙ

641 933 813 1017 Cape
861 933 1078 1016 caede,
1127 932 1326 1015 Lyde,
1373 933 1551 994 come
1599 931 1803 994 conde
1852 981 1863 992 .
1914 981 1926 991 .
1976 980 1988 992 .

1206 1230 2024 1336 AQVILIVS

1417 1434 1801 1500 BOEOTIA

856 1598 869 1609 .
971 1608 980 1625 ,
1596 1552 1624 1614 Ι

644 1668 738 1733 Vt
783 1668 965 1732 illiim
1012 1667 1074 1731 di
1122 1668 1442 1751 perdant‚·
1472 1664 1721 1751 primus
1769 1666 1879 1749 qui
1924 1666 2119 1730 horas
2166 1666 2477 1749 repperit,

645 1782 894 1866 Quique
943 1782 1102 1846 {ideo
1150 1783 1395 1865 primus
1443 1783 1673 1846 statuit
1716 1781 1825 1845 hic
1872 1781 2196 1846 soleii-ium.

645 1896 767 1973 Qui
814 1895 977 1960 mshi
1024 1896 1402 1960 comminuit
1448 1893 1683 1961 misero
1733 1894 2124 1959 articulatim
2172 1895 2356 1958 diem.

468 2090 674 2141 Atilius
721 2092 888 2154 po'eta
934 2088 1301 2140 durissimus.'
1487 2090 1539 2138 11
1578 2091 1751 2138 Varro
1797 2089 1863 2137 de
1903 2089 1934 2139 l.
1982 2090 2044 2142 L.
2095 2089 2199 2139 VII
2245 2090 2340 2139 106
2380 2088 2449 2139 Μ.
2488 2089 2765 2141 ‘Aurelius

468 2157 662 2208 scribit
699 2156 976 2208 delicuum
1015 2172 1135 2208 esse
1182 2158 1252 2207 ab
1298 2156 1532 2222 liquido,
1581 2155 1849 2205 Claudius
1894 2158 1963 2205 ab
2009 2156 2271 2221 eliquato.
2344 2157 2391 2206 si
2438 2158 2557 2221 quis
2602 2158 2765 2207 alter-

468 2229 643 2274 utrum
691 2226 850 2288 sequi
898 2224 1090 2286 malet,
1138 2224 1367 2274 habebit
1412 2229 1690 2273 auctorem
1731 2238 1800 2287 ap
1784 2223 1875 2272 »ud
1916 2223 2164 2272 Atilium·
2214 2222 2379 2288 perl.
2421 2223 2459 2275 l.
2498 2239 2549 2274 a.
2617 2227 2664 2275 A
2700 2225 2765 2275 li·

505 2291 687 2342 uando
732 2291 1029 2356 liquitur
1070 2291 1301 2342 fictum?
1372 2290 1728 2349 (Accilium
1763 2289 2005 2341 Turnebi
2053 2290 2171 2340 cod.
2217 2290 2531 2340 Attilium
2576 2291 2763 2344 Haun.

527 2358 850 2409 aecilium
887 2359 1004 2440 eod.
1042 2359 1128 2441 Β)
1183 2360 1306 2410 Nisi
1353 2359 1496 2409 forte
1542 2374 1609 2407 ex
1655 2356 1877 2407 Electra
1915 2356 2068 2406 Atilii
2112 2356 2249 2406 haec
2284 2359 2458 2422 petita
2493 2363 2645 2407 sunt.
2693 2359 2763 2409 cf.

468 2425 916 2491 Soph.1·21.1871
955 2409 1058 2490 υφ’
1093 2416 1273 2491 ᾖδον·
1285 2442 1313 2485 ς
1348 2441 1461 2479 τοι.
1501 2417 1781 2490 φιλτάτη,
1819 2416 2101 2490 διώκομαι
2138 2440 2188 2477 κ.
2215 2440 2261 2479 τ.
2289 2426 2335 2473 λ.
2478 2426 2557 2475 111
2592 2427 2765 2476 Varro

467 2493 532 2545 de
541 2442 605 2544 PL
647 2495 850 2549 L.V11
887 2497 953 2546 90
988 2493 1059 2543 M.
1105 2444 1278 2559 ‘apug
1322 2491 1574 2543 Atilium:
1624 2497 1785 2557 cape'
1824 2508 1872 2547 e.
1920 2506 1970 2556 q.
2009 2507 2052 2541 s.
2090 2496 2317 2558 ‘,eape
2362 2492 2506 2544 unde
2543 2494 2763 2560 accipe;

473 2562 562 2612 sed
600 2561 705 2612 hoc
741 2562 800 2612 in
836 2563 1080 2626 proximo
1118 2562 1260 2612 libro
1297 2561 1752 2611 retractandum?
1825 2559 2139 2624 (Acilium
2177 2560 2297 2610 cod.
2335 2560 2401 2622 B)

605 2629 817 2687 Avam
857 2631 1112 2679 Βοιιοτιι
1184 2628 1264 2678 Cf.
1307 2627 1552 2679 Βοιωτία
1591 2627 1921 2693 Antiphanis
1956 2627 2250 2692 Theophili
2284 2627 2578 2677 Menandri

468 2693 494 2746 Ι
531 2695 750 2747 Gellius
786 2697 870 2747 111
906 2700 956 2758 3,
992 2698 1024 2746 4
1062 2695 1229 2745 ‘alias
1277 2696 1558 2761 probauit‘
1598 2692 1816 2760 (Varro)
1857 2693 2154 2744 ‘adductus
2200 2694 2290 2744 filo
2336 2700 2504 2759 atque
2555 2696 2765 2746 facetia

466 2764 735 2814 sermonis
780 2763 981 2814 Plauto
1027 2764 1383 2828 congruentis
1429 2777 1632 2827 easque
1680 2764 1788 2812 iam
1835 2762 2147 2812 nominibus
2185 2762 2415 2813 aliorum
2466 2769 2766 2828 occupatas

469 2831 667 2880 Plauto
703 2830 1011 2881 uindicauit
1034 2831 1199 2880 sicuti
1223 2832 1389 2880 istam
1413 2845 1576 2895 quam
1603 2831 1915 2894 nuperrime
1954 2829 2300 2894 legebamus,
2340 2831 2429 2879 cui
2456 2837 2541 2880 est
2565 2846 2765 2881 nomen

471 2898 718 2948 Boeotia.
788 2914 913 2947 num
939 2913 1060 2948 cum
1088 2898 1142 2947 in
1189 2898 1305 2947 illis
1339 2913 1451 2947 una
1486 2902 1543 2947 et
1578 2898 1780 2958 uiginti
1814 2912 1923 2947 ιιοιι
1961 2896 2035 2946 sit
2072 2902 2128 2946 et
2163 2913 2284 2947 esse
2315 2898 2542 2962 Aquili
2580 2897 2762 2962 (aqli,

469 2966 487 3013 i
511 2981 617 3016 scr.
647 2980 812 3030 supra
837 2980 888 3029 q,
929 2967 1058 3016 Vat.
1087 2962 1257 3030 Rott.)
1285 2964 1522 3027 dicatur,
1548 2964 1684 3014 nihil
1720 2972 1904 3014 tamen
1919 2964 2090 3015 Varro
2115 2964 2394 3015 dubitauit
2419 2966 2551 3031 quin
2581 2965 2763 3015 Plauti

469 3032 634 3091 foret,
661 3047 841 3097 neque
868 3030 1014 3082 alius
1033 3033 1319 3097 quisquam
1337 3047 1446 3082 ιιοιι
1470 3033 1795 3095 infrequens
1809 3031 1994 3081 Plauti
2020 3032 2197 3082 lector
2214 3032 2573 3094 dubitauerit,
2603 3034 2650 3081 si
2672 3032 2764 3082 uel

465 3100 568 3149 hos
592 3099 741 3151 solos
766 3115 833 3149 ex
861 3115 926 3150 ea
954 3099 1146 3150 fabula
1169 3114 1365 3149 uersus
1401 3100 1758 3164 cognouerit,
1794 3099 1888 3163 qui
1926 3102 2179 3164 quoniam
2219 3106 2373 3162 sunt,
2411 3105 2471 3149 ut
2507 3100 2574 3149 de
2613 3099 2765 3150 illius

471 3167 680 3218 Plauti’
709 3165 747 3229 (
756 3166 968 3217 Plauti’
992 3166 1281 3217 delendum
1307 3165 1596 3231 uidetur)‘
1602 3182 1752 3216 more
1778 3166 1982 3226 dicam,
2012 3165 2439 3219 Plautinissimi.
2467 3171 2764 3232 propterea

469 3239 528 3284 et
548 3235 890 3284 meminimus
917 3249 1011 3284 eos
1048 3239 1107 3284 et
1129 3235 1499 3299 ascripsimus.
1557 3234 1917 3284 Parasitus
1955 3234 2051 3284 ibi
2087 3235 2400 3284 esuriens
2425 3234 2565 3283 haec
2599 3234 2763 3284 dicit:

470 3301 709 3351 utillum
737 3300 792 3350 di
817 3302 1073 3366 perdant’
1101 3317 1148 3356 e.
1178 3317 1226 3366 q.
1256 3316 1296 3352 s.
1335 3301 1422 3351 cf.
1438 3301 1753 3352 Ammianus
1779 3301 2136 3351 Marcellinus
2164 3300 2352 3350 XXIII
2378 3303 2425 3361 6,
2456 3304 2517 3351 77
2546 3306 2766 3351 ‘uenter

470 3369 785 3433 unicuique’
822 3369 1162 3429 (Persarum)
1190 3368 1368 3419 ‘uelut
1392 3368 1647 3420 solarium
1685 3372 1791 3426 est,
1831 3384 2003 3433 eoque
2030 3373 2282 3418 monente
2310 3368 2479 3431 quod'
2519 3367 2762 3433 (quom‘B)
2844 3425 2849 3432 .

469 3437 755 3486 ‘inciderit
779 3435 1011 3494 editur’·
1042 3451 1199 3500 quem
1227 3436 1404 3485 locum
1431 3436 1707 3486 indicauit
1727 3436 1987 3485 Hertzius
2014 3442 2247 3486 tament.
2286 3433 2522 3487 Gellian.
2548 3437 2591 3482 V
2618 3452 2667 3501 p.
2686 3439 2762 3487 18.

468 3503 790 3568 Disputauit
826 3502 893 3552 de
919 3500 1179 3553 Gelliano
1215 3504 1399 3568 capite
1438 3503 1779 3554 Ritschelius
1808 3503 2030 3566 Parerg.
2061 3502 2086 3551 1
2119 3502 2187 3552 83
2212 3516 2329 3566 sqq.
2376 3506 2467 3554 123
2492 3517 2610 3568 sqq.
2647 3506 2763 3554 208.

638 3681 675 3737 2
743 3682 968 3755 liquitur
1037 3682 1202 3737 uerbi
1263 3696 1592 3736 mensuram
1657 3683 2004 3738 monstrauit
2070 3680 2470 3736 Buechelerus
2536 3683 2757 3737 annau.

462 3767 683 3838 philon.
736 3766 895 3822 1869
938 3784 999 3838 p.
1045 3765 1198 3822 488:
1247 3766 1328 3837 cf.
1378 3766 1576 3821 Plauti
1626 3765 1782 3820 Trin.
1832 3763 1954 3820 243
2126 3764 2164 3818 4
2211 3780 2340 3838 cape
2394 3767 2548 3838 quod
2590 3773 2761 3821 testa-

467 3860 565 3907 tur
625 3850 838 3919 Varr0,
899 3866 1014 3907 non
1060 3851 1349 3922 intellego.-
1405 3865 1565 3922 carpe
1615 3850 1929 3921 probarem
2103 3848 2235 3903 cede
2279 3849 2442 3904 Flor.
2618 3848 2764 3922 Lyde

468 3937 590 3991 edd.
653 3937 832 4006 uuly.,=
883 3935 1157 4004 probauit
1215 3934 1621 3988 Lachmannus
1674 3937 1734 3988 in
1792 3935 1968 3989 Lucr.
2030 3932 2152 3990 324
2199 3931 2304 3988 lide
2348 3934 2510 4002 libri,
2571 3941 2765 3989 tuetur

475 4018 537 4075 0.
589 4018 906 4075 Muellerus
950 4017 1089 4074 elide
1118 4034 1278 4088 susp.
1314 4017 1652 4089 Spenyelius
1695 4016 1821 4073 lude
1869 4017 2134 4090 Scaliyer
2302 4034 2455 4072 come
2504 4018 2762 4073 Bueche-

467 4105 631 4159 ler-us
673 4107 859 4157 coeme
902 4104 1155 4175 intelleyi
1197 4103 1321 4157 uult
1492 4096 1692 4176 conde]
1743 4101 1910 4156 tunde
1962 4101 2263 4158 Turnebus

643 4188 670 4241 l
721 4186 792 4240 (lii
852 4185 1200 4241 Val.1i.nd
1251 4187 1405 4241 Roet.
1548 4202 1669 4239 oras
1718 4186 1868 4242 Rou.
2011 4186 2213 4259 reperit
2276 4185 2399 4239 ναί.
2530 4185 2567 4239 2
2614 4187 2763 4257 quic-

470 4287 575 4345 que
619 4270 685 4325 ad
729 4286 795 4325 eo
858 4271 981 4327 ναι.
1135 4269 1172 4325 3
1218 4270 1480 4324 cominuit
1529 4269 1667 4342 Περ.
1818 4269 2140 4325 articulatim
2187 4285 2342 4324 corr.
2392 4285 2471 4325 ea:
2514 4269 2764 4324 articula·

471 4367 584 4411 tuni
650 4356 771 4410 Vol.

571 4457 686 4500 Con.
717 4459 829 4497 Lm.
862 4459 974 4497 Ru..
1255 4472 1263 4482 ·
2307 4454 2338 4502 3
