3400 5075
1335 269 1860 327 COROLLARIVM
2623 277 2746 333 CIII

431 435 647 516 faciles
697 436 977 515 facilitas
1029 453 1213 499 aures
1264 434 1440 500 habet
1489 433 1708 500 Luchs
1765 440 2042 520 quaestt.
2088 440 2272 501 metr.
2319 461 2380 522 p.
2428 440 2468 503 9
2518 462 2739 523 quam-

435 564 631 626 quam
703 545 917 607 totum
979 563 1242 606 versum
1308 543 1375 607 in
1443 543 1882 625 suspicionem
1945 565 2212 629 vocans3
2276 545 2410 610 430
2471 547 2741 612 nimiam

435 650 578 713 boni
622 654 711 714 est
753 649 1023 726 mortali,
1067 650 1170 713 cui
1213 649 1310 713 nil
1351 649 1436 714 sit
1480 649 1637 712 mali
1660 647 2062 713 Fritzsehius
2093 646 2274 734 (nam
2304 650 2428 716 hoc
2455 653 2739 718 voluisse

435 755 705 837 videtur,
749 778 881 819 non
929 754 1099 839 quod
1147 776 1382 838 operae
1421 754 1775 819 oscitantia
1802 756 2024 838 posuit
2070 779 2107 819 a
2137 778 2329 820 sensu
2359 761 2423 821 et
2449 760 2736 823 numeris

437 859 775 947 alienum)3
823 884 882 926 v.
928 861 1056 926 467
1093 863 1335 942 perdis,
1387 880 1515 926 non
1567 862 1763 925 donas
1808 860 1893 947 (e.
1921 864 2133 943 perdit
2175 864 2282 944 qai
2325 862 2564 950 donat),
2608 866 2738 930 nisi

437 970 537 1033 cui
580 971 775 1033 donas
821 965 898 1052 (s,
947 965 1163 1054 donat)
1200 974 1288 1034 est
1321 987 1551 1031 memor
1585 965 1804 1032 Luchs
1844 968 1884 1030 1.
1923 969 1989 1052 l.;
2037 991 2094 1032 v.
2141 970 2268 1032 477
2309 971 2608 1051 perfacile
2651 976 2740 1036 est

429 1077 586 1157 felix
631 1078 742 1157 qui
785 1096 942 1158 quac
983 1077 1147 1139 vovit
1188 1076 1478 1157 impetrat
1520 1074 1692 1137 idem
1740 1097 1800 1157 p.
1854 1076 1929 1137 11
1981 1075 2355 1139 dubitanter
2401 1079 2468 1140 et
2502 1100 2733 1160 parum

431 1183 734 1267 feliciter3
791 1205 849 1245 v.
907 1181 1038 1245 592
1093 1181 1162 1245 in
1220 1181 1396 1246 exitu
1451 1181 1729 1246 iniuriae
1771 1180 1950 1245 detiir
1995 1181 2158 1245 locus
2202 1182 2305 1245 vel
2351 1184 2528 1247 detur
2573 1184 2736 1250 locas

431 1289 705 1353 initiriae
757 1289 930 1352 idem
987 1310 1047 1371 p.
1111 1288 1211 1351 10.
1311 1287 1463 1352 Non
1516 1287 1828 1372 intellego
1894 1287 2061 1371 quod
2119 1285 2520 1354 Fritzschius
2585 1312 2732 1373 pro·
2844 1353 2849 1356 .

432 1396 656 1479 posuit
687 1394 994 1477 peccandi
1038 1398 1269 1476 oportet
1312 1394 1523 1458 odium
1565 1415 1692 1458 mm
1734 1394 1938 1473 facias
1981 1398 2209 1457 metum
2255 1397 2527 1479 append.
2576 1396 2679 1461 31.

611 1500 691 1566 V.
738 1501 867 1565 628
926 1499 1287 1564 addendum
1342 1503 1443 1564 est
1497 1499 1749 1565 laudari
1806 1499 2057 1583 antiqui
2114 1498 2268 1564 dicti
2325 1503 2589 1566 nomine
2646 1504 2727 1566 ab

428 1608 831 1692 Hieronymo
881 1628 977 1691 ep.
1015 1605 1096 1670 ad
1124 1605 1372 1670 Paulin.
1400 1603 1553 1669 LIII
1587 1607 1670 1670 10
1698 1606 1823 1670 hoc
1851 1607 2194 1670 verborum
2244 1606 2493 1671 ordine:
2539 1630 2729 1673 avaro

429 1720 555 1778 tam
595 1715 725 1779 dest
771 1735 823 1777 e.
872 1736 931 1797 q.
978 1736 1044 1796 8.,
1092 1712 1385 1777 adhiberi
1430 1711 1699 1777 liberius
1749 1713 1831 1776 ab
1870 1712 2094 1777 eodem
2135 1734 2232 1795 ep.
2271 1713 2351 1776 ad
2380 1712 2728 1798 Theophil.

424 1821 554 1885 his:
596 1820 768 1905 ‘eget
806 1841 1060 1903 semper
1102 1819 1212 1903 qui
1259 1842 1492 1884 avarus
1541 1823 1667 1884 est:
1713 1819 1922 1883 nescit
1950 1840 2318 1884 mensuram
2349 1822 2449 1884 cui
2485 1826 2727 1887 tantum

423 1930 582 1993 deest
605 1928 768 2010 quod
800 1927 991 2005 habet,
1037 1932 1339 2008 quantum
1383 1928 1546 2008 quod
1587 1946 1715 1990 non
1742 1925 1940 1990 habet'
1988 1923 2097 2012 (ef.
2126 1922 2394 1991 Aemilii
2424 1925 2726 2007 Luebeck

425 2035 498 2099 de
545 2033 932 2117 Hieronymi
972 2032 1350 2097 auctoribus
1396 2033 1635 2097 librum
1682 2056 1744 2117 p.
1799 2030 1969 2118 115).
2042 2032 2147 2097 Ad
2186 2033 2460 2118 append.
2497 2056 2554 2098 v.
2593 2034 2720 2098 311

425 2141 791 2208 accuratius
840 2139 1222 2205 indicandus
1271 2142 1372 2203 est
1418 2139 1633 2205 Orosii
1676 2138 1775 2204 IV
1822 2140 1862 2203 9
1911 2163 1971 2223 p.
2019 2141 2177 2225 240,
2228 2142 2261 2205 1
2312 2140 2477 2205 Hav.
2524 2140 2725 2225 locuS,

429 2249 539 2313 ubi
585 2250 749 2313 haec
794 2247 1126 2331 leguntur:
1175 2245 1394 2311 ‘tertio
1443 2268 1612 2311 anno
1621 2296 1641 2331 ,
1684 2247 1847 2312 sicut
1886 2268 2122 2329 semper
2164 2246 2502 2312 indomitus
2540 2248 2725 2328 furor

421 2358 536 2421 cito
577 2355 1000 2438 periculorum
1053 2355 1450 2432 obliviscitur,
1508 2352 1821 2418 Servilius
1879 2351 2121 2437 Caepio
2178 2356 2244 2417 et
2300 2351 2719 2436 Sempronius

421 2463 695 2527 Blaesus
742 2460 1061 2545 consules,
1107 2483 1252 2525 cum
1291 2460 1584 2525 ducentis
1623 2459 1966 2545 sexaginta
2002 2459 2279 2524 navibus
2317 2461 2387 2525 in
2423 2458 2719 2526 Africam

419 2568 816 2655 transgressi
871 2568 1242 2632 universam
1308 2589 1490 2632 oram
1547 2568 1976 2655 maritimam,
2041 2589 2206 2651 quae
2261 2567 2436 2649 circa
2492 2564 2717 2651 Syrtes

418 2677 615 2759 iacet,
663 2674 1040 2759 depopulati
1100 2671 1293 2737 sunt.'
1378 2676 1571 2756 atque
1618 2673 1767 2756 ipsa
1812 2674 2029 2758 verba,
2075 2695 2240 2757 quae
2288 2672 2370 2738 ad
2413 2695 2717 2754 numeros

418 2783 576 2847 duce
622 2781 925 2847 Fabricio
973 2780 1221 2864 redegi,
1275 2802 1407 2842 non
1466 2779 1656 2843 aliter
1705 2801 1781 2843 ac
1827 2802 2025 2863 supra
2071 2779 2389 2863 descripsi
2430 2779 2715 2845 Lauren-

418 2887 669 2952 tianum
708 2888 844 2952 cod.
892 2887 998 2970 65,
1049 2888 1082 2949 1
1116 2885 1418 2950 exhibere
1448 2885 1722 2950 comiter
1758 2907 1861 2950 me
1898 2885 2120 2950 docuit
2147 2885 2714 2969 Zangemeisterus

415 2999 669 3165 1108oess
739 3099 1181 3182 fabularum
1250 3098 1494 3162 indice
1564 3067 2007 3163 Plautiniim
2076 3073 2343 3164 titulum
2415 3096 2711 3165 PAGON

418 3211 667 3272 mutare
724 3229 920 3271 ausus
973 3229 1106 3272 non
1161 3227 1332 3287 sum,
1388 3204 1499 3287 qui
1556 3226 1700 3268 cum
1762 3206 1961 3269 semel
2011 3206 2181 3289 apud
2228 3204 2588 3269 Varronem
2636 3203 2713 3267 de

415 3315 454 3378 l.
514 3316 554 3378 l.
609 3313 739 3379 VII
787 3314 869 3378 61
929 3315 995 3376 et
1051 3313 1145 3377 sic
1192 3311 1472 3394 scriptus
1518 3312 1590 3375 in
1619 3332 1868 3394 payo‘ne
1913 3311 2316 3393 exhibeatur,
2368 3309 2487 3374 Pio
2532 3309 2711 3373 visus

415 3424 515 3483 est
560 3420 843 3502 Phaycm.
927 3418 1107 3483 cuius
1174 3417 1582 3482 coniecturae
1644 3421 1722 3481 ut
1783 3417 2043 3481 facilius
2117 3414 2445 3479 adsentiar
2517 3437 2710 3498 quam

415 3526 814 3591 Ritschelius
862 3526 1122 3609 Parerg.
1169 3524 1201 3588 I
1254 3524 1375 3588 151
1427 3526 1492 3588 et
1537 3548 1697 3590 mus.
1743 3523 1948 3588 Rhen.
1984 3521 2046 3586 X
2089 3522 2240 3605 447,
2286 3520 2380 3584 eis
2428 3542 2710 3604 moveor,

412 3655 576 3717 quae
631 3633 701 3696 in
756 3632 893 3696 vita
947 3628 1286 3695 Aureliani
1343 3651 1393 3695 c.
1450 3631 1537 3695 50
1590 3632 1922 3716 leguntur:
1981 3628 2148 3692 terat
2209 3627 2469 3712 quidem
2522 3649 2707 3692 rarus

411 3739 483 3803 in
536 3738 1011 3822 voluptatibus,
1076 3737 1186 3800 sed
1251 3737 1418 3801 miro
1476 3737 1667 3803 modo
1724 3736 1943 3801 mimis
1999 3733 2457 3799 delectabatur.
2517 3733 2705 3798 vehe-

411 3844 815 3909 mentissime
863 3847 1079 3908 autem
1127 3844 1483 3908 delectatus
1539 3844 1641 3907 est
1683 3843 1979 3925 Fayone
2024 3838 2327 3926 (fayoriac
2372 3845 2438 3905 et
2468 3842 2709 3924 fayorie

412 3951 610 4035 codd„
656 3973 817 4015 corr.
866 3947 1284 4036 Sahnasius),
1338 3949 1448 4031 qui
1488 3969 1679 4031 usquc
1723 3970 1788 4014 eo
1833 3950 2097 4014 nait-Itum
2140 3949 2409 4026 comedit,
2455 3950 2531 4012 ut
2573 3970 2702 4012 uno

411 4057 513 4121 die
560 4061 708 4120 ante
756 4079 1048 4121 mensam
1095 4057 1232 4122 eius
1281 4077 1512 4139 aprum
1557 4054 1914 4140 integrum,
1975 4059 2233 4119 centum
2278 4077 2479 4138 panes
2490 4104 2508 4137 ,
2564 4075 2702 4118 ver-

409 4184 628 4228 vecem
686 4166 751 4226 et
813 4163 1171 4254 porcellum
1236 4160 1628 4245 comederet,
1689 4160 1948 4225 biberet
2010 4164 2227 4225 autem
2292 4159 2700 4225 infundibulo

410 4269 709 4353 adposito
773 4267 920 4352 plus
987 4267 1190 4354 orca,'
1255 4268 1368 4332 ubi
1432 4268 1501 4331 in
1554 4267 1880 4357 Palatino·
1921 4291 2005 4333 m.
2061 4270 2101 4332 2
2167 4266 2534 4352 adpositum
2600 4268 2703 4331 est
