3400 5075
1530 340 1857 391 'rrrmlvs
2729 339 2850 404 149

1590 495 1655 561 II
1705 495 1805 582 (5)

727 608 978 674 Accede
1025 609 1103 672 ad
1137 632 1440 694 sponsam
1480 610 1812 697 audacter,
1858 612 2044 697 uirgo
2084 613 2263 676 milla
2303 617 2400 678 est
2447 614 2578 679 tali’
2620 614 2848 680 Setiae.

1489 727 1588 791 III
1636 726 1786 813 (inc.
1834 726 1905 813 3)

790 892 803 905 .
852 841 963 906 sed
1009 841 1139 905 iam
1168 845 1385 906 metuo
1424 842 1665 926 hercle,
1712 841 1944 928 Cae50‚
1990 846 2072 908 ne
2101 846 2293 909 nimis
2325 846 2521 910 stulte
2569 846 2849 931 fecerim,

727 954 850 1032 Qui
896 978 974 1021 ex
1028 958 1215 1021 tanta
1270 957 1552 1022 facti6ne
1599 963 1793 1043 atque
1841 960 2072 1044 opibus
2129 962 2409 1045 puellam
2463 984 2605 1026 sum
2652 984 2846 1026 ausus

2254 1076 2538 1161 adgredi.

1129 1241 1138 1246 “
1549 1162 1645 1226 IV
1693 1161 1837 1248 (14)

725 1276 928 1341 Paula
975 1298 1146 1361 mea,
1192 1277 1452 1361 amabo,
1497 1279 1605 1362 pol
1651 1282 1831 1343 tuam
1880 1280 1960 1343 ad
2009 1280 2263 1345 laudem
2310 1280 2529 1345 addito

554 1394 680 1458 110
728 1391 1183 1457 ‘Praefl'scini’i

1573 1481 1634 1546 V
1719 1484 1798 1546 13

728 1596 836 1661 An
883 1593 1036 1681 quia
1084 1598 1216 1682 ‘pol
1245 1597 1496 1681 edepol'
1546 1481 1864 1680 faeibiflar22‚
1914 1596 2047 1663 ‘edi'
2070 1600 2261 1664 medi’
2313 1598 2668 1665 meministi
2715 1602 2845 1664 -—-‘?

1571 1712 1665 1776 VI
1715 1710 1815 1798 (4)

790 1880 803 1893 .
853 1880 866 1893 .
915 1880 928 1893 .
976 1829 1160 1912 quasi
1206 1828 1708 1893 hermefroditus
1754 1826 2157 1892 fimbriatum
2204 1829 2485 1894 frontem

726 1943 976 2010 Gestae.

680 2115 736 2165 11
770 2114 985 2162 Nonius
1023 2114 1140 2176 227,
1181 2114 1244 2162 15
1281 2112 1448 2162 ‘tale
1487 2113 1726 2179 positum
1765 2129 1861 2178 pro
1900 2112 2075 2164 talis.’
2249 2115 2332 2165 111
2371 2115 2578 2165 Nonius
2614 2118 2741 2174 304,
2777 2119 2838 2164 21

548 2182 793 2232 ‘factio
831 2182 1030 2231 iterum
1067 2180 1342 2245 significat
1379 2180 1739 2245 opulentiam,
1776 2181 2175 2231 abundantiam
2225 2188 2278 2232 et
2315 2183 2681 2233 nobilitatem.
2745 2183 2842 2232 Ti-

546 2250 719 2299 tinius
763 2249 1010 2298 sediam
1059 2251 1295 2298 metuo'
1347 2264 1396 2297 e.
1434 2265 1483 2314 q.
1524 2264 1566 2302 s.
1640 2249 1929 2309 (Setinaz
1978 2254 2198 2299 metuo
2246 2250 2546 2303 Meroen-us,
2604 2251 2841 2300 fortasse

547 2305 783 2367 Setina
829 2315 1024 2366 titulus
1070 2320 1197 2366 ante
1242 2316 1496 2365 sediam
1541 2316 1772 2376 excidit,
1820 2316 1914 2367 sed
1965 2322 2149 2366 certae
2196 2317 2417 2366 fabulae
2463 2318 2703 2367 adscribi
2741 2318 2843 2369 hoc

547 2385 780 2435 frustum
806 2399 914 2434 non
940 2383 1195 2434 debebat.
1267 2383 1524 2434 Ceterum
1549 2385 1620 2433 cf.
1651 2384 1719 2433 fr.
1748 2384 1899 2435 VIII.
1938 2384 2032 2438 IX.
2072 2384 2166 2433 XV
2208 2384 2349 2448 apud
2378 2385 2514 2437 Non.
2550 2387 2660 2446 186,
2684 2388 2750 2435 24
2788 2393 2845 2436 et

545 2455 628 2515 87,
667 2454 752 2512 13)
916 2452 990 2502 lV
1029 2451 1319 2501 Charisius
1355 2452 1409 2501 11
1450 2469 1498 2517 p.
1542 2453 1636 2501 189
1673 2454 1734 2505 P.
1770 2453 2210 2516 ‘praefiscini
2247 2452 2490 2502 Titinius
2527 2454 2582 2502 in
2621 2453 2838 2503 Setina:

544 2520 746 2571 Paula’
785 2536 831 2570 e.
861 2535 911 2585 q,
939 2534 982 2569 s.
1056 2523 1148 2568 ‘ne
1178 2519 1364 2585 puella
1388 2521 1738 2570 fascinetur.’
1776 2521 2073 2583 (sentina
2111 2519 2227 2571 cod.
2302 2520 2637 2586 Explicandi
2670 2536 2842 2572 causa

543 2590 712 2639 uerba
766 2592 857 2637 ‘ne
912 2588 1101 2653 puella
1155 2589 1484 2638 fascinetur’
1540 2588 1847 2637 Charisinm
1901 2589 2205 2639 subiecisse
2258 2590 2467 2638 monuit
2514 2590 2841 2639 Gulielmius

546 2657 724 2707 Veris.
764 2656 816 2706 11
857 2657 947 2717 14,
995 2657 1127 2705 item
1167 2655 1417 2720 Scaliger
1453 2655 1605 2705 Cast.
1653 2655 1721 2704 ad
1767 2657 1914 2706 Fest.
1961 2673 2011 2721 p.
2056 2656 2171 2719 148)
2378 2658 2423 2704 V
2463 2657 2751 2706 Charisius
2788 2659 2842 2709 11

546 2740 596 2788 p.
639 2726 734 2775 178
771 2726 830 2774 Ρ.
871 2723 1109 2773 ‘medio
1148 2723 1319 2785 (edio
1357 2730 1619 2787 excerpta
1643 2723 1821 2773 Paris,
1850 2731 1906 2773 et
1936 2725 2120 2786 Bern.)
2157 2723 2359 2786 sidio,
2396 2741 2494 2789 per
2527 2725 2712 2774 Iouem
2750 2725 2840 2774 uel

544 2791 703 2841 fidem
753 2791 997 2842 filiumue
1042 2792 1190 2841 Ionis
1240 2791 1561 2852 Herculem,
1611 2806 1752 2855 quae
1800 2793 2000 2841 iuratio
2057 2793 2278 2856 propria
2324 2793 2565 2842 uirorum
2613 2799 2723 2853 est,
2780 2798 2843 2841 ut

548 2860 872 2909 feminarum
911 2859 1106 2924 edepol
1145 2863 1372 2909 ecastor
1409 2860 1589 2909 einno.
1658 2859 1911 2924 Denique
1957 2859 2263 2909 Titinius
2300 2861 2361 2909 in
2399 2861 2639 2909 Setina
2677 2860 2840 2909 mol·

545 2926 819 2977 liculum
869 2926 1466 2976 adulescentulum
1513 2927 1921 2977 effeminate
1978 2926 2364 2991 loquentem
2423 2943 2561 2977 cum
2608 2943 2840 2995 repre·

543 2994 841 3045 bendere
878 2996 1113 3058 magis’
1153 2994 1280 3056 (scr.
1320 2993 1673 3060 magister)
1713 2994 1988 3055 ‘uellet,
2026 2996 2143 3054 An,
2183 2997 2389 3059 inquit,
2426 2995 2603 3058 quia’
2645 3010 2692 3044 e.
2717 3011 2767 3060 q.
2795 3012 2838 3050 s,

682 3062 756 3113 VI
793 3063 1002 3112 Nonius
1036 3065 1153 3123 204,
1191 3064 1257 3114 28
1304 3063 1615 3112 ‘frontem
1651 3100 1664 3112 .
1694 3101 1708 3115 .
1738 3102 1748 3111 .
1789 3061 2094 3113 masculino
2130 3062 2370 3112 Titinius
2408 3063 2621 3112 Setina:
2661 3063 2838 3127 quasi’

719 3242 836 3299 106
868 3258 1119 3315 sponsam
1152 3240 1358 3297 Iunius
1386 3245 1444 3297 in
1477 3260 1581 3314 my.
1618 3257 1878 3314 sponsum
1910 3243 2046 3297 libri
2172 3240 2426 3295 audacter
2465 3240 2658 3297 Urbin.
2694 3241 2839 3310 308,

545 3327 789 3384 Botkius
819 3325 1090 3381 audaciter
1116 3328 1251 3383 libri
1377 3325 1485 3381 lali‘
1517 3326 1692 3381 Setiae
1724 3326 1930 3393 Iunius
1958 3329 2017 3381 in
2048 3344 2155 3398 my.
2191 3325 2282 3380 tali
2315 3325 2493 3380 Setiae
2535 3326 2699 3396 libri,
2732 3329 2843 3380 nisi

543 3413 698 3485 quod
737 3410 843 3466 tale
889 3413 1156 3466 sententia
1210 3410 1402 3467 Urbin.
1579 3410 1696 3467 107
1746 3409 1838 3466 sed
1889 3412 1990 3465 ium
2048 3418 2229 3464 metuo
2272 3411 2436 3481 libri,
2494 3412 2646 3482 quod
2688 3427 2840 3465 nunc

544 3500 815 3553 seruaui:
862 3496 991 3552 uide
1035 3510 1240 3567 supra.
1398 3494 1580 3551 hercle
1627 3502 1810 3549 metuo
1866 3495 2059 3550 Urbin.
2110 3493 2230 3549 308
2400 3493 2535 3549 Ccso
2578 3495 2716 3549 libri

549 3582 666 3639 108
712 3580 945 3654 puellam
976 3582 1190 3651 scripsi
1217 3596 1332 3634 eam
1376 3582 1513 3636 libri
1553 3579 1694 3635 illam
1734 3579 2121 3635 Neukirchius
2294 3580 2382 3651 qui
2429 3595 2541 3633 eam
2591 3586 2735 3633 tanta
2777 3595 2839 3633 cx

545 3666 775 3723 sectione
808 3674 971 3738 atque
1003 3663 1194 3738 opibus
1226 3680 1389 3719 ausus
1419 3682 1537 3719 sum
1576 3665 1818 3719 Bolhius
1850 3663 2142 3719 trochaeis
2272 3664 2487 3718 Delelis
2517 3666 2643 3719 olim
2677 3672 2838 3736 atquc

543 3750 733 3825 opibus
763 3751 1030 3807 senarios
1060 3751 1265 3821 effeci,
1312 3752 1417 3805 sed
1444 3757 1637 3805 tuetur
1667 3752 1769 3805 illa
1801 3750 2047 3804 Plautus
2084 3747 2240 3803 Trin.
2275 3747 2417 3802 491.
2452 3747 2573 3803 407
2611 3746 2740 3803 Cist.
2773 3747 2842 3802 11

546 3836 602 3905 1,
655 3836 727 3891 17
908 3834 1024 3891 109
1070 3849 1157 3907 sq.
1197 3852 1309 3905 pro
1339 3838 1558 3907 inleyro
1601 3836 1932 3905 septenario
1979 3834 2267 3888 trochaico
2297 3834 2468 3888 habet
2499 3833 2557 3886 L.
2595 3831 2841 3888 Mueller·

540 3922 610 3976 de
641 3937 706 3975 re
737 3939 803 3976 m.
838 3918 991 3974 421:
1035 3920 1394 3991 probabilior
1435 3922 1509 3974 sil
1539 3919 1819 3974 iambicus
1852 3921 2205 3974 octonariuS.
2376 3917 2671 3972 Personas
2701 3923 2837 3971 (nile

541 4004 632 4076 pol
677 4006 940 4061 distinoeic
991 4004 1292 4060 Turnebus
1324 4004 1565 4059 Aduers.
1600 4002 1856 4059 XXVII
1889 4002 1999 4073 23,
2047 4006 2146 4059 cui
2188 4004 2315 4057 olim
2361 4003 2756 4073 obtemperant·

541 4087 753 4159 Panna,
800 4087 1021 4159 amabo,
1069 4105 1186 4143 mea
1217 4087 1594 4144 Her-mannus
1620 4091 1660 4143 l.
1692 4091 1729 4143 l.
1766 4086 1885 4145 274
2057 4086 2149 4160 pol
2199 4095 2341 4141 tuam
2387 4086 2448 4141 acl
2495 4090 2711 4157 scripsi
2746 4085 2835 4158 pol

543 4182 599 4227 tu
645 4173 706 4228 ad
757 4176 880 4230 cod.
929 4172 1186 4247 pollulam
1234 4172 1501 4246 Scaliyer
1549 4171 1757 4246 Casliy.
1803 4175 1884 4228 ad
1926 4174 2080 4228 Fest.
2120 4191 2180 4245 p.
2226 4170 2343 4228 148
2524 4171 2636 4226 111
2689 4170 2837 4225 sabu-

542 4257 651 4314 liire
708 4258 803 4314 Edi
858 4260 1235 4315 Her-mannus
1278 4260 1316 4313 1.
1363 4260 1401 4313 1.
1449 4257 1568 4313 274
1787 4256 1894 4312 ‘edi
1954 4255 2117 4312 nietli’
2166 4257 2448 4312 meministi
2504 4256 2837 4329 1'npcrfi·cta

537 4347 820 4400 sententia
867 4343 1197 4400 dubitanter
1237 4345 1423 4416 posui.
1514 4341 1684 4398 edime
1730 4341 1944 4399 diemini
1993 4344 2117 4398 cod.
2165 4340 2248 4398 edi
2297 4340 2436 4397 medi
2469 4344 2553 4397 ed.
2583 4359 2676 4414 pr.
2727 4339 2834 4398 ‘edi
