3400 5075
1358 352 1420 402 1..
1459 350 1828 402 AFRANIVS
2568 359 2578 368 ·
2615 349 2737 412 175

1441 505 1543 572 111
1590 504 1737 596 (22)

1610 626 1761 708 post
1804 624 2183 707 narrauerQ

618 736 807 803 Nunc
857 740 958 803 §st
1002 737 1322 802 distentus
1370 737 1625 803 {inimus
1672 742 1747 803 ut
1791 738 2101 824 neg6tiis‚

620 853 823 920 Porro
873 858 1091 918 autem
1135 874 1431 937 propero.

1461 967 1555 1033 IV
1604 965 1704 1054 (9)

489 1058 574 1124 75
916 1110 925 1120 .
1854 1057 2049 1143 pauld
2095 1057 2274 1144 prius

619 1146 792 1211 Hinc
840 1146 1016 1212 abiit.

1468 1234 1529 1300 V
1578 1232 1726 1322 (19)

625 1348 779 1438 [Sic]
830 1351 1106 1416 sollicito
1153 1350 1341 1415 c6rde
1388 1372 1620 1435 eorpus
1666 1353 1800 1415 n6n
1845 1351 2094 1435 potitur
2137 1356 2311 1416 minc
2357 1351 2523 1437 quie.

1471 1472 1567 1539 v1
1614 1472 1716 1560 (6)
2542 1450 2553 1458 ’

619 1589 750 1656 Cur
793 1589 1067 1656 nimium
1113 1588 1520 1675 adpetimus?
1568 1586 1602 1658 ss*
1645 1589 1891 1653 ndmini
1934 1589 2206 1654 nimitim
2253 1590 2415 1655 bene
2470 1596 2585 1657 est.

1426 1721 1556 1787 VH
1603 1719 1752 1809 (12)

727 1890 741 1905 .
832 1861 913 1904 ne
958 1843 1031 1904 tu
1080 1839 1456 1905 summatim
1501 1839 1821 1903 rationdm
1866 1842 2073 1923 putes,

1425 1961 1588 2027 VIII
1637 1959 1741 2048 (8)

486 2080 574 2144 80
617 2078 792 2144 Mal6
839 2078 1155 2164 pudenter
1199 2078 1574 2143 mctientem

1444 2192 1540 2257 IX
1589 2190 1737 2280 (14)

624 2306 872 2375 Idcirco
917 2309 1078 2374 haec
1123 2329 1313 2394 agere
1359 2309 1573 2373 tticum
1620 2311 1869 2374 secreto
1914 2306 2144 2376 institi.

1461 2432 1523 2498 X
1570 2429 1718 2519 (10)

623 2551 715 2618 Vt
761 2548 896 2617 sint
938 2549 1276 2636 repentino
1324 2548 1736 2635 apparandus
1781 2549 2067 2635 nuptiae.

445 2765 526 2816 111
564 2763 848 2815 Charisius
874 2763 930 2815 11
963 2781 1017 2831 p.
1048 2765 1145 2816 190
1170 2765 1229 2815 P.
1271 2767 1491 2829 ‘porro
1528 2778 1622 2829 pro
1659 2764 1718 2813 in
1758 2762 1999 2815 futurum
2029 2800 2041 2813 .
2067 2800 2079 2813 .
2112 2800 2126 2814 .
2150 2764 2414 2816 Afranius
2450 2768 2507 2818 in
2533 2767 2740 2819 Binan·-

444 2834 655 2898 cipato:
695 2832 843 2898 post‘
883 2847 930 2885 e.
970 2848 1018 2898 q.
1057 2848 1099 2883 s.
1241 2832 1316 2882 1v
1356 2830 1641 2882 Charisius
1676 2831 1733 2882 11
1769 2847 1822 2897 p.
1864 2833 1957 2882 191
1995 2832 2057 2883 P.
2097 2832 2322 2897 ‘paulo
2357 2834 2542 2900 prius
2578 2837 2740 2887 Afra-

443 2900 567 2951 nius
612 2900 671 2950 in
719 2901 1109 2966 Emancipato:
1166 2899 1353 2964 paulo’
1403 2913 1450 2949 e.
1497 2914 1530 2964 q
1591 2916 1636 2951 s.
1708 2902 1834 2948 ‘nos
1879 2898 2046 2965 paulo
2095 2896 2249 2951 ante*
2277 2901 2553 2954 dicimus.'
2694 2907 2740 2955 V

443 2967 760 3018 Priscianus
808 2964 881 3017 Vl
933 2970 993 3018 11
1040 2984 1095 3034 p.
1142 2968 1240 3018 ‘103
1277 2968 1339 3021 P.
1387 2968 1615 3032 ‘quies
1660 2966 1883 3032 quietis.
1977 2966 2355 3020 Vetustissimi
2400 2974 2581 3021 tamen
2639 2971 2741 3021 hoc

445 3049 660 3101 quoque
696 3033 996 3086 secundum
1033 3050 1201 3100 supra
1236 3033 1438 3086 dictam
1476 3034 1831 3100 proferebant
1873 3033 2318 3089 declinationem.
2387 3039 2646 3089 Afranius
2684 3042 2742 3089 in

443 3103 828 3168 Emancipato:
875 3102 1142 3154 sollicito’
1183 3118 1229 3154 e.
1265 3118 1316 3168 q.
1355 3118 1398 3153 s.
1448 3100 1823 3165 (affranius
1859 3102 2092 3154 Carolir.
2233 3105 2299 3155 in
2350 3105 2444 3160 .1.
2490 3107 2742 3157 manci-

442 3175 602 3235 pato
639 3169 806 3236 Sang.
846 3169 1000 3221 Grut.
1045 3171 1111 3220 in
1144 3168 1176 3230 l
1213 3169 1648 3235 emancipato
1694 3168 1950 3235 Carolir.)
1997 3171 2168 3223 Auen.
2211 3172 2371 3223 Beru.
2415 3172 2472 3222 in
2518 3174 2742 3238 Hageni

443 3237 586 3289 anal.
623 3237 789 3288 Helu.
828 3239 943 3298 132,
978 3240 1045 3289 33
1091 3233 1480 3288 ‘uetustissimi
1527 3237 1684 3302 quies
1732 3238 1919 3303 quisi
1962 3237 2257 3290 secundum
2295 3240 2540 3303 quintam
2577 3240 2742 3291 decli·

442 3308 720 3358 nationem
745 3305 1131 3371 proferebant,
1155 3304 1300 3355 unde
1325 3304 1589 3355 Afranius
1614 3303 1777 3355 dixit:
1814 3305 2054 3357 sollicito
2081 3342 2096 3357 .
2116 3346 2129 3358 .
2154 3343 2170 3359 .
2196 3307 2366 3372 quie)
2492 3306 2561 3359 vl
2592 3308 2737 3359 Cha·

441 3374 606 3424 risius
641 3373 695 3424 11
732 3389 785 3439 p.
825 3375 922 3424 186
956 3373 1019 3425 P.
1059 3373 1398 3425 ‘nimiunn’
1540 3374 1643 3423 vu
1682 3372 1967 3424 Charisius
2003 3374 2057 3424 11
2104 3389 2158 3438 p.
2203 3377 2299 3424 194
2334 3374 2396 3426 P.
2433 3367 2741 3427 ‘summa-

442 3442 605 3492 tim.’
744 3441 875 3492 VIII
903 3439 1190 3492 Charisius
1208 3440 1264 3492 11
1288 3457 1340 3506 p.
1364 3442 1461 3492 190
1479 3441 1541 3492 Ρ.
1573 3440 1936 3506 ‘pudenter
2059 3440 2322 3493 Afranius
2349 3442 2576 3493 Emanci
2621 3450 2739 3494 ato:

441 3507 586 3560 malo
622 3525 675 3575 p.
713 3513 806 3561 m.'
961 3509 1039 3560 lx
1078 3506 1364 3558 Charisius
1400 3509 1453 3559 11
1496 3525 1549 3573 p.
1589 3510 1687 3559 196
1724 3509 1785 3559 Ρ.
1833 3512 2170 3558 ‘secl-eto!
2246 3510 2422 3571 (afri
2460 3511 2579 3562 cod.

440 3577 490 3627 X
527 3576 810 3627 Charisius
836 3576 892 3626 11
929 3592 982 3642 p.
1010 3578 1106 3627 193
1132 3575 1191 3625 Ρ.
1233 3577 1644 3641 ‘repentino,
1683 3590 1785 3641 pro
1821 3581 2078 3641 repente.
2099 3611 2111 3624 .
2132 3576 2422 3628 .Afranius
2458 3579 2515 3628 in
2542 3580 2739 3630 Eman-

613 3752 692 3811 73
739 3760 799 3809 ut
841 3756 986 3821 cod„
1046 3756 1134 3811 ed.
1174 3772 1269 3827 pr.
1330 3770 1481 3810 meus
1523 3754 1905 3811 Hermannus
1955 3757 1996 3811 l.
2053 3758 2093 3812 l.
2155 3752 2293 3813 280.
2406 3754 2604 3813 Conici
2657 3758 2740 3815 his

441 3840 535 3894 uel
583 3845 667 3893 tot
705 3841 891 3910 possit
1064 3840 1115 3894 ui
1171 3839 1378 3913 negotii
1442 3839 1754 3895 Vulcanius
1806 3840 1970 3911 apud
2010 3840 2369 3896 Bondamum
2427 3859 2556 3898 uar.
2603 3845 2737 3899 leci.

433 3940 499 3994 p.
530 3921 653 3980 236
828 3923 906 3980 77
955 3924 1262 3981 trochaeos
1290 3939 1446 3979 nunc
1476 3925 1750 3996 discripsi
1789 3924 1866 3979 sic
1897 3926 2149 3996 exempli
2190 3941 2373 3981 causa
2419 3930 2740 3996 praemisso

612 4008 820 4081 potitur
862 4007 976 4080 (tur
1029 4012 1087 4065 in
1144 4004 1288 4081 ras.)
1338 4008 1513 4064 Halb.
1689 4004 1851 4064 nunc'
1876 4010 1984 4066 del.
2034 4009 2294 4080 Baebius,
2355 4017 2416 4065 ui
2471 4016 2741 4067 senarius

438 4093 609 4164 fieret
823 4091 902 4150 78
947 4093 1268 4168 adpetimus,
1318 4091 1366 4146 R
1417 4094 1540 4150 cod.
1759 4092 1837 4149 79
1884 4094 2022 4149 ratio
2075 4101 2235 4167 putes
2292 4096 2417 4150 cod.
2475 4096 2738 4152 rationem

440 4183 597 4249 putas
642 4176 983 4248 Fabricius,
1030 4177 1448 4234 Fleckeisenus
1491 4176 1693 4233 Philet.
1742 4176 1816 4234 II
1855 4177 1935 4235 65
1979 4179 2051 4235 de
2088 4180 2386 4249 particula
2433 4195 2501 4235 ne
2545 4181 2741 4252 dispu-

440 4284 574 4419 ίαονὲσ
699 4276 786 4336 80
829 4279 1177 4336 mentientem
1213 4279 1536 4348 Fabricius,
1563 4277 1827 4352 sortasse
1856 4288 2034 4337 recte.
2166 4278 2244 4338 81
2275 4259 2327 4335 ff
2361 4274 2422 4356 (i.
2471 4295 2520 4337 e.
2583 4281 2735 4359 haec)

443 4377 475 4418 c
550 4402 566 4418 .
1133 4376 1136 4381 ·
