<?xml version="1.0" encoding="UTF-8"?>
<!DOCTYPE html PUBLIC "-//W3C//DTD XHTML 1.0 Transitional//EN"
    "http://www.w3.org/TR/xhtml1/DTD/xhtml1-transitional.dtd">
<html xmlns="http://www.w3.org/1999/xhtml" xml:lang="en" lang="en">
 <head>
  <title>
</title>
<meta http-equiv="Content-Type" content="text/html;charset=utf-8" />
  <meta name='ocr-system' content='tesseract 3.04.00' />
  <meta name='ocr-capabilities' content='ocr_page ocr_carea ocr_par ocr_line ocrx_word'/>
</head>
<body>
  <div class='ocr_page' id='page_1' title='image "./comicorumromano00teregoog_0616.png"; bbox 0 0 3400 5075; ppageno 0'>
   <div class='ocr_carea' id='block_1_1' title="bbox 867 1248 2747 1482">
    <p class='ocr_par' dir='ltr' id='par_1_1' title="bbox 867 1248 2747 1482">
     <span class='ocr_line' id='line_1_1' title="bbox 1416 1248 2387 1323; baseline 0.001 -1"><span class='ocrx_word' id='word_1_1' title='bbox 1416 1248 1720 1322; x_wconf 83' lang='lat' dir='ltr'>INDEX</span> <span class='ocrx_word' id='word_1_2' title='bbox 1778 1251 2295 1323; x_wconf 82' lang='lat' dir='ltr'>VERBORVM</span> <span class='ocrx_word' id='word_1_3' title='bbox 2382 1272 2387 1277; x_wconf 86' lang='lat'><strong>·</strong></span> 
     </span>
     <span class='ocr_line' id='line_1_2' title="bbox 867 1403 2747 1482; baseline 0.001 -3"><span class='ocrx_word' id='word_1_4' title='bbox 867 1406 1000 1480; x_wconf 90' lang='lat' dir='ltr'><strong>AD</strong></span> <span class='ocrx_word' id='word_1_5' title='bbox 1054 1403 1272 1478; x_wconf 79' lang='lat' dir='ltr'>SYRI</span> <span class='ocrx_word' id='word_1_6' title='bbox 1319 1404 1911 1482; x_wconf 84' lang='lat' dir='ltr'>SENTENTIAS</span> <span class='ocrx_word' id='word_1_7' title='bbox 1959 1404 2079 1477; x_wconf 75' lang='lat' dir='ltr'><strong>ET</strong></span> <span class='ocrx_word' id='word_1_8' title='bbox 2134 1406 2747 1480; x_wconf 85' lang='lat' dir='ltr'><strong>APPENDICEM</strong></span> 
     </span>
    </p>
   </div>
   <div class='ocr_carea' id='block_1_2' title="bbox 657 1630 1776 2508">
    <p class='ocr_par' dir='ltr' id='par_1_2' title="bbox 661 1630 1776 1765">
     <span class='ocr_line' id='line_1_3' title="bbox 661 1630 1776 1695; baseline -0.003 -13"><span class='ocrx_word' id='word_1_9' title='bbox 661 1630 712 1682; x_wconf 78' lang='lat' dir='ltr'><strong><em>A</em></strong></span> <span class='ocrx_word' id='word_1_10' title='bbox 739 1633 1012 1683; x_wconf 84' lang='lat' dir='ltr'><strong>secundus</strong></span> <span class='ocrx_word' id='word_1_11' title='bbox 1050 1649 1084 1682; x_wconf 82' lang='lat' dir='ltr'><strong>a</strong></span> <span class='ocrx_word' id='word_1_12' title='bbox 1119 1636 1292 1681; x_wconf 87' lang='lat' dir='ltr'><strong>matre</strong></span> <span class='ocrx_word' id='word_1_13' title='bbox 1319 1633 1419 1680; x_wconf 91' lang='grc'><strong>600</strong></span> <span class='ocrx_word' id='word_1_14' title='bbox 1455 1630 1706 1695; x_wconf 85' lang='lat' dir='ltr'><strong>superari</strong></span> <span class='ocrx_word' id='word_1_15' title='bbox 1743 1647 1776 1679; x_wconf 89' lang='lat' dir='ltr'><strong>a</strong></span> 
     </span>
     <span class='ocr_line' id='line_1_4' title="bbox 728 1701 1143 1765; baseline -0.005 -15"><span class='ocrx_word' id='word_1_16' title='bbox 728 1701 1010 1765; x_wconf 74' lang='lat' dir='ltr'><strong>superiore</strong></span> <span class='ocrx_word' id='word_1_17' title='bbox 1049 1702 1143 1750; x_wconf 92' lang='grc'><strong>681</strong></span> 
     </span>
    </p>

    <p class='ocr_par' dir='ltr' id='par_1_3' title="bbox 660 1765 1776 2022">
     <span class='ocr_line' id='line_1_5' title="bbox 660 1765 1776 1832; baseline -0.004 -14"><span class='ocrx_word' id='word_1_18' title='bbox 660 1768 740 1818; x_wconf 90' lang='lat' dir='ltr'><strong>ab</strong></span> <span class='ocrx_word' id='word_1_19' title='bbox 780 1769 890 1817; x_wconf 91' lang='lat' dir='ltr'><strong>alio</strong></span> <span class='ocrx_word' id='word_1_20' title='bbox 929 1771 1187 1832; x_wconf 78' lang='lat' dir='ltr'>expectes</span> <span class='ocrx_word' id='word_1_21' title='bbox 1211 1770 1241 1815; x_wconf 99' lang='grc'>2</span> <span class='ocrx_word' id='word_1_22' title='bbox 1283 1766 1352 1815; x_wconf 86' lang='lat' dir='ltr'><strong>ab</strong></span> <span class='ocrx_word' id='word_1_23' title='bbox 1379 1769 1598 1814; x_wconf 86' lang='lat' dir='ltr'><strong>amante</strong></span> <span class='ocrx_word' id='word_1_24' title='bbox 1636 1765 1776 1815; x_wconf 91' lang='lat' dir='ltr'><strong>redi·</strong></span> 
     </span>
     <span class='ocr_line' id='line_1_6' title="bbox 728 1833 1776 1897; baseline -0.002 -13"><span class='ocrx_word' id='word_1_25' title='bbox 728 1852 845 1886; x_wconf 86' lang='lat' dir='ltr'><strong>mas</strong></span> <span class='ocrx_word' id='word_1_26' title='bbox 873 1840 934 1886; x_wconf 88' lang='grc'><strong>19</strong></span> <span class='ocrx_word' id='word_1_27' title='bbox 974 1836 1044 1885; x_wconf 85' lang='lat' dir='ltr'><strong>ab</strong></span> <span class='ocrx_word' id='word_1_28' title='bbox 1071 1835 1288 1884; x_wconf 86' lang='lat' dir='ltr'><strong>homine</strong></span> <span class='ocrx_word' id='word_1_29' title='bbox 1317 1872 1327 1881; x_wconf 87' lang='lat'><em>.</em></span> <span class='ocrx_word' id='word_1_30' title='bbox 1350 1872 1360 1881; x_wconf 87' lang='lat'><em>.</em></span> <span class='ocrx_word' id='word_1_31' title='bbox 1391 1833 1650 1897; x_wconf 77' lang='lat' dir='ltr'>impetrat</span> <span class='ocrx_word' id='word_1_32' title='bbox 1673 1835 1776 1882; x_wconf 83' lang='lat'><strong>403</strong></span> 
     </span>
     <span class='ocr_line' id='line_1_7' title="bbox 730 1900 1774 1953; baseline -0.005 -1"><span class='ocrx_word' id='word_1_33' title='bbox 730 1905 798 1953; x_wconf 90' lang='lat' dir='ltr'><strong>ab</strong></span> <span class='ocrx_word' id='word_1_34' title='bbox 838 1903 1002 1953; x_wconf 88' lang='lat' dir='ltr'><strong>oculo</strong></span> <span class='ocrx_word' id='word_1_35' title='bbox 1038 1903 1212 1953; x_wconf 88' lang='lat' dir='ltr'><strong>oritur</strong></span> <span class='ocrx_word' id='word_1_36' title='bbox 1237 1904 1303 1951; x_wconf 78' lang='lat'><strong>40</strong></span> <span class='ocrx_word' id='word_1_37' title='bbox 1341 1901 1410 1950; x_wconf 91' lang='lat' dir='ltr'><strong>ab</strong></span> <span class='ocrx_word' id='word_1_38' title='bbox 1450 1901 1554 1950; x_wconf 89' lang='lat' dir='ltr'><strong>imo</strong></span> <span class='ocrx_word' id='word_1_39' title='bbox 1595 1900 1774 1949; x_wconf 87' lang='lat' dir='ltr'><strong>nasci-</strong></span> 
     </span>
     <span class='ocr_line' id='line_1_8' title="bbox 728 1969 1485 2022; baseline -0.001 -3"><span class='ocrx_word' id='word_1_40' title='bbox 728 1977 817 2020; x_wconf 85' lang='lat' dir='ltr'><strong>tur</strong></span> <span class='ocrx_word' id='word_1_41' title='bbox 851 1974 950 2022; x_wconf 72' lang='grc'><strong>518</strong></span> <span class='ocrx_word' id='word_1_42' title='bbox 988 1971 1057 2020; x_wconf 89' lang='lat' dir='ltr'><strong>ab</strong></span> <span class='ocrx_word' id='word_1_43' title='bbox 1097 1985 1162 2019; x_wconf 89' lang='lat' dir='ltr'><strong>eo</strong></span> <span class='ocrx_word' id='word_1_44' title='bbox 1199 1969 1352 2018; x_wconf 81' lang='lat' dir='ltr'><strong>laedi</strong></span> <span class='ocrx_word' id='word_1_45' title='bbox 1386 1971 1485 2018; x_wconf 90' lang='grc'>209</span> 
     </span>
    </p>

    <p class='ocr_par' dir='ltr' id='par_1_4' title="bbox 659 2039 1295 2089">
     <span class='ocr_line' id='line_1_9' title="bbox 659 2039 1295 2089; baseline -0.008 0"><span class='ocrx_word' id='word_1_46' title='bbox 659 2039 932 2089; x_wconf 85' lang='lat' dir='ltr'><strong>abditos</strong></span> <span class='ocrx_word' id='word_1_47' title='bbox 970 2039 1164 2087; x_wconf 84' lang='lat' dir='ltr'><strong>dentes</strong></span> <span class='ocrx_word' id='word_1_48' title='bbox 1201 2039 1295 2087; x_wconf 71' lang='lat'><strong>341</strong></span> 
     </span>
    </p>

    <p class='ocr_par' dir='ltr' id='par_1_5' title="bbox 658 2105 1365 2156">
     <span class='ocr_line' id='line_1_10' title="bbox 658 2105 1365 2156; baseline -0.001 -2"><span class='ocrx_word' id='word_1_49' title='bbox 658 2107 842 2155; x_wconf 84' lang='lat' dir='ltr'><strong>anima</strong></span> <span class='ocrx_word' id='word_1_50' title='bbox 880 2106 1021 2156; x_wconf 86' lang='lat' dir='ltr'><strong>unde</strong></span> <span class='ocrx_word' id='word_1_51' title='bbox 1061 2105 1234 2154; x_wconf 85' lang='lat' dir='ltr'><strong>abiit</strong></span> <span class='ocrx_word' id='word_1_52' title='bbox 1275 2107 1365 2154; x_wconf 86' lang='grc'><strong>181</strong></span> 
     </span>
    </p>

    <p class='ocr_par' dir='ltr' id='par_1_6' title="bbox 660 2172 1047 2224">
     <span class='ocr_line' id='line_1_11' title="bbox 660 2172 1047 2224; baseline 0.005 -2"><span class='ocrx_word' id='word_1_53' title='bbox 660 2175 937 2224; x_wconf 81' lang='lat' dir='ltr'><strong>abicere</strong></span> <span class='ocrx_word' id='word_1_54' title='bbox 976 2172 1047 2224; x_wconf 82' lang='grc'><strong>9*</strong></span> 
     </span>
    </p>

    <p class='ocr_par' dir='ltr' id='par_1_7' title="bbox 658 2241 1162 2291">
     <span class='ocr_line' id='line_1_12' title="bbox 658 2241 1162 2291; baseline -0.002 -1"><span class='ocrx_word' id='word_1_55' title='bbox 658 2241 1028 2291; x_wconf 78' lang='lat' dir='ltr'><strong>abscondit</strong></span> <span class='ocrx_word' id='word_1_56' title='bbox 1065 2241 1162 2291; x_wconf 87' lang='grc'><strong>387</strong></span> 
     </span>
    </p>

    <p class='ocr_par' dir='ltr' id='par_1_8' title="bbox 658 2308 1425 2359">
     <span class='ocr_line' id='line_1_13' title="bbox 658 2308 1425 2359; baseline 0 -3"><span class='ocrx_word' id='word_1_57' title='bbox 658 2325 864 2358; x_wconf 81' lang='lat' dir='ltr'><strong>nocens</strong></span> <span class='ocrx_word' id='word_1_58' title='bbox 904 2308 1291 2359; x_wconf 87' lang='lat' dir='ltr'><strong>absoluitur</strong></span> <span class='ocrx_word' id='word_1_59' title='bbox 1327 2309 1425 2356; x_wconf 87' lang='grc'><strong>257</strong></span> 
     </span>
    </p>

    <p class='ocr_par' dir='ltr' id='par_1_9' title="bbox 659 2372 1625 2441">
     <span class='ocr_line' id='line_1_14' title="bbox 659 2372 1625 2441; baseline -0.004 -15"><span class='ocrx_word' id='word_1_60' title='bbox 659 2378 912 2441; x_wconf 77' lang='lat' dir='ltr'><strong>absque</strong></span> <span class='ocrx_word' id='word_1_61' title='bbox 951 2375 1291 2426; x_wconf 88' lang='lat' dir='ltr'><strong>incommodo</strong></span> <span class='ocrx_word' id='word_1_62' title='bbox 1328 2386 1457 2437; x_wconf 78' lang='lat' dir='ltr'><strong>app.</strong></span> <span class='ocrx_word' id='word_1_63' title='bbox 1503 2372 1625 2423; x_wconf 87' lang='grc' dir='ltr'><strong>177ι</strong></span> 
     </span>
    </p>

    <p class='ocr_par' dir='ltr' id='par_1_10' title="bbox 657 2441 1544 2508">
     <span class='ocr_line' id='line_1_15' title="bbox 657 2441 1544 2508; baseline -0.005 -14"><span class='ocrx_word' id='word_1_64' title='bbox 657 2461 894 2508; x_wconf 87' lang='lat' dir='ltr'><strong>peccare</strong></span> <span class='ocrx_word' id='word_1_65' title='bbox 931 2446 1203 2494; x_wconf 77' lang='lat' dir='ltr'><strong>abstine</strong></span> <span class='ocrx_word' id='word_1_66' title='bbox 1242 2456 1370 2507; x_wconf 80' lang='lat' dir='ltr'><strong>app.</strong></span> <span class='ocrx_word' id='word_1_67' title='bbox 1408 2441 1544 2491; x_wconf 75' lang='grc'>270*</span> 
     </span>
    </p>
   </div>
   <div class='ocr_carea' id='block_1_3' title="bbox 657 2517 1706 2706">
    <p class='ocr_par' dir='ltr' id='par_1_11' title="bbox 657 2517 1706 2706">
     <span class='ocr_line' id='line_1_16' title="bbox 657 2517 1706 2580; baseline -0.002 -11"><span class='ocrx_word' id='word_1_68' title='bbox 657 2517 906 2570; x_wconf 80' lang='lat' dir='ltr'><strong>absens</strong></span> <span class='ocrx_word' id='word_1_69' title='bbox 942 2523 1041 2572; x_wconf 69' lang='grc'>476</span> <span class='ocrx_word' id='word_1_70' title='bbox 1082 2520 1365 2570; x_wconf 80' lang='lat' dir='ltr'><strong>absentem</strong></span> <span class='ocrx_word' id='word_1_71' title='bbox 1408 2521 1467 2567; x_wconf 88' lang='grc'><strong>12</strong></span> <span class='ocrx_word' id='word_1_72' title='bbox 1496 2517 1567 2580; x_wconf 69' lang='grc'>(7)</span> <span class='ocrx_word' id='word_1_73' title='bbox 1606 2520 1706 2568; x_wconf 81' lang='grc'><strong>673</strong></span> 
     </span>
     <span class='ocr_line' id='line_1_17' title="bbox 658 2587 1596 2651; baseline 0.001 -15"><span class='ocrx_word' id='word_1_74' title='bbox 658 2587 870 2636; x_wconf 84' lang='lat' dir='ltr'><strong>diuitiis</strong></span> <span class='ocrx_word' id='word_1_75' title='bbox 907 2626 918 2636; x_wconf 91' lang='lat'><em>.</em></span> <span class='ocrx_word' id='word_1_76' title='bbox 957 2626 969 2638; x_wconf 92' lang='lat'><strong>.</strong></span> <span class='ocrx_word' id='word_1_77' title='bbox 1010 2589 1294 2638; x_wconf 78' lang='lat' dir='ltr'><strong>abutere</strong></span> <span class='ocrx_word' id='word_1_78' title='bbox 1330 2600 1459 2651; x_wconf 80' lang='lat' dir='ltr'><strong>app.</strong></span> <span class='ocrx_word' id='word_1_79' title='bbox 1502 2588 1596 2637; x_wconf 85' lang='lat'><strong>158</strong></span> 
     </span>
     <span class='ocr_line' id='line_1_18' title="bbox 657 2656 1091 2706; baseline 0 -2"><span class='ocrx_word' id='word_1_80' title='bbox 657 2656 961 2706; x_wconf 84' lang='lat' dir='ltr'><strong>accessit</strong></span> <span class='ocrx_word' id='word_1_81' title='bbox 1002 2659 1091 2705; x_wconf 80' lang='lat'><strong>141</strong></span> 
     </span>
    </p>
   </div>
   <div class='ocr_carea' id='block_1_4' title="bbox 654 2730 1773 3557">
    <p class='ocr_par' dir='ltr' id='par_1_12' title="bbox 657 2730 1771 2848">
     <span class='ocr_line' id='line_1_19' title="bbox 657 2730 1771 2782; baseline -0.002 -2"><span class='ocrx_word' id='word_1_82' title='bbox 657 2730 912 2780; x_wconf 83' lang='lat' dir='ltr'><strong>accidit</strong></span> <span class='ocrx_word' id='word_1_83' title='bbox 941 2733 1036 2782; x_wconf 90' lang='grc'><strong>199</strong></span> <span class='ocrx_word' id='word_1_84' title='bbox 1075 2730 1223 2779; x_wconf 89' lang='lat' dir='ltr'><strong>bona</strong></span> <span class='ocrx_word' id='word_1_85' title='bbox 1261 2730 1521 2780; x_wconf 84' lang='lat' dir='ltr'><strong>accidunt</strong></span> <span class='ocrx_word' id='word_1_86' title='bbox 1544 2731 1646 2779; x_wconf 77' lang='lat'><strong>72·</strong></span> <span class='ocrx_word' id='word_1_87' title='bbox 1682 2746 1771 2778; x_wconf 89' lang='lat' dir='ltr'><strong>ac·</strong></span> 
     </span>
     <span class='ocr_line' id='line_1_20' title="bbox 726 2799 1048 2848; baseline -0.003 -1"><span class='ocrx_word' id='word_1_88' title='bbox 726 2799 911 2848; x_wconf 81' lang='lat' dir='ltr'><strong>cidere</strong></span> <span class='ocrx_word' id='word_1_89' title='bbox 954 2801 1048 2847; x_wconf 86' lang='grc'><strong>119</strong></span> 
     </span>
    </p>

    <p class='ocr_par' dir='ltr' id='par_1_13' title="bbox 658 2873 1773 3480">
     <span class='ocr_line' id='line_1_21' title="bbox 658 2873 1773 2940; baseline -0.001 -18"><span class='ocrx_word' id='word_1_90' title='bbox 658 2876 924 2940; x_wconf 77' lang='lat' dir='ltr'><strong>accipit</strong></span> <span class='ocrx_word' id='word_1_91' title='bbox 958 2888 1086 2937; x_wconf 79' lang='lat' dir='ltr'><strong>app.</strong></span> <span class='ocrx_word' id='word_1_92' title='bbox 1125 2876 1221 2923; x_wconf 76' lang='lat'><strong>321</strong></span> <span class='ocrx_word' id='word_1_93' title='bbox 1259 2873 1434 2939; x_wconf 81' lang='lat' dir='ltr'><strong>legem</strong></span> <span class='ocrx_word' id='word_1_94' title='bbox 1462 2914 1474 2926; x_wconf 92' lang='lat'><strong>.</strong></span> <span class='ocrx_word' id='word_1_95' title='bbox 1507 2912 1518 2924; x_wconf 90' lang='lat'><strong>.</strong></span> <span class='ocrx_word' id='word_1_96' title='bbox 1561 2874 1773 2937; x_wconf 84' lang='lat' dir='ltr'><strong>accipit</strong></span> 
     </span>
     <span class='ocr_line' id='line_1_22' title="bbox 722 2942 1770 3007; baseline -0.001 -15"><span class='ocrx_word' id='word_1_97' title='bbox 722 2947 821 2992; x_wconf 83' lang='lat'><strong>399</strong></span> <span class='ocrx_word' id='word_1_98' title='bbox 859 2942 1186 2992; x_wconf 81' lang='lat' dir='ltr'><strong>beneficium</strong></span> <span class='ocrx_word' id='word_1_99' title='bbox 1215 2977 1226 2989; x_wconf 93' lang='lat'><strong><em>.</em></strong></span> <span class='ocrx_word' id='word_1_100' title='bbox 1255 2978 1267 2990; x_wconf 92' lang='lat'><em>.</em></span> <span class='ocrx_word' id='word_1_101' title='bbox 1306 2943 1510 3007; x_wconf 84' lang='lat' dir='ltr'><strong>accipit</strong></span> <span class='ocrx_word' id='word_1_102' title='bbox 1546 2944 1645 2990; x_wconf 72' lang='lat'><strong>444</strong></span> <span class='ocrx_word' id='word_1_103' title='bbox 1669 2944 1770 2991; x_wconf 74' lang='lat'><strong>493</strong></span> 
     </span>
     <span class='ocr_line' id='line_1_23' title="bbox 723 3010 1770 3074; baseline -0.002 -15"><span class='ocrx_word' id='word_1_104' title='bbox 723 3010 935 3074; x_wconf 84' lang='lat' dir='ltr'><strong>pericla</strong></span> <span class='ocrx_word' id='word_1_105' title='bbox 974 3046 987 3058; x_wconf 90' lang='lat'><strong>.</strong></span> <span class='ocrx_word' id='word_1_106' title='bbox 1030 3048 1042 3059; x_wconf 89' lang='lat'><strong>.</strong></span> <span class='ocrx_word' id='word_1_107' title='bbox 1081 3010 1292 3074; x_wconf 84' lang='lat' dir='ltr'><strong>accipit</strong></span> <span class='ocrx_word' id='word_1_108' title='bbox 1325 3012 1424 3059; x_wconf 80' lang='grc'><strong>499</strong></span> <span class='ocrx_word' id='word_1_109' title='bbox 1486 3010 1770 3059; x_wconf 86' lang='lat' dir='ltr'><strong>calamita-</strong></span> 
     </span>
     <span class='ocr_line' id='line_1_24' title="bbox 723 3076 1769 3141; baseline -0.001 -15"><span class='ocrx_word' id='word_1_110' title='bbox 723 3087 830 3126; x_wconf 85' lang='lat' dir='ltr'><strong>tem</strong></span> <span class='ocrx_word' id='word_1_111' title='bbox 870 3116 881 3128; x_wconf 90' lang='lat'><strong>.</strong></span> <span class='ocrx_word' id='word_1_112' title='bbox 921 3116 932 3127; x_wconf 84' lang='lat'><strong>.</strong></span> <span class='ocrx_word' id='word_1_113' title='bbox 979 3077 1186 3141; x_wconf 87' lang='lat' dir='ltr'><strong>accipit</strong></span> <span class='ocrx_word' id='word_1_114' title='bbox 1228 3080 1328 3128; x_wconf 84' lang='lat'><strong>503</strong></span> <span class='ocrx_word' id='word_1_115' title='bbox 1386 3076 1769 3127; x_wconf 81' lang='lat' dir='ltr'><strong>contumeliam</strong></span> 
     </span>
     <span class='ocr_line' id='line_1_25' title="bbox 725 3144 1769 3210; baseline -0.004 -12"><span class='ocrx_word' id='word_1_116' title='bbox 725 3188 736 3199; x_wconf 87' lang='lat'><strong>.</strong></span> <span class='ocrx_word' id='word_1_117' title='bbox 778 3181 791 3195; x_wconf 91' lang='lat'><strong>.</strong></span> <span class='ocrx_word' id='word_1_118' title='bbox 832 3146 1040 3210; x_wconf 88' lang='lat' dir='ltr'><strong>accipit</strong></span> <span class='ocrx_word' id='word_1_119' title='bbox 1075 3158 1204 3209; x_wconf 80' lang='lat' dir='ltr'><strong>app.</strong></span> <span class='ocrx_word' id='word_1_120' title='bbox 1229 3148 1325 3194; x_wconf 90' lang='grc'><strong>271</strong></span> <span class='ocrx_word' id='word_1_121' title='bbox 1366 3144 1688 3194; x_wconf 85' lang='lat' dir='ltr'><strong>beneficium</strong></span> <span class='ocrx_word' id='word_1_122' title='bbox 1716 3182 1728 3194; x_wconf 93' lang='lat'><strong>.</strong></span> <span class='ocrx_word' id='word_1_123' title='bbox 1756 3180 1769 3193; x_wconf 89' lang='lat'><em>.</em></span> 
     </span>
     <span class='ocr_line' id='line_1_26' title="bbox 721 3212 1770 3278; baseline -0.002 -16"><span class='ocrx_word' id='word_1_124' title='bbox 721 3215 939 3278; x_wconf 81' lang='lat' dir='ltr'><strong>accepit</strong></span> <span class='ocrx_word' id='word_1_125' title='bbox 962 3216 1027 3263; x_wconf 91' lang='lat'><strong>55</strong></span> <span class='ocrx_word' id='word_1_126' title='bbox 1066 3214 1326 3276; x_wconf 83' lang='lat' dir='ltr'><strong>accipere</strong></span> <span class='ocrx_word' id='word_1_127' title='bbox 1353 3215 1449 3262; x_wconf 90' lang='grc'><strong>172</strong></span> <span class='ocrx_word' id='word_1_128' title='bbox 1473 3215 1572 3262; x_wconf 91' lang='grc'><strong>573</strong></span> <span class='ocrx_word' id='word_1_129' title='bbox 1603 3212 1770 3261; x_wconf 88' lang='lat' dir='ltr'><strong>bene·</strong></span> 
     </span>
     <span class='ocr_line' id='line_1_27' title="bbox 722 3279 1767 3345; baseline -0.002 -16"><span class='ocrx_word' id='word_1_130' title='bbox 722 3281 903 3330; x_wconf 85' lang='lat' dir='ltr'><strong>ficium</strong></span> <span class='ocrx_word' id='word_1_131' title='bbox 931 3283 1186 3345; x_wconf 87' lang='lat' dir='ltr'><strong>accipere</strong></span> <span class='ocrx_word' id='word_1_132' title='bbox 1211 3282 1277 3329; x_wconf 85' lang='lat'><strong>48</strong></span> <span class='ocrx_word' id='word_1_133' title='bbox 1314 3279 1484 3328; x_wconf 88' lang='lat' dir='ltr'><strong>uitam</strong></span> <span class='ocrx_word' id='word_1_134' title='bbox 1515 3279 1767 3342; x_wconf 85' lang='lat' dir='ltr'><strong>accipere</strong></span> 
     </span>
     <span class='ocr_line' id='line_1_28' title="bbox 720 3346 1767 3413; baseline 0.002 -16"><span class='ocrx_word' id='word_1_135' title='bbox 720 3352 817 3397; x_wconf 86' lang='grc'><strong>231</strong></span> <span class='ocrx_word' id='word_1_136' title='bbox 875 3349 1157 3413; x_wconf 81' lang='lat' dir='ltr'><strong>accepisse</strong></span> <span class='ocrx_word' id='word_1_137' title='bbox 1192 3346 1332 3397; x_wconf 71' lang='lat'><strong>479·</strong></span> <span class='ocrx_word' id='word_1_138' title='bbox 1387 3349 1602 3413; x_wconf 82' lang='lat' dir='ltr'><strong>accepti</strong></span> <span class='ocrx_word' id='word_1_139' title='bbox 1639 3359 1767 3411; x_wconf 82' lang='lat' dir='ltr'><strong>app.</strong></span> 
     </span>
     <span class='ocr_line' id='line_1_29' title="bbox 724 3416 1766 3480; baseline 0 -16"><span class='ocrx_word' id='word_1_140' title='bbox 724 3418 820 3468; x_wconf 84' lang='lat'><strong>188</strong></span> <span class='ocrx_word' id='word_1_141' title='bbox 847 3416 1129 3467; x_wconf 80' lang='lat' dir='ltr'><strong>benefic-iis</strong></span> <span class='ocrx_word' id='word_1_142' title='bbox 1155 3454 1165 3464; x_wconf 92' lang='lat'>.</span> <span class='ocrx_word' id='word_1_143' title='bbox 1189 3454 1200 3464; x_wconf 89' lang='lat'><em>.</em></span> <span class='ocrx_word' id='word_1_144' title='bbox 1229 3417 1475 3480; x_wconf 86' lang='lat' dir='ltr'><strong>acceptis</strong></span> <span class='ocrx_word' id='word_1_145' title='bbox 1500 3426 1628 3479; x_wconf 80' lang='lat' dir='ltr'><strong>app.</strong></span> <span class='ocrx_word' id='word_1_146' title='bbox 1668 3418 1766 3465; x_wconf 89' lang='grc'><strong>237</strong></span> 
     </span>
    </p>

    <p class='ocr_par' dir='ltr' id='par_1_14' title="bbox 654 3490 1699 3557">
     <span class='ocr_line' id='line_1_30' title="bbox 654 3490 1699 3557; baseline -0.002 -15"><span class='ocrx_word' id='word_1_147' title='bbox 654 3492 1007 3557; x_wconf 79' lang='lat' dir='ltr'><strong>acceptius</strong></span> <span class='ocrx_word' id='word_1_148' title='bbox 1048 3491 1376 3541; x_wconf 88' lang='lat' dir='ltr'><strong>beneficium</strong></span> <span class='ocrx_word' id='word_1_149' title='bbox 1401 3504 1529 3556; x_wconf 77' lang='lat' dir='ltr'><strong>app.</strong></span> <span class='ocrx_word' id='word_1_150' title='bbox 1555 3490 1699 3541; x_wconf 82' lang='grc'>238*</span> 
     </span>
    </p>
   </div>
   <div class='ocr_carea' id='block_1_5' title="bbox 648 3568 1767 4258">
    <p class='ocr_par' dir='ltr' id='par_1_15' title="bbox 651 3568 1767 3699">
     <span class='ocr_line' id='line_1_31' title="bbox 651 3568 1767 3633; baseline 0 -15"><span class='ocrx_word' id='word_1_151' title='bbox 651 3570 907 3633; x_wconf 73' lang='lat' dir='ltr'><strong>peccanti</strong></span> <span class='ocrx_word' id='word_1_152' title='bbox 947 3568 1270 3631; x_wconf 82' lang='lat' dir='ltr'><strong>obsequium</strong></span> <span class='ocrx_word' id='word_1_153' title='bbox 1306 3568 1767 3618; x_wconf 87' lang='lat' dir='ltr'><strong>accommodas</strong></span> 
     </span>
     <span class='ocr_line' id='line_1_32' title="bbox 719 3635 1767 3699; baseline -0.002 -12"><span class='ocrx_word' id='word_1_154' title='bbox 719 3638 783 3687; x_wconf 87' lang='grc'><strong>52</strong></span> <span class='ocrx_word' id='word_1_155' title='bbox 830 3637 1037 3686; x_wconf 83' lang='lat' dir='ltr'><strong>erranti</strong></span> <span class='ocrx_word' id='word_1_156' title='bbox 1084 3636 1407 3699; x_wconf 78' lang='lat' dir='ltr'><strong>obsequium</strong></span> <span class='ocrx_word' id='word_1_157' title='bbox 1463 3635 1767 3685; x_wconf 90' lang='lat' dir='ltr'><strong>adcommo-</strong></span> 
     </span>
    </p>

    <p class='ocr_par' dir='ltr' id='par_1_16' title="bbox 648 3704 916 3754">
     <span class='ocr_line' id='line_1_33' title="bbox 648 3704 916 3754; baseline 0.011 -3"><span class='ocrx_word' id='word_1_158' title='bbox 648 3733 661 3744; x_wconf 88' lang='lat'>-</span> <span class='ocrx_word' id='word_1_159' title='bbox 720 3704 817 3753; x_wconf 90' lang='lat' dir='ltr'><strong>dat</strong></span> <span class='ocrx_word' id='word_1_160' title='bbox 851 3706 916 3754; x_wconf 91' lang='grc'>37</span> 
     </span>
    </p>

    <p class='ocr_par' dir='ltr' id='par_1_17' title="bbox 651 3772 1767 3903">
     <span class='ocr_line' id='line_1_34' title="bbox 651 3772 1767 3825; baseline -0.001 -4"><span class='ocrx_word' id='word_1_161' title='bbox 651 3777 932 3821; x_wconf 86' lang='lat' dir='ltr'><strong>accusat</strong></span> <span class='ocrx_word' id='word_1_162' title='bbox 989 3773 1090 3821; x_wconf 69' lang='grc'><strong>261</strong></span> <span class='ocrx_word' id='word_1_163' title='bbox 1149 3773 1247 3825; x_wconf 84' lang='grc'><strong>672</strong></span> <span class='ocrx_word' id='word_1_164' title='bbox 1310 3773 1408 3820; x_wconf 88' lang='grc'>692</span> <span class='ocrx_word' id='word_1_165' title='bbox 1484 3772 1767 3821; x_wconf 86' lang='lat' dir='ltr'><strong>accusaris</strong></span> 
     </span>
     <span class='ocr_line' id='line_1_35' title="bbox 717 3840 949 3903; baseline 0 -15"><span class='ocrx_word' id='word_1_166' title='bbox 717 3850 846 3903; x_wconf 77' lang='lat' dir='ltr'><strong>app.</strong></span> <span class='ocrx_word' id='word_1_167' title='bbox 886 3840 949 3889; x_wconf 89' lang='grc'><strong>15</strong></span> 
     </span>
    </p>

    <p class='ocr_par' dir='ltr' id='par_1_18' title="bbox 653 3916 1368 3966">
     <span class='ocr_line' id='line_1_36' title="bbox 653 3916 1368 3966; baseline -0.003 0"><span class='ocrx_word' id='word_1_168' title='bbox 653 3916 832 3966; x_wconf 81' lang='lat' dir='ltr'><strong>facias</strong></span> <span class='ocrx_word' id='word_1_169' title='bbox 869 3917 1101 3965; x_wconf 80' lang='lat' dir='ltr'><strong>acrius</strong></span> <span class='ocrx_word' id='word_1_170' title='bbox 1137 3916 1235 3964; x_wconf 85' lang='grc'><strong>252</strong></span> <span class='ocrx_word' id='word_1_171' title='bbox 1273 3918 1368 3966; x_wconf 89' lang='grc'><strong>331</strong></span> 
     </span>
    </p>

    <p class='ocr_par' dir='ltr' id='par_1_19' title="bbox 653 3990 1767 4177">
     <span class='ocr_line' id='line_1_37' title="bbox 653 3990 1761 4041; baseline 0.001 -2"><span class='ocrx_word' id='word_1_172' title='bbox 653 3990 945 4040; x_wconf 91' lang='lat' dir='ltr'><strong>acerbus</strong></span> <span class='ocrx_word' id='word_1_173' title='bbox 981 3992 1081 4041; x_wconf 86' lang='grc'><strong>568</strong></span> <span class='ocrx_word' id='word_1_174' title='bbox 1120 3990 1325 4040; x_wconf 82' lang='lat' dir='ltr'><strong>acerba</strong></span> <span class='ocrx_word' id='word_1_175' title='bbox 1350 4028 1394 4039; x_wconf 90' lang='lat'><strong>..</strong></span> <span class='ocrx_word' id='word_1_176' title='bbox 1425 3990 1663 4040; x_wconf 85' lang='lat' dir='ltr'><strong>seruitus</strong></span> <span class='ocrx_word' id='word_1_177' title='bbox 1705 3993 1761 4040; x_wconf 88' lang='grc'><strong>11</strong></span> 
     </span>
     <span class='ocr_line' id='line_1_38' title="bbox 717 4058 1767 4109; baseline 0 -2"><span class='ocrx_word' id='word_1_178' title='bbox 717 4073 860 4109; x_wconf 87' lang='lat' dir='ltr'><strong>mors</strong></span> <span class='ocrx_word' id='word_1_179' title='bbox 899 4095 909 4107; x_wconf 93' lang='lat'>.</span> <span class='ocrx_word' id='word_1_180' title='bbox 946 4093 961 4107; x_wconf 87' lang='lat'><strong>.</strong></span> <span class='ocrx_word' id='word_1_181' title='bbox 998 4058 1183 4108; x_wconf 89' lang='lat' dir='ltr'><strong>iuueni</strong></span> <span class='ocrx_word' id='word_1_182' title='bbox 1223 4059 1429 4108; x_wconf 88' lang='lat' dir='ltr'><strong>acerba</strong></span> <span class='ocrx_word' id='word_1_183' title='bbox 1465 4060 1565 4108; x_wconf 84' lang='lat'><strong>360</strong></span> <span class='ocrx_word' id='word_1_184' title='bbox 1619 4074 1767 4109; x_wconf 86' lang='lat' dir='ltr'><strong>acer-</strong></span> 
     </span>
     <span class='ocr_line' id='line_1_39' title="bbox 717 4127 982 4177; baseline 0 -1"><span class='ocrx_word' id='word_1_185' title='bbox 717 4127 843 4176; x_wconf 88' lang='lat' dir='ltr'><strong>bum</strong></span> <span class='ocrx_word' id='word_1_186' title='bbox 882 4128 982 4177; x_wconf 88' lang='grc'><strong>396</strong></span> 
     </span>
    </p>

    <p class='ocr_par' dir='ltr' id='par_1_20' title="bbox 652 4195 1112 4258">
     <span class='ocr_line' id='line_1_40' title="bbox 652 4195 1112 4258; baseline -0.004 -13"><span class='ocrx_word' id='word_1_187' title='bbox 652 4196 843 4245; x_wconf 87' lang='lat' dir='ltr'><strong>actio</strong></span> <span class='ocrx_word' id='word_1_188' title='bbox 880 4207 1007 4258; x_wconf 80' lang='lat' dir='ltr'><strong>app.</strong></span> <span class='ocrx_word' id='word_1_189' title='bbox 1050 4195 1112 4243; x_wconf 89' lang='grc'><strong>19</strong></span> 
     </span>
    </p>
   </div>
   <div class='ocr_carea' id='block_1_6' title="bbox 650 4269 1765 4390">
    <p class='ocr_par' dir='ltr' id='par_1_21' title="bbox 650 4269 1765 4390">
     <span class='ocr_line' id='line_1_41' title="bbox 650 4269 1765 4335; baseline 0.001 -16"><span class='ocrx_word' id='word_1_190' title='bbox 650 4269 727 4319; x_wconf 90' lang='lat' dir='ltr'><strong>ad</strong></span> <span class='ocrx_word' id='word_1_191' title='bbox 767 4270 1160 4335; x_wconf 83' lang='lat' dir='ltr'><strong>paenitendum</strong></span> <span class='ocrx_word' id='word_1_192' title='bbox 1196 4275 1456 4335; x_wconf 80' lang='lat' dir='ltr'><strong>properat</strong></span> <span class='ocrx_word' id='word_1_193' title='bbox 1481 4272 1545 4320; x_wconf 88' lang='grc'>32</span> <span class='ocrx_word' id='word_1_194' title='bbox 1585 4269 1653 4318; x_wconf 83' lang='lat' dir='ltr'><strong>ad</strong></span> <span class='ocrx_word' id='word_1_195' title='bbox 1682 4286 1765 4320; x_wconf 90' lang='lat' dir='ltr'><strong>se·</strong></span> 
     </span>
     <span class='ocr_line' id='line_1_42' title="bbox 717 4337 1764 4390; baseline 0.002 -3"><span class='ocrx_word' id='word_1_196' title='bbox 717 4344 935 4388; x_wconf 81' lang='lat' dir='ltr'><strong>nectam</strong></span> <span class='ocrx_word' id='word_1_197' title='bbox 971 4342 1196 4388; x_wconf 83' lang='lat' dir='ltr'><strong>uentum</strong></span> <span class='ocrx_word' id='word_1_198' title='bbox 1236 4343 1320 4388; x_wconf 84' lang='lat' dir='ltr'><strong>est</strong></span> <span class='ocrx_word' id='word_1_199' title='bbox 1346 4340 1442 4390; x_wconf 84' lang='lat'><strong>185</strong></span> <span class='ocrx_word' id='word_1_200' title='bbox 1481 4337 1548 4387; x_wconf 76' lang='lat' dir='ltr'><strong>ad</strong></span> <span class='ocrx_word' id='word_1_201' title='bbox 1585 4353 1643 4387; x_wconf 89' lang='lat' dir='ltr'><strong>se</strong></span> <span class='ocrx_word' id='word_1_202' title='bbox 1684 4354 1764 4389; x_wconf 87' lang='lat' dir='ltr'><strong>re-</strong></span> 
     </span>
    </p>
   </div>
   <div class='ocr_carea' id='block_1_7' title="bbox 1821 1630 2977 4404">
    <p class='ocr_par' dir='ltr' id='par_1_22' title="bbox 1897 1630 2948 2564">
     <span class='ocr_line' id='line_1_43' title="bbox 1903 1630 2947 1682; baseline 0.003 -3"><span class='ocrx_word' id='word_1_203' title='bbox 1903 1631 2006 1680; x_wconf 91' lang='lat' dir='ltr'><strong>diit</strong></span> <span class='ocrx_word' id='word_1_204' title='bbox 2034 1634 2098 1681; x_wconf 91' lang='grc'><strong>27</strong></span> <span class='ocrx_word' id='word_1_205' title='bbox 2166 1630 2237 1680; x_wconf 83' lang='lat' dir='ltr'><strong>ad</strong></span> <span class='ocrx_word' id='word_1_206' title='bbox 2265 1632 2501 1681; x_wconf 85' lang='lat' dir='ltr'><strong>animum</strong></span> <span class='ocrx_word' id='word_1_207' title='bbox 2531 1667 2543 1681; x_wconf 92' lang='lat'><em>.</em></span> <span class='ocrx_word' id='word_1_208' title='bbox 2571 1669 2583 1680; x_wconf 89' lang='lat'><strong>.</strong></span> <span class='ocrx_word' id='word_1_209' title='bbox 2611 1634 2947 1682; x_wconf 85' lang='lat' dir='ltr'><strong>conueniunt</strong></span> 
     </span>
     <span class='ocr_line' id='line_1_44' title="bbox 1901 1700 2947 1764; baseline 0.002 -17"><span class='ocrx_word' id='word_1_210' title='bbox 1901 1715 2093 1763; x_wconf 82' lang='lat' dir='ltr'><strong>preces</strong></span> <span class='ocrx_word' id='word_1_211' title='bbox 2130 1700 2230 1749; x_wconf 87' lang='grc'><strong>287</strong></span> <span class='ocrx_word' id='word_1_212' title='bbox 2293 1700 2360 1750; x_wconf 85' lang='lat' dir='ltr'><strong>ad</strong></span> <span class='ocrx_word' id='word_1_213' title='bbox 2399 1715 2661 1749; x_wconf 84' lang='lat' dir='ltr'><strong>summum</strong></span> <span class='ocrx_word' id='word_1_214' title='bbox 2701 1702 2947 1764; x_wconf 86' lang='lat' dir='ltr'><strong>peruenit</strong></span> 
     </span>
     <span class='ocr_line' id='line_1_45' title="bbox 1897 1766 2948 1831; baseline 0.003 -17"><span class='ocrx_word' id='word_1_215' title='bbox 1897 1766 2076 1816; x_wconf 87' lang='lat' dir='ltr'><strong>locum</strong></span> <span class='ocrx_word' id='word_1_216' title='bbox 2096 1769 2195 1817; x_wconf 82' lang='grc'>426</span> <span class='ocrx_word' id='word_1_217' title='bbox 2218 1781 2395 1831; x_wconf 89' lang='lat' dir='ltr'><strong>poena</strong></span> <span class='ocrx_word' id='word_1_218' title='bbox 2417 1767 2484 1818; x_wconf 87' lang='lat' dir='ltr'><strong>ad</strong></span> <span class='ocrx_word' id='word_1_219' title='bbox 2506 1767 2706 1816; x_wconf 82' lang='lat' dir='ltr'><strong>malum</strong></span> <span class='ocrx_word' id='word_1_220' title='bbox 2728 1806 2739 1816; x_wconf 93' lang='lat'>.</span> <span class='ocrx_word' id='word_1_221' title='bbox 2760 1805 2771 1816; x_wconf 92' lang='lat'><em>.</em></span> <span class='ocrx_word' id='word_1_222' title='bbox 2795 1769 2948 1826; x_wconf 84' lang='lat' dir='ltr'><strong>uenit</strong></span> 
     </span>
     <span class='ocr_line' id='line_1_46' title="bbox 1897 1834 2947 1899; baseline 0.004 -16"><span class='ocrx_word' id='word_1_223' title='bbox 1897 1836 1993 1883; x_wconf 76' lang='grc'><strong>461</strong></span> <span class='ocrx_word' id='word_1_224' title='bbox 2048 1835 2337 1899; x_wconf 81' lang='lat' dir='ltr'><strong>perfugere</strong></span> <span class='ocrx_word' id='word_1_225' title='bbox 2385 1834 2455 1883; x_wconf 91' lang='lat' dir='ltr'><strong>ad</strong></span> <span class='ocrx_word' id='word_1_226' title='bbox 2499 1835 2811 1885; x_wconf 80' lang='lat' dir='ltr'><strong>inferiorem</strong></span> <span class='ocrx_word' id='word_1_227' title='bbox 2847 1839 2947 1887; x_wconf 81' lang='grc'><strong>473</strong></span> 
     </span>
     <span class='ocr_line' id='line_1_47' title="bbox 1897 1898 2945 1962; baseline 0.001 -11"><span class='ocrx_word' id='word_1_228' title='bbox 1897 1898 1968 1962; x_wconf 80' lang='lat' dir='ltr'><strong>cf.</strong></span> <span class='ocrx_word' id='word_1_229' title='bbox 2006 1904 2101 1951; x_wconf 88' lang='grc'><strong>711</strong></span> <span class='ocrx_word' id='word_1_230' title='bbox 2142 1902 2209 1951; x_wconf 89' lang='lat' dir='ltr'><strong>ad</strong></span> <span class='ocrx_word' id='word_1_231' title='bbox 2236 1919 2295 1951; x_wconf 84' lang='lat' dir='ltr'><strong>se</strong></span> <span class='ocrx_word' id='word_1_232' title='bbox 2324 1901 2613 1951; x_wconf 87' lang='lat' dir='ltr'><strong>consilium</strong></span> <span class='ocrx_word' id='word_1_233' title='bbox 2652 1903 2824 1953; x_wconf 84' lang='lat' dir='ltr'><strong>refert</strong></span> <span class='ocrx_word' id='word_1_234' title='bbox 2846 1906 2945 1954; x_wconf 76' lang='lat'><strong>354</strong></span> 
     </span>
     <span class='ocr_line' id='line_1_48' title="bbox 1898 1968 2937 2033; baseline 0.003 -16"><span class='ocrx_word' id='word_1_235' title='bbox 1898 1968 2051 2019; x_wconf 86' lang='lat' dir='ltr'><strong>laeta</strong></span> <span class='ocrx_word' id='word_1_236' title='bbox 2108 1971 2177 2019; x_wconf 86' lang='lat' dir='ltr'><strong>ad</strong></span> <span class='ocrx_word' id='word_1_237' title='bbox 2234 1970 2527 2033; x_wconf 76' lang='lat' dir='ltr'><strong>perniciem</strong></span> <span class='ocrx_word' id='word_1_238' title='bbox 2590 1970 2795 2019; x_wconf 82' lang='lat' dir='ltr'><strong>cadunt</strong></span> <span class='ocrx_word' id='word_1_239' title='bbox 2853 1974 2937 2021; x_wconf 90' lang='grc'><strong>101</strong></span> 
     </span>
     <span class='ocr_line' id='line_1_49' title="bbox 1900 2036 2945 2087; baseline 0.001 -1"><span class='ocrx_word' id='word_1_240' title='bbox 1900 2036 1971 2086; x_wconf 86' lang='lat' dir='ltr'><strong>ad</strong></span> <span class='ocrx_word' id='word_1_241' title='bbox 2033 2036 2270 2087; x_wconf 84' lang='lat' dir='ltr'><strong>alienum</strong></span> <span class='ocrx_word' id='word_1_242' title='bbox 2333 2037 2663 2087; x_wconf 73' lang='lat' dir='ltr'><strong>adsuescere</strong></span> <span class='ocrx_word' id='word_1_243' title='bbox 2719 2041 2819 2087; x_wconf 87' lang='grc'>325</span> <span class='ocrx_word' id='word_1_244' title='bbox 2877 2038 2945 2087; x_wconf 87' lang='lat' dir='ltr'><strong>ad</strong></span> 
     </span>
     <span class='ocr_line' id='line_1_50' title="bbox 1903 2103 2943 2155; baseline 0.002 -3"><span class='ocrx_word' id='word_1_245' title='bbox 1903 2103 2267 2154; x_wconf 77' lang='lat' dir='ltr'><strong>calamitatem</strong></span> <span class='ocrx_word' id='word_1_246' title='bbox 2322 2120 2503 2154; x_wconf 85' lang='lat' dir='ltr'><strong>rumor</strong></span> <span class='ocrx_word' id='word_1_247' title='bbox 2554 2105 2708 2155; x_wconf 86' lang='lat' dir='ltr'><strong>ualet</strong></span> <span class='ocrx_word' id='word_1_248' title='bbox 2756 2108 2816 2155; x_wconf 89' lang='grc'><strong>17</strong></span> <span class='ocrx_word' id='word_1_249' title='bbox 2874 2105 2943 2154; x_wconf 86' lang='lat' dir='ltr'><strong>ad</strong></span> 
     </span>
     <span class='ocr_line' id='line_1_51' title="bbox 1898 2173 2943 2238; baseline -0.001 -16"><span class='ocrx_word' id='word_1_250' title='bbox 1898 2173 2112 2222; x_wconf 83' lang='lat' dir='ltr'><strong>tristem</strong></span> <span class='ocrx_word' id='word_1_251' title='bbox 2154 2179 2365 2237; x_wconf 81' lang='lat' dir='ltr'><strong>partem</strong></span> <span class='ocrx_word' id='word_1_252' title='bbox 2392 2178 2618 2222; x_wconf 79' lang='lat' dir='ltr'><strong>strenua</strong></span> <span class='ocrx_word' id='word_1_253' title='bbox 2647 2178 2734 2222; x_wconf 83' lang='lat' dir='ltr'><strong>est</strong></span> <span class='ocrx_word' id='word_1_254' title='bbox 2769 2174 2943 2238; x_wconf 81' lang='lat' dir='ltr'><strong>suspi-</strong></span> 
     </span>
     <span class='ocr_line' id='line_1_52' title="bbox 1899 2239 2941 2303; baseline 0.003 -15"><span class='ocrx_word' id='word_1_255' title='bbox 1899 2240 1985 2289; x_wconf 79' lang='lat' dir='ltr'><strong>cio</strong></span> <span class='ocrx_word' id='word_1_256' title='bbox 2022 2243 2051 2290; x_wconf 93' lang='grc'>7</span> <span class='ocrx_word' id='word_1_257' title='bbox 2078 2239 2147 2303; x_wconf 75' lang='grc' dir='ltr'><strong>(Ῥ)</strong></span> <span class='ocrx_word' id='word_1_258' title='bbox 2186 2241 2382 2290; x_wconf 84' lang='lat' dir='ltr'><strong>bonurn</strong></span> <span class='ocrx_word' id='word_1_259' title='bbox 2424 2240 2493 2289; x_wconf 88' lang='lat' dir='ltr'><strong>ad</strong></span> <span class='ocrx_word' id='word_1_260' title='bbox 2529 2241 2705 2290; x_wconf 88' lang='lat' dir='ltr'><strong>uirum</strong></span> <span class='ocrx_word' id='word_1_261' title='bbox 2746 2284 2758 2296; x_wconf 82' lang='lat'><strong>,</strong></span> <span class='ocrx_word' id='word_1_262' title='bbox 2796 2276 2809 2290; x_wconf 92' lang='lat'><strong>.</strong></span> <span class='ocrx_word' id='word_1_263' title='bbox 2837 2258 2941 2291; x_wconf 89' lang='lat' dir='ltr'><strong>mo·</strong></span> 
     </span>
     <span class='ocr_line' id='line_1_53' title="bbox 1898 2308 2939 2359; baseline 0.002 -3"><span class='ocrx_word' id='word_1_264' title='bbox 1898 2309 2036 2357; x_wconf 86' lang='lat' dir='ltr'><strong>ritur</strong></span> <span class='ocrx_word' id='word_1_265' title='bbox 2070 2308 2360 2358; x_wconf 89' lang='lat' dir='ltr'><strong>iracundia</strong></span> <span class='ocrx_word' id='word_1_266' title='bbox 2386 2311 2449 2359; x_wconf 69' lang='lat'><strong>74</strong></span> <span class='ocrx_word' id='word_1_267' title='bbox 2474 2313 2633 2358; x_wconf 88' lang='lat' dir='ltr'><strong>casta</strong></span> <span class='ocrx_word' id='word_1_268' title='bbox 2657 2309 2724 2358; x_wconf 89' lang='lat' dir='ltr'><strong>ad</strong></span> <span class='ocrx_word' id='word_1_269' title='bbox 2767 2310 2939 2358; x_wconf 89' lang='lat' dir='ltr'><strong>uirum</strong></span> 
     </span>
     <span class='ocr_line' id='line_1_54' title="bbox 1898 2373 2936 2427; baseline 0.001 -4"><span class='ocrx_word' id='word_1_270' title='bbox 1898 2382 2150 2425; x_wconf 87' lang='lat' dir='ltr'><strong>matrona</strong></span> <span class='ocrx_word' id='word_1_271' title='bbox 2195 2379 2260 2426; x_wconf 89' lang='grc'><strong>93</strong></span> <span class='ocrx_word' id='word_1_272' title='bbox 2307 2373 2450 2427; x_wconf 57' lang='grc' dir='ltr'><strong>θεῖτο</strong></span> <span class='ocrx_word' id='word_1_273' title='bbox 2498 2411 2511 2426; x_wconf 91' lang='grc'><strong>.</strong></span> <span class='ocrx_word' id='word_1_274' title='bbox 2550 2411 2563 2426; x_wconf 91' lang='grc'><strong>.</strong></span> <span class='ocrx_word' id='word_1_275' title='bbox 2608 2376 2676 2426; x_wconf 88' lang='lat' dir='ltr'><strong>ad</strong></span> <span class='ocrx_word' id='word_1_276' title='bbox 2723 2376 2936 2426; x_wconf 84' lang='lat' dir='ltr'><strong>menda-</strong></span> 
     </span>
     <span class='ocr_line' id='line_1_55' title="bbox 1901 2443 2934 2505; baseline 0 -13"><span class='ocrx_word' id='word_1_277' title='bbox 1901 2444 2043 2492; x_wconf 84' lang='lat' dir='ltr'><strong>cium</strong></span> <span class='ocrx_word' id='word_1_278' title='bbox 2086 2446 2181 2493; x_wconf 85' lang='lat'><strong>130</strong></span> <span class='ocrx_word' id='word_1_279' title='bbox 2205 2446 2274 2505; x_wconf 68' lang='lat'><strong>(⁶2)</strong></span> <span class='ocrx_word' id='word_1_280' title='bbox 2315 2443 2594 2494; x_wconf 82' lang='lat' dir='ltr'><strong>difficilem</strong></span> <span class='ocrx_word' id='word_1_281' title='bbox 2622 2459 2805 2493; x_wconf 89' lang='lat' dir='ltr'><strong>aurem</strong></span> <span class='ocrx_word' id='word_1_282' title='bbox 2845 2443 2934 2492; x_wconf 75' lang='lat' dir='ltr'><strong>lia—</strong></span> 
     </span>
     <span class='ocr_line' id='line_1_56' title="bbox 1900 2511 2538 2564; baseline 0.003 -3"><span class='ocrx_word' id='word_1_283' title='bbox 1900 2512 2028 2561; x_wconf 91' lang='lat' dir='ltr'><strong>bere</strong></span> <span class='ocrx_word' id='word_1_284' title='bbox 2068 2511 2137 2561; x_wconf 90' lang='lat' dir='ltr'><strong>ad</strong></span> <span class='ocrx_word' id='word_1_285' title='bbox 2173 2511 2401 2562; x_wconf 88' lang='lat' dir='ltr'><strong>crimina</strong></span> <span class='ocrx_word' id='word_1_286' title='bbox 2442 2516 2538 2564; x_wconf 89' lang='grc'><strong>133</strong></span> 
     </span>
    </p>

    <p class='ocr_par' dir='ltr' id='par_1_23' title="bbox 1835 2579 2548 2631">
     <span class='ocr_line' id='line_1_57' title="bbox 1835 2579 2548 2631; baseline 0.003 -3"><span class='ocrx_word' id='word_1_287' title='bbox 1835 2579 1977 2629; x_wconf 87' lang='lat' dir='ltr'><strong>ferre</strong></span> <span class='ocrx_word' id='word_1_288' title='bbox 2017 2615 2030 2630; x_wconf 89' lang='lat'><strong>.</strong></span> <span class='ocrx_word' id='word_1_289' title='bbox 2072 2615 2085 2629; x_wconf 92' lang='lat'><strong>.</strong></span> <span class='ocrx_word' id='word_1_290' title='bbox 2124 2581 2415 2630; x_wconf 77' lang='lat' dir='ltr'><strong>addecet</strong></span> <span class='ocrx_word' id='word_1_291' title='bbox 2449 2583 2548 2631; x_wconf 74' lang='lat'><strong>434</strong></span> 
     </span>
    </p>

    <p class='ocr_par' dir='ltr' id='par_1_24' title="bbox 1830 2647 2332 2701">
     <span class='ocr_line' id='line_1_58' title="bbox 1830 2647 2332 2701; baseline 0.004 -5"><span class='ocrx_word' id='word_1_292' title='bbox 1830 2647 2061 2697; x_wconf 83' lang='lat' dir='ltr'><strong>adfert</strong></span> <span class='ocrx_word' id='word_1_293' title='bbox 2098 2650 2197 2699; x_wconf 70' lang='lat'><strong>346</strong></span> <span class='ocrx_word' id='word_1_294' title='bbox 2234 2653 2332 2701; x_wconf 81' lang='lat'><strong>632</strong></span> 
     </span>
    </p>

    <p class='ocr_par' dir='ltr' id='par_1_25' title="bbox 1828 2714 2194 2766">
     <span class='ocr_line' id='line_1_59' title="bbox 1828 2714 2194 2766; baseline 0.003 -3"><span class='ocrx_word' id='word_1_295' title='bbox 1828 2714 2063 2764; x_wconf 87' lang='lat' dir='ltr'><strong>adimit</strong></span> <span class='ocrx_word' id='word_1_296' title='bbox 2097 2718 2194 2766; x_wconf 85' lang='grc'><strong>321</strong></span> 
     </span>
    </p>

    <p class='ocr_par' dir='ltr' id='par_1_26' title="bbox 1827 2783 2679 2846">
     <span class='ocr_line' id='line_1_60' title="bbox 1827 2783 2679 2846; baseline 0.002 -17"><span class='ocrx_word' id='word_1_297' title='bbox 1827 2783 2235 2846; x_wconf 87' lang='lat' dir='ltr'><strong>improbitatem</strong></span> <span class='ocrx_word' id='word_1_298' title='bbox 2273 2784 2542 2834; x_wconf 83' lang='lat' dir='ltr'><strong>adiuues</strong></span> <span class='ocrx_word' id='word_1_299' title='bbox 2579 2785 2679 2833; x_wconf 76' lang='lat'><strong>394</strong></span> 
     </span>
    </p>

    <p class='ocr_par' dir='ltr' id='par_1_27' title="bbox 1828 2850 2476 2916">
     <span class='ocr_line' id='line_1_61' title="bbox 1828 2850 2476 2916; baseline 0.006 -19"><span class='ocrx_word' id='word_1_300' title='bbox 1828 2850 2210 2901; x_wconf 83' lang='lat' dir='ltr'><strong>admisceas</strong></span> <span class='ocrx_word' id='word_1_301' title='bbox 2245 2864 2370 2916; x_wconf 81' lang='lat' dir='ltr'><strong>app.</strong></span> <span class='ocrx_word' id='word_1_302' title='bbox 2411 2855 2476 2902; x_wconf 89' lang='lat'><strong>30</strong></span> 
     </span>
    </p>

    <p class='ocr_par' dir='ltr' id='par_1_28' title="bbox 1826 2919 2977 3051">
     <span class='ocr_line' id='line_1_62' title="bbox 1826 2919 2977 2985; baseline 0.003 -19"><span class='ocrx_word' id='word_1_303' title='bbox 1826 2919 2110 2967; x_wconf 84' lang='lat' dir='ltr'><strong>tristitiam</strong></span> <span class='ocrx_word' id='word_1_304' title='bbox 2150 2955 2163 2969; x_wconf 93' lang='lat'><strong>.</strong></span> <span class='ocrx_word' id='word_1_305' title='bbox 2201 2955 2214 2969; x_wconf 91' lang='lat'><strong>.</strong></span> <span class='ocrx_word' id='word_1_306' title='bbox 2261 2920 2593 2969; x_wconf 84' lang='lat' dir='ltr'><strong>admittas</strong></span> <span class='ocrx_word' id='word_1_307' title='bbox 2633 2931 2763 2985; x_wconf 80' lang='lat' dir='ltr'><strong>app.</strong></span> <span class='ocrx_word' id='word_1_308' title='bbox 2809 2919 2977 2969; x_wconf 71' lang='lat'><strong>121‘·</strong></span> 
     </span>
     <span class='ocr_line' id='line_1_63' title="bbox 1894 2986 2654 3051; baseline 0.008 -20"><span class='ocrx_word' id='word_1_309' title='bbox 1894 3001 2052 3048; x_wconf 85' lang='lat' dir='ltr'><strong>quem</strong></span> <span class='ocrx_word' id='word_1_310' title='bbox 2091 2986 2316 3037; x_wconf 85' lang='lat' dir='ltr'><strong>admissi</strong></span> <span class='ocrx_word' id='word_1_311' title='bbox 2352 2988 2522 3051; x_wconf 90' lang='lat' dir='ltr'><strong>pudet</strong></span> <span class='ocrx_word' id='word_1_312' title='bbox 2558 2991 2654 3039; x_wconf 89' lang='grc'><strong>601</strong></span> 
     </span>
    </p>

    <p class='ocr_par' dir='ltr' id='par_1_29' title="bbox 1826 3053 2398 3118">
     <span class='ocr_line' id='line_1_64' title="bbox 1826 3053 2398 3118; baseline 0.009 -18"><span class='ocrx_word' id='word_1_313' title='bbox 1826 3053 2097 3103; x_wconf 82' lang='lat' dir='ltr'><strong>admone</strong></span> <span class='ocrx_word' id='word_1_314' title='bbox 2132 3067 2261 3118; x_wconf 81' lang='lat' dir='ltr'><strong>app.</strong></span> <span class='ocrx_word' id='word_1_315' title='bbox 2307 3058 2398 3105; x_wconf 88' lang='grc'><strong>103</strong></span> 
     </span>
    </p>

    <p class='ocr_par' dir='ltr' id='par_1_30' title="bbox 1825 3119 2783 3185">
     <span class='ocr_line' id='line_1_65' title="bbox 1825 3119 2783 3185; baseline 0.004 -16"><span class='ocrx_word' id='word_1_316' title='bbox 1825 3119 2282 3185; x_wconf 87' lang='lat' dir='ltr'><strong>adparandum</strong></span> <span class='ocrx_word' id='word_1_317' title='bbox 2321 3130 2407 3172; x_wconf 85' lang='lat' dir='ltr'><strong>est</strong></span> <span class='ocrx_word' id='word_1_318' title='bbox 2444 3123 2648 3174; x_wconf 88' lang='lat' dir='ltr'><strong>bellum</strong></span> <span class='ocrx_word' id='word_1_319' title='bbox 2688 3125 2783 3173; x_wconf 88' lang='grc'><strong>125</strong></span> 
     </span>
    </p>

    <p class='ocr_par' dir='ltr' id='par_1_31' title="bbox 1826 3188 2583 3253">
     <span class='ocr_line' id='line_1_66' title="bbox 1826 3188 2583 3253; baseline 0.008 -17"><span class='ocrx_word' id='word_1_320' title='bbox 1826 3188 2247 3253; x_wconf 86' lang='lat' dir='ltr'><strong>adquirimus</strong></span> <span class='ocrx_word' id='word_1_321' title='bbox 2282 3202 2410 3253; x_wconf 80' lang='lat' dir='ltr'><strong>app.</strong></span> <span class='ocrx_word' id='word_1_322' title='bbox 2446 3189 2583 3241; x_wconf 75' lang='grc'>288*</span> 
     </span>
    </p>

    <p class='ocr_par' dir='ltr' id='par_1_32' title="bbox 1827 3255 2523 3321">
     <span class='ocr_line' id='line_1_67' title="bbox 1827 3255 2523 3321; baseline 0.006 -18"><span class='ocrx_word' id='word_1_323' title='bbox 1827 3255 2216 3307; x_wconf 79' lang='lat' dir='ltr'><strong>adsentatio</strong></span> <span class='ocrx_word' id='word_1_324' title='bbox 2257 3270 2387 3321; x_wconf 79' lang='lat' dir='ltr'><strong>app.</strong></span> <span class='ocrx_word' id='word_1_325' title='bbox 2427 3260 2523 3308; x_wconf 84' lang='lat'><strong>135</strong></span> 
     </span>
    </p>

    <p class='ocr_par' dir='ltr' id='par_1_33' title="bbox 1828 3323 2414 3386">
     <span class='ocr_line' id='line_1_68' title="bbox 1828 3323 2414 3386; baseline 0.005 -15"><span class='ocrx_word' id='word_1_326' title='bbox 1828 3323 2414 3386; x_wconf 71' lang='lat' dir='ltr'><strong>adseueret166(*)</strong></span> 
     </span>
    </p>

    <p class='ocr_par' dir='ltr' id='par_1_34' title="bbox 1824 3386 2837 3443">
     <span class='ocr_line' id='line_1_69' title="bbox 1824 3386 2837 3443; baseline 0.004 -4"><span class='ocrx_word' id='word_1_327' title='bbox 1824 3386 2023 3440; x_wconf 76' lang='lat' dir='ltr'><strong>adsum</strong></span> <span class='ocrx_word' id='word_1_328' title='bbox 2061 3392 2254 3442; x_wconf 82' lang='lat' dir='ltr'><strong>adest</strong></span> <span class='ocrx_word' id='word_1_329' title='bbox 2290 3394 2389 3443; x_wconf 87' lang='grc'><strong>552</strong></span> <span class='ocrx_word' id='word_1_330' title='bbox 2428 3392 2665 3443; x_wconf 83' lang='lat' dir='ltr'><strong>aderunt</strong></span> <span class='ocrx_word' id='word_1_331' title='bbox 2699 3394 2837 3443; x_wconf 74' lang='lat'><strong>664·</strong></span> 
     </span>
    </p>

    <p class='ocr_par' dir='ltr' id='par_1_35' title="bbox 1825 3457 2938 3511">
     <span class='ocr_line' id='line_1_70' title="bbox 1825 3457 2938 3511; baseline 0.004 -6"><span class='ocrx_word' id='word_1_332' title='bbox 1825 3457 2315 3509; x_wconf 86' lang='lat' dir='ltr'><strong>adulescentia</strong></span> <span class='ocrx_word' id='word_1_333' title='bbox 2350 3462 2448 3510; x_wconf 88' lang='grc'>569</span> <span class='ocrx_word' id='word_1_334' title='bbox 2505 3460 2938 3511; x_wconf 79' lang='lat' dir='ltr'><strong>adulescentiam</strong></span> 
     </span>
    </p>

    <p class='ocr_par' dir='ltr' id='par_1_36' title="bbox 1825 3593 2939 3782">
     <span class='ocr_line' id='line_1_71' title="bbox 1825 3593 2934 3658; baseline 0.004 -17"><span class='ocrx_word' id='word_1_335' title='bbox 1825 3593 1880 3641; x_wconf 92' lang='lat' dir='ltr'><strong>in</strong></span> <span class='ocrx_word' id='word_1_336' title='bbox 1918 3610 1975 3643; x_wconf 91' lang='lat' dir='ltr'><strong>re</strong></span> <span class='ocrx_word' id='word_1_337' title='bbox 2016 3593 2303 3644; x_wconf 79' lang='lat' dir='ltr'><strong>aduersa</strong></span> <span class='ocrx_word' id='word_1_338' title='bbox 2339 3596 2405 3645; x_wconf 87' lang='lat'><strong>86</strong></span> <span class='ocrx_word' id='word_1_339' title='bbox 2440 3607 2569 3658; x_wconf 81' lang='lat' dir='ltr'><strong>app.</strong></span> <span class='ocrx_word' id='word_1_340' title='bbox 2610 3597 2707 3644; x_wconf 75' lang='lat'><strong>241</strong></span> <span class='ocrx_word' id='word_1_341' title='bbox 2748 3611 2834 3645; x_wconf 85' lang='lat' dir='ltr'><strong>res</strong></span> <span class='ocrx_word' id='word_1_342' title='bbox 2873 3633 2885 3644; x_wconf 89' lang='lat'><strong>.</strong></span> <span class='ocrx_word' id='word_1_343' title='bbox 2922 3634 2934 3645; x_wconf 89' lang='lat'><strong>.</strong></span> 
     </span>
     <span class='ocr_line' id='line_1_72' title="bbox 1893 3660 2939 3727; baseline 0.003 -18"><span class='ocrx_word' id='word_1_344' title='bbox 1893 3660 2160 3712; x_wconf 83' lang='lat' dir='ltr'><strong>aduersae</strong></span> <span class='ocrx_word' id='word_1_345' title='bbox 2194 3675 2322 3727; x_wconf 80' lang='lat' dir='ltr'><strong>app.</strong></span> <span class='ocrx_word' id='word_1_346' title='bbox 2353 3664 2449 3712; x_wconf 80' lang='grc'><strong>182</strong></span> <span class='ocrx_word' id='word_1_347' title='bbox 2487 3663 2542 3711; x_wconf 94' lang='lat' dir='ltr'><strong>in</strong></span> <span class='ocrx_word' id='word_1_348' title='bbox 2570 3662 2816 3712; x_wconf 87' lang='lat' dir='ltr'><strong>aduersis</strong></span> <span class='ocrx_word' id='word_1_349' title='bbox 2839 3665 2939 3713; x_wconf 87' lang='grc'>208</span> 
     </span>
     <span class='ocr_line' id='line_1_73' title="bbox 1890 3730 2652 3782; baseline 0.004 -4"><span class='ocrx_word' id='word_1_350' title='bbox 1890 3730 1987 3778; x_wconf 74' lang='grc'><strong>491</strong></span> <span class='ocrx_word' id='word_1_351' title='bbox 2026 3732 2124 3780; x_wconf 88' lang='grc'><strong>657</strong></span> <span class='ocrx_word' id='word_1_352' title='bbox 2163 3731 2229 3779; x_wconf 88' lang='lat' dir='ltr'><strong>de</strong></span> <span class='ocrx_word' id='word_1_353' title='bbox 2268 3730 2516 3780; x_wconf 83' lang='lat' dir='ltr'><strong>aduersis</strong></span> <span class='ocrx_word' id='word_1_354' title='bbox 2552 3733 2652 3782; x_wconf 89' lang='grc'><strong>608</strong></span> 
     </span>
    </p>

    <p class='ocr_par' dir='ltr' id='par_1_37' title="bbox 1825 3799 2938 3930">
     <span class='ocr_line' id='line_1_74' title="bbox 1825 3799 2938 3863; baseline 0.003 -19"><span class='ocrx_word' id='word_1_355' title='bbox 1825 3811 2029 3859; x_wconf 78' lang='lat' dir='ltr'><strong>aeger</strong></span> <span class='ocrx_word' id='word_1_356' title='bbox 2072 3801 2172 3849; x_wconf 87' lang='grc'><strong>332</strong></span> <span class='ocrx_word' id='word_1_357' title='bbox 2232 3799 2605 3863; x_wconf 86' lang='lat' dir='ltr'><strong>intemperans</strong></span> <span class='ocrx_word' id='word_1_358' title='bbox 2652 3813 2820 3861; x_wconf 84' lang='lat' dir='ltr'><strong>aeger</strong></span> <span class='ocrx_word' id='word_1_359' title='bbox 2873 3801 2938 3849; x_wconf 89' lang='grc'>89</span> 
     </span>
     <span class='ocr_line' id='line_1_75' title="bbox 1892 3865 2615 3930; baseline 0.004 -18"><span class='ocrx_word' id='word_1_360' title='bbox 1892 3865 2107 3913; x_wconf 87' lang='lat' dir='ltr'><strong>animus</strong></span> <span class='ocrx_word' id='word_1_361' title='bbox 2146 3882 2313 3929; x_wconf 78' lang='lat' dir='ltr'><strong>aeger</strong></span> <span class='ocrx_word' id='word_1_362' title='bbox 2348 3879 2477 3930; x_wconf 81' lang='lat' dir='ltr'><strong>app.</strong></span> <span class='ocrx_word' id='word_1_363' title='bbox 2520 3868 2615 3915; x_wconf 87' lang='grc'><strong>122</strong></span> 
     </span>
    </p>

    <p class='ocr_par' dir='ltr' id='par_1_38' title="bbox 1824 3935 2463 3996">
     <span class='ocr_line' id='line_1_76' title="bbox 1824 3935 2463 3996; baseline 0.006 -17"><span class='ocrx_word' id='word_1_364' title='bbox 1824 3947 2025 3996; x_wconf 85' lang='lat' dir='ltr'><strong>aegre</strong></span> <span class='ocrx_word' id='word_1_365' title='bbox 2063 3935 2161 3983; x_wconf 72' lang='lat'><strong>449</strong></span> <span class='ocrx_word' id='word_1_366' title='bbox 2196 3946 2325 3996; x_wconf 81' lang='lat' dir='ltr'><strong>app.</strong></span> <span class='ocrx_word' id='word_1_367' title='bbox 2370 3936 2463 3984; x_wconf 92' lang='grc'><strong>180</strong></span> 
     </span>
    </p>

    <p class='ocr_par' dir='ltr' id='par_1_39' title="bbox 1821 4002 2461 4062">
     <span class='ocr_line' id='line_1_77' title="bbox 1821 4002 2461 4062; baseline 0.006 -15"><span class='ocrx_word' id='word_1_368' title='bbox 1821 4002 2325 4062; x_wconf 82' lang='lat' dir='ltr'><strong>aequanimitas</strong></span> <span class='ocrx_word' id='word_1_369' title='bbox 2362 4004 2461 4051; x_wconf 69' lang='grc'><strong>312</strong></span> 
     </span>
    </p>

    <p class='ocr_par' dir='ltr' id='par_1_40' title="bbox 1824 4071 2169 4131">
     <span class='ocr_line' id='line_1_78' title="bbox 1824 4071 2169 4131; baseline 0.009 -16"><span class='ocrx_word' id='word_1_370' title='bbox 1824 4082 2033 4131; x_wconf 86' lang='lat' dir='ltr'><strong>aeque</strong></span> <span class='ocrx_word' id='word_1_371' title='bbox 2071 4071 2169 4118; x_wconf 91' lang='grc'><strong>703</strong></span> 
     </span>
    </p>

    <p class='ocr_par' dir='ltr' id='par_1_41' title="bbox 1824 4134 2936 4268">
     <span class='ocr_line' id='line_1_79' title="bbox 1824 4134 2936 4200; baseline 0.003 -17"><span class='ocrx_word' id='word_1_372' title='bbox 1824 4149 2075 4198; x_wconf 87' lang='lat' dir='ltr'><strong>aequus</strong></span> <span class='ocrx_word' id='word_1_373' title='bbox 2101 4134 2172 4188; x_wconf 82' lang='grc'>8*</span> <span class='ocrx_word' id='word_1_374' title='bbox 2211 4136 2359 4186; x_wconf 86' lang='lat' dir='ltr'><strong>hosti</strong></span> <span class='ocrx_word' id='word_1_375' title='bbox 2386 4151 2594 4200; x_wconf 85' lang='lat' dir='ltr'><strong>aequus</strong></span> <span class='ocrx_word' id='word_1_376' title='bbox 2627 4138 2718 4186; x_wconf 91' lang='grc'><strong>161</strong></span> <span class='ocrx_word' id='word_1_377' title='bbox 2761 4152 2936 4199; x_wconf 89' lang='lat' dir='ltr'><strong>aequo</strong></span> 
     </span>
     <span class='ocr_line' id='line_1_80' title="bbox 1890 4203 2511 4268; baseline 0.005 -17"><span class='ocrx_word' id='word_1_378' title='bbox 1890 4203 2069 4252; x_wconf 86' lang='lat' dir='ltr'><strong>animo</strong></span> <span class='ocrx_word' id='word_1_379' title='bbox 2105 4206 2200 4253; x_wconf 73' lang='lat'><strong>441</strong></span> <span class='ocrx_word' id='word_1_380' title='bbox 2234 4216 2373 4268; x_wconf 80' lang='lat' dir='ltr'><strong>app.</strong></span> <span class='ocrx_word' id='word_1_381' title='bbox 2416 4206 2511 4254; x_wconf 68' lang='lat'><strong>154</strong></span> 
     </span>
    </p>

    <p class='ocr_par' dir='ltr' id='par_1_42' title="bbox 1823 4269 2310 4321">
     <span class='ocr_line' id='line_1_81' title="bbox 1823 4269 2310 4321; baseline 0.006 -3"><span class='ocrx_word' id='word_1_382' title='bbox 1823 4269 2061 4319; x_wconf 88' lang='lat' dir='ltr'><strong>alienum</strong></span> <span class='ocrx_word' id='word_1_383' title='bbox 2101 4287 2215 4321; x_wconf 83' lang='lat' dir='ltr'><strong>aes</strong></span> <span class='ocrx_word' id='word_1_384' title='bbox 2256 4275 2310 4321; x_wconf 89' lang='grc'><strong>11</strong></span> 
     </span>
    </p>

    <p class='ocr_par' dir='ltr' id='par_1_43' title="bbox 1822 4336 2936 4404">
     <span class='ocr_line' id='line_1_82' title="bbox 1822 4336 2936 4404; baseline 0.003 -17"><span class='ocrx_word' id='word_1_385' title='bbox 1822 4345 2011 4388; x_wconf 79' lang='lat' dir='ltr'><strong>aetas</strong></span> <span class='ocrx_word' id='word_1_386' title='bbox 2050 4342 2114 4389; x_wconf 86' lang='grc'>24</span> <span class='ocrx_word' id='word_1_387' title='bbox 2153 4336 2275 4404; x_wconf 78' lang='lat' dir='ltr'><strong>(bis)</strong></span> <span class='ocrx_word' id='word_1_388' title='bbox 2312 4341 2412 4391; x_wconf 81' lang='lat'><strong>514</strong></span> <span class='ocrx_word' id='word_1_389' title='bbox 2448 4336 2571 4403; x_wconf 77' lang='lat' dir='ltr'><strong>(bis)</strong></span> <span class='ocrx_word' id='word_1_390' title='bbox 2618 4342 2718 4391; x_wconf 82' lang='lat'><strong>590</strong></span> <span class='ocrx_word' id='word_1_391' title='bbox 2777 4344 2936 4392; x_wconf 79' lang='lat' dir='ltr'><strong>aetas</strong></span> 
     </span>
    </p>
   </div>
  </div>
 </body>
</html>
