3400 5075
570 243 719 298 CXX
1467 242 1566 296 AD
1607 240 1974 297 TRAGICOS

743 406 956 471 Huius
993 405 1254 471 fabulae
1283 406 1362 474 fr.
1388 405 1514 472 VII
1545 429 1604 470 v.
1637 406 1763 470 122
1794 427 1929 489 sqq.
1958 404 2129 488 quod
2158 404 2577 470 Lachmanno
2608 412 2868 473 auctore

566 512 905 599 composui
976 512 1370 596 discerptum
1431 535 1653 576 rursus
1721 512 1817 576 ita
1880 534 2110 576 sanare
2182 511 2335 595 sibi⁸
2372 512 2634 595 quidam
2694 516 2868 580 visus

568 622 693 706 est,
737 622 813 685 ut
860 620 1134 685 senariis
1181 619 1342 684 alibi
1389 618 1758 683 Thoantem
1803 618 1907 684 his

884 727 1171 813 primum
1217 726 1342 790 11όο
1390 726 1507 790 abs
1553 727 1619 788 te
1668 747 1812 809 oro,
1856 723 1930 789 m'
1973 748 2076 790 me
2123 725 2591 794 inexorabilem

886 830 1083 919 faxiS,
1119 833 1189 897 ni
1234 837 1418 898 tuam
1463 832 1787 916 turpassis
1834 832 2211 898 vanitudine

888 940 1172 1005 aetatem
2142 948 2149 951 ’

578 1045 738 1111 alibi
781 1045 1071 1131 Pyladen
1118 1047 1210 1112 sic
1255 1046 1436 1131 loqui
1484 1048 1797 1112 satueret:

838 1151 1073 1217 Oresta
1118 1154 1234 1239 mi,
1278 1177 1361 1217 ne
1407 1153 1654 1238 plectas
1700 1152 1880 1216 fandi
1928 1151 2023 1216 mi
2063 1154 2596 1238 prolixitiidinem

572 1260 685 1325 ubi
751 1258 1062 1344 ‘plectas'
1122 1260 1447 1346 intellegit
1516 1260 1898 1344 ‘exprobres
1914 1258 1952 1343 '‚
2013 1260 2182 1343 quod
2245 1281 2366 1344 ego
2428 1265 2494 1324 et
2553 1262 2619 1324 ni
2679 1261 2874 1325 fallor

571 1365 1025 1431 Lachmannus
1073 1389 1324 1452 quoque
1364 1366 1654 1431 ‘nectas'
1697 1366 1831 1430 sive
1873 1365 2119 1429 ‘texas’
2158 1367 2568 1449 interpretati
2599 1390 2872 1431 eramus,

573 1471 875 1539 Ceterum
921 1471 1239 1537 Thoantis
1295 1495 1643 1557 personam
1700 1473 1965 1537 omnino
2027 1474 2107 1537 ab
2153 1472 2275 1537 hac
2324 1473 2546 1537 fabula
2593 1473 2869 1538 alienam

575 1601 714 1643 esse
772 1579 934 1644 mihi
989 1601 1158 1644 nunc
1212 1580 1534 1664 persuasi,
1589 1602 1707 1644 1190
1764 1599 2073 1664 umquam
2121 1580 2273 1664 quid
2318 1581 2388 1644 in
2434 1603 2511 1645 ea
2557 1581 2871 1645 orationis

575 1686 804 1772 forma,
853 1709 1046 1771 quam
1094 1686 1283 1772 edidi,
1329 1686 1590 1752 molesti
1638 1686 1880 1751 inesset
1924 1709 2054 1751 non
2103 1687 2295 1752 sensi.
2356 1687 2552 1772 paulo
2591 1709 2871 1752 001111110-

576 1792 761 1858 diora
805 1793 1086 1859 forsitan
1129 1794 1291 1859 haec
1338 1793 1704 1858 videantur:

975 1901 1261 1985 Primum
1305 1899 1429 1966 h6c
1477 1900 1592 1965 abs
1639 1903 1706 1965 te
1754 1923 1868 1965 oro
1917 1896 2150 1986 (minus
2196 1900 2660 1964 inexorabilem

893 2006 1088 2093 faxiS,
1132 2008 1202 2071 m'
1245 2008 1567 2091 turpassis
1614 2008 1987 2073 vanitudine
2035 2008 2317 2071 aetatem
2364 2005 2599 2093 tuam),

893 2114 1007 2179 610
1017 2165 1036 2199 ,
1081 2112 1270 2180 nimi'
1315 2135 1396 2177 ne
1442 2113 1688 2198 plectas
1736 2114 1913 2178 fandi
1960 2110 2057 2177 mi
2096 2112 2647 2195 prolixitudinem.

756 2219 932 2286 Nam
985 2220 1328 2285 trochaeos
1389 2219 1772 2285 manifestos
1828 2224 1900 2283 ut
1962 2219 2429 2303 transponendi
2488 2221 2752 2286 licentia
2812 2224 2879 2287 in

581 2328 836 2393 iambos
897 2347 1130 2412 cogam
1188 2350 1541 2413 numquam
1602 2327 1913 2410 adducar3
1984 2327 2147 2389 alter
2208 2326 2465 2410 quidem
2525 2330 2878 2394 versiculus

582 2435 758 2499 iusta
804 2455 1028 2499 carens
1077 2456 1346 2499 caesura
1391 2437 1465 2497 ut
1507 2432 1698 2497 laude
1746 2431 2051 2517 indignus
2100 2455 2281 2517 sane,
2327 2434 2422 2497 ita
2468 2438 2879 2501 excusatione

584 2543 853 2627 propter
909 2542 1188 2626 quinque
1246 2541 1645 2627 syllabarum
1700 2540 1873 2624 quod
1928 2540 2268 2603 intercedit
2314 2541 2703 2607 vocabulum
2749 2566 2882 2608 non

586 2649 764 2714 omni
819 2648 1168 2712 destitutus
1234 2651 1351 2714 est.
1455 2648 1689 2733 duplex
1746 2651 1964 2711 autem
2019 2659 2124 2710 oro
2179 2647 2283 2710 cui
2338 2648 2440 2711 vel
2496 2649 2883 2733 interposita

585 2755 960 2842 parenthesi
1007 2754 1328 2841 displicet,
1377 2754 1677 2819 distribui
1724 2754 1894 2817 inter
1941 2753 2097 2817 duas
2146 2776 2470 2837 personas·
2505 2755 2597 2829 sic
2644 2757 2879 2840 possit:

679 2862 995 2945 [animum
1023 2864 1259 2946 tuum,]
1293 2863 1575 2946 primum
1601 2861 1726 2925 hoc
1757 2861 1874 2925 abs
1902 2863 1967 2924 te
1998 2883 2112 2925 oro
2123 2912 2142 2945 ,
2177 2858 2391 2925 minus
2420 2862 2884 2929 inexorabilem

677 2968 865 3033 faxis·
955 2972 986 3042 [Γ
1031 2970 1100 3032 ni
1146 2969 1469 3053 turpassis
1515 2967 1893 3032 vanitudine
1941 2969 2221 3032 aetatem
2266 2970 2475 3053 tuam,

679 3077 823 3161 610,
867 3075 1017 3141 nive
1063 3076 1309 3159 plectas
1356 3073 1535 3139 fandi
1583 3073 1679 3139 mi
1722 3074 2267 3159 prolixitudinem.

591 3183 726 3249 sive
786 3183 857 3246 in
910 3185 1197 3247 extremo
1254 3204 1446 3248 versu
1492 3182 1729 3267 mavis,
1787 3181 1958 3265 quod
2001 3202 2137 3245 non
2179 3180 2439 3265 longius
2487 3205 2527 3245 a
2569 3182 2887 3248 librorum

591 3290 905 3354 memoria
950 3288 1164 3353 abest:
1710 3275 1718 3283 ’

972 3398 1114 3461 6ro:
1159 3396 1413 3461 minime
1455 3397 1663 3478 fle‘ctas
1708 3396 1887 3460 fandi
1931 3394 2037 3461 mc'
2061 3394 2513 3478 prolioeitu'dine

593 3504 728 3569 sive
776 3503 920 3587 quis
969 3501 1128 3567 adeo
1159 3500 1652 3588 Guelferbytani
1699 3504 2025 3587 scriptura
2061 3522 2162 3567 ero
2200 3501 2384 3566 abuti
2422 3502 2600 3568 volet
2626 3503 2696 3569 in
2720 3504 2888 3572 hanc

593 3610 1061 3676 coniecturam:
2550 3594 2564 3607 ⁸

1174 3737 1313 3800 erqo
1356 3715 1547 3782 nimi’
1592 3736 1670 3780 ne
1715 3716 1962 3799 plectas
2008 3715 2051 3779 f.
2098 3715 2189 3780 mi
2234 3738 2297 3799 p.

770 3819 1135 3887 Fridericus
1173 3820 1306 3887 Leo
1354 3824 1425 3887 in
1462 3823 1803 3887 sententiis
1851 3825 2139 3888 controv.
2215 3823 2707 3907 quaestionibus
2744 3823 2889 3891 Ari-

597 3926 1002 4014 stophaneis,
1048 3929 1496 3995 dissertationi
1525 3927 1856 3995 Bonnensi
1904 3954 1961 3996 a.
1995 3930 2163 3996 1873
2212 3929 2475 3995 adnexis
2505 3953 2565 3996 v.
2598 3932 2720 3997 127
2759 3955 2892 3998 11011

596 4034 1048 4101 cohaerentem
1095 4058 1242 4101 cum
1293 4035 1418 4100 125
1465 4058 1556 4120 sq.
1603 4037 1795 4102 initio
1845 4037 1936 4102 sic
1983 4036 2225 4122 corrigi
2272 4037 2511 4101 suasit:

865 4141 907 4207 ό
946 4162 1043 4206 ere
1086 4143 1191 4228 mi,
1235 4163 1317 4205 ne
1363 4143 1609 4227 plectas
1657 4144 1839 4208 fandi
1886 4144 1977 4208 mi
2022 4143 2572 4228 prolixitudinem.

777 4247 855 4312 In
883 4271 1073 4314 versu
1105 4248 1232 4316 125
1251 4247 1586 4314 Leidensis
1607 4273 1691 4315 m.
1715 4251 1746 4314 1
1773 4251 1935 4316 nimi
1958 4250 2197 4316 habere
2219 4249 2422 4314 fertur
2442 4248 2712 4315 additas
2734 4271 2817 4315 m.
2839 4251 2879 4314 2
