<?xml version="1.0" encoding="UTF-8"?>
<!DOCTYPE html PUBLIC "-//W3C//DTD XHTML 1.0 Transitional//EN"
    "http://www.w3.org/TR/xhtml1/DTD/xhtml1-transitional.dtd">
<html xmlns="http://www.w3.org/1999/xhtml" xml:lang="en" lang="en">
 <head>
  <title>
</title>
<meta http-equiv="Content-Type" content="text/html;charset=utf-8" />
  <meta name='ocr-system' content='tesseract 3.04.00' />
  <meta name='ocr-capabilities' content='ocr_page ocr_carea ocr_par ocr_line ocrx_word'/>
</head>
<body>
  <div class='ocr_page' id='page_1' title='image "./comicorumromano00teregoog_0222.png"; bbox 0 0 3400 5075; ppageno 0'>
   <div class='ocr_carea' id='block_1_1' title="bbox 646 316 2141 377">
    <p class='ocr_par' dir='ltr' id='par_1_1' title="bbox 646 316 2141 377">
     <span class='ocr_line' id='line_1_1' title="bbox 646 316 2141 377; baseline 0.005 -11"><span class='ocrx_word' id='word_1_1' title='bbox 646 316 731 377; x_wconf 83' lang='lat'>84</span> <span class='ocrx_word' id='word_1_2' title='bbox 1452 319 1758 370; x_wconf 79' lang='lat' dir='ltr'>Lvsclvs</span> <span class='ocrx_word' id='word_1_3' title='bbox 1796 321 2048 372; x_wconf 85' lang='lat' dir='ltr'>LAVINI</span> <span class='ocrx_word' id='word_1_4' title='bbox 2058 323 2141 373; x_wconf 80' lang='lat' dir='ltr'>VS</span> 
     </span>
    </p>
   </div>
   <div class='ocr_carea' id='block_1_2' title="bbox 1498 474 2091 542">
    <p class='ocr_par' dir='ltr' id='par_1_2' title="bbox 1498 474 2091 542">
     <span class='ocr_line' id='line_1_2' title="bbox 1498 474 2091 542; baseline 0.007 -4"><span class='ocrx_word' id='word_1_5' title='bbox 1498 474 2091 542; x_wconf 85' lang='lat' dir='ltr'>THENSAVRVS</span> 
     </span>
    </p>
   </div>
   <div class='ocr_carea' id='block_1_3' title="bbox 823 588 2475 791">
    <p class='ocr_par' dir='ltr' id='par_1_3' title="bbox 823 588 2475 791">
     <span class='ocr_line' id='line_1_3' title="bbox 823 588 2285 672; baseline 0.004 -21"><span class='ocrx_word' id='word_1_6' title='bbox 823 588 1281 672; x_wconf 74' lang='lat' dir='ltr'>AthenienseS,</span> <span class='ocrx_word' id='word_1_7' title='bbox 1329 592 1569 654; x_wconf 74' lang='lat' dir='ltr'>bellum</span> <span class='ocrx_word' id='word_1_8' title='bbox 1616 613 1761 655; x_wconf 92' lang='lat' dir='ltr'>cum</span> <span class='ocrx_word' id='word_1_9' title='bbox 1808 592 2285 657; x_wconf 75' lang='lat' dir='ltr'>Rhodiensibus</span> 
     </span>
     <span class='ocr_line' id='line_1_4' title="bbox 823 704 2475 791; baseline 0.003 -24"><span class='ocrx_word' id='word_1_10' title='bbox 823 704 1007 778; x_wconf 83' lang='lat' dir='ltr'>Quod</span> <span class='ocrx_word' id='word_1_11' title='bbox 1056 705 1250 768; x_wconf 72' lang='lat' dir='ltr'>fuerit</span> <span class='ocrx_word' id='word_1_12' title='bbox 1297 706 1447 789; x_wconf 88' lang='lat' dir='ltr'>quid</span> <span class='ocrx_word' id='word_1_13' title='bbox 1495 727 1616 791; x_wconf 83' lang='lat' dir='ltr'>ego</span> <span class='ocrx_word' id='word_1_14' title='bbox 1665 706 1769 771; x_wconf 91' lang='lat' dir='ltr'>hic</span> <span class='ocrx_word' id='word_1_15' title='bbox 1817 709 2227 791; x_wconf 78' lang='lat' dir='ltr'>prae‘dicem‘?</span> <span class='ocrx_word' id='word_1_16' title='bbox 2276 760 2289 771; x_wconf 94' lang='lat'>.</span> <span class='ocrx_word' id='word_1_17' title='bbox 2339 760 2351 771; x_wconf 91' lang='lat'><strong>.</strong></span> <span class='ocrx_word' id='word_1_18' title='bbox 2403 761 2413 773; x_wconf 95' lang='lat'>.</span> <span class='ocrx_word' id='word_1_19' title='bbox 2464 762 2475 773; x_wconf 90' lang='lat'><strong>.</strong></span> 
     </span>
    </p>
   </div>
   <div class='ocr_carea' id='block_1_4' title="bbox 1291 872 2289 1054">
    <p class='ocr_par' dir='ltr' id='par_1_4' title="bbox 1291 872 2289 1054">
     <span class='ocr_line' id='line_1_5' title="bbox 1291 872 2289 941; baseline 0.004 -4"><span class='ocrx_word' id='word_1_20' title='bbox 1291 873 1409 938; x_wconf 88' lang='lat' dir='ltr'>EX</span> <span class='ocrx_word' id='word_1_21' title='bbox 1457 872 1868 941; x_wconf 82' lang='lat' dir='ltr'>INCERTIS</span> <span class='ocrx_word' id='word_1_22' title='bbox 1916 875 2289 941; x_wconf 79' lang='lat' dir='ltr'><strong>FABVLIS</strong></span> 
     </span>
     <span class='ocr_line' id='line_1_6' title="bbox 1774 991 1806 1054; baseline 0 0"><span class='ocrx_word' id='word_1_23' title='bbox 1774 991 1806 1054; x_wconf 96' lang='lat' dir='ltr'>I</span> 
     </span>
    </p>
   </div>
   <div class='ocr_carea' id='block_1_5' title="bbox 631 1102 2936 1535">
    <p class='ocr_par' dir='ltr' id='par_1_5' title="bbox 631 1102 2936 1535">
     <span class='ocr_line' id='line_1_7' title="bbox 822 1102 2936 1192; baseline 0.003 -25"><span class='ocrx_word' id='word_1_24' title='bbox 822 1104 1162 1168; x_wconf 77' lang='lat' dir='ltr'>Terentius</span> <span class='ocrx_word' id='word_1_25' title='bbox 1192 1105 1368 1169; x_wconf 88' lang='lat' dir='ltr'>haut.</span> <span class='ocrx_word' id='word_1_26' title='bbox 1407 1107 1568 1189; x_wconf 85' lang='lat' dir='ltr'>prol.</span> <span class='ocrx_word' id='word_1_27' title='bbox 1608 1107 1694 1170; x_wconf 83' lang='lat'>30</span> <span class='ocrx_word' id='word_1_28' title='bbox 1733 1102 1841 1170; x_wconf 78' lang='lat' dir='ltr'>‘ne</span> <span class='ocrx_word' id='word_1_29' title='bbox 1871 1108 1977 1170; x_wconf 91' lang='lat' dir='ltr'>ille</span> <span class='ocrx_word' id='word_1_30' title='bbox 2024 1128 2142 1191; x_wconf 86' lang='lat' dir='ltr'>pro</span> <span class='ocrx_word' id='word_1_31' title='bbox 2183 1129 2249 1170; x_wconf 92' lang='lat' dir='ltr'>se</span> <span class='ocrx_word' id='word_1_32' title='bbox 2289 1107 2530 1171; x_wconf 89' lang='lat' dir='ltr'>dictum</span> <span class='ocrx_word' id='word_1_33' title='bbox 2578 1109 2936 1192; x_wconf 71' lang='lat' dir='ltr'><strong>existumet,</strong></span> 
     </span>
     <span class='ocr_line' id='line_1_8' title="bbox 642 1195 2934 1307; baseline 0.002 -25"><span class='ocrx_word' id='word_1_34' title='bbox 642 1218 765 1293; x_wconf 85' lang='lat' dir='ltr'>Qui</span> <span class='ocrx_word' id='word_1_35' title='bbox 794 1241 1001 1303; x_wconf 84' lang='lat' dir='ltr'>nuper</span> <span class='ocrx_word' id='word_1_36' title='bbox 1046 1195 1217 1284; x_wconf 33' lang='lat' dir='ltr'>fecit.</span> <span class='ocrx_word' id='word_1_37' title='bbox 1230 1242 1415 1284; x_wconf 91' lang='lat' dir='ltr'>seruo</span> <span class='ocrx_word' id='word_1_38' title='bbox 1445 1222 1728 1285; x_wconf 91' lang='lat' dir='ltr'>currenti</span> <span class='ocrx_word' id='word_1_39' title='bbox 1765 1223 1834 1285; x_wconf 86' lang='lat' dir='ltr'>in</span> <span class='ocrx_word' id='word_1_40' title='bbox 1863 1223 1970 1285; x_wconf 91' lang='lat' dir='ltr'>uia</span> <span class='ocrx_word' id='word_1_41' title='bbox 1999 1217 2288 1286; x_wconf 89' lang='lat' dir='ltr'>Decesse&#39;</span> <span class='ocrx_word' id='word_1_42' title='bbox 2342 1216 2660 1305; x_wconf 70' lang='lat' dir='ltr'>(Dixisse&#39;</span> <span class='ocrx_word' id='word_1_43' title='bbox 2695 1222 2934 1307; x_wconf 88' lang='lat' dir='ltr'>Bentl.)</span> 
     </span>
     <span class='ocr_line' id='line_1_9' title="bbox 631 1329 2932 1423; baseline 0.002 -26"><span class='ocrx_word' id='word_1_44' title='bbox 631 1329 995 1417; x_wconf 88' lang='lat' dir='ltr'>‘populum:</span> <span class='ocrx_word' id='word_1_45' title='bbox 1044 1357 1157 1399; x_wconf 90' lang='lat' dir='ltr'>cur</span> <span class='ocrx_word' id='word_1_46' title='bbox 1202 1336 1433 1399; x_wconf 86' lang='lat' dir='ltr'>insano</span> <span class='ocrx_word' id='word_1_47' title='bbox 1483 1337 1766 1401; x_wconf 71' lang='lat' dir='ltr'>seruiat?</span> <span class='ocrx_word' id='word_1_48' title='bbox 1842 1337 1938 1401; x_wconf 90' lang='lat' dir='ltr'>De</span> <span class='ocrx_word' id='word_1_49' title='bbox 1975 1338 2148 1401; x_wconf 89' lang='lat' dir='ltr'>illius</span> <span class='ocrx_word' id='word_1_50' title='bbox 2194 1339 2474 1421; x_wconf 87' lang='lat' dir='ltr'>peccatis</span> <span class='ocrx_word' id='word_1_51' title='bbox 2513 1340 2699 1423; x_wconf 88' lang='lat' dir='ltr'>plura</span> <span class='ocrx_word' id='word_1_52' title='bbox 2746 1339 2932 1421; x_wconf 82' lang='lat' dir='ltr'>dicet,</span> 
     </span>
     <span class='ocr_line' id='line_1_10' title="bbox 640 1448 2573 1535; baseline 0.003 -23"><span class='ocrx_word' id='word_1_53' title='bbox 640 1471 786 1513; x_wconf 88' lang='lat' dir='ltr'>cum</span> <span class='ocrx_word' id='word_1_54' title='bbox 833 1450 1012 1514; x_wconf 85' lang='lat' dir='ltr'>dabit</span> <span class='ocrx_word' id='word_1_55' title='bbox 1058 1448 1240 1514; x_wconf 86' lang='lat' dir='ltr'>Alias</span> <span class='ocrx_word' id='word_1_56' title='bbox 1288 1474 1520 1535; x_wconf 60' lang='lat' dir='ltr'>nouem,</span> <span class='ocrx_word' id='word_1_57' title='bbox 1566 1453 1691 1516; x_wconf 91' lang='lat' dir='ltr'>nisi</span> <span class='ocrx_word' id='word_1_58' title='bbox 1741 1452 1934 1515; x_wconf 88' lang='lat' dir='ltr'>finem</span> <span class='ocrx_word' id='word_1_59' title='bbox 1982 1453 2339 1516; x_wconf 88' lang='lat' dir='ltr'>maledictis</span> <span class='ocrx_word' id='word_1_60' title='bbox 2385 1448 2573 1517; x_wconf 88' lang='lat' dir='ltr'>facit.&#39;</span> 
     </span>
    </p>
   </div>
   <div class='ocr_carea' id='block_1_6' title="bbox 1757 1603 1824 1667">
    <p class='ocr_par' dir='ltr' id='par_1_6' title="bbox 1757 1603 1824 1667">
     <span class='ocr_line' id='line_1_11' title="bbox 1757 1603 1824 1667; baseline -0.015 0"><span class='ocrx_word' id='word_1_61' title='bbox 1757 1603 1824 1667; x_wconf 96' lang='lat' dir='ltr'>II</span> 
     </span>
    </p>
   </div>
   <div class='ocr_carea' id='block_1_7' title="bbox 635 1712 2932 2492">
    <p class='ocr_par' dir='ltr' id='par_1_7' title="bbox 635 1712 2932 2492">
     <span class='ocr_line' id='line_1_12' title="bbox 694 1712 2930 1804; baseline 0.001 -24"><span class='ocrx_word' id='word_1_62' title='bbox 694 1793 702 1800; x_wconf 27' lang='lat'>⁵</span> <span class='ocrx_word' id='word_1_63' title='bbox 816 1715 1156 1782; x_wconf 78' lang='lat' dir='ltr'>Terentius</span> <span class='ocrx_word' id='word_1_64' title='bbox 1193 1717 1451 1782; x_wconf 90' lang='lat' dir='ltr'>Phorm.</span> <span class='ocrx_word' id='word_1_65' title='bbox 1481 1719 1641 1801; x_wconf 90' lang='lat' dir='ltr'>prol.</span> <span class='ocrx_word' id='word_1_66' title='bbox 1670 1719 1714 1781; x_wconf 87' lang='lat'>4</span> <span class='ocrx_word' id='word_1_67' title='bbox 1751 1712 1911 1801; x_wconf 82' lang='lat' dir='ltr'>‘qui’</span> <span class='ocrx_word' id='word_1_68' title='bbox 1964 1718 2124 1802; x_wconf 89' lang='lat' dir='ltr'>(scil.</span> <span class='ocrx_word' id='word_1_69' title='bbox 2163 1723 2356 1802; x_wconf 88' lang='lat' dir='ltr'>poeta</span> <span class='ocrx_word' id='word_1_70' title='bbox 2383 1718 2600 1804; x_wconf 87' lang='lat' dir='ltr'>uetus)</span> <span class='ocrx_word' id='word_1_71' title='bbox 2638 1714 2759 1783; x_wconf 82' lang='lat' dir='ltr'>‘ita</span> <span class='ocrx_word' id='word_1_72' title='bbox 2804 1720 2930 1783; x_wconf 89' lang='lat' dir='ltr'>dic-</span> 
     </span>
     <span class='ocr_line' id='line_1_13' title="bbox 638 1827 2924 1920; baseline 0.002 -25"><span class='ocrx_word' id='word_1_73' title='bbox 638 1832 815 1915; x_wconf 77' lang='lat' dir='ltr'>titat,</span> <span class='ocrx_word' id='word_1_74' title='bbox 862 1853 1021 1914; x_wconf 89' lang='lat' dir='ltr'>quas</span> <span class='ocrx_word' id='word_1_75' title='bbox 1070 1832 1345 1896; x_wconf 88' lang='lat' dir='ltr'>antehac</span> <span class='ocrx_word' id='word_1_76' title='bbox 1391 1832 1545 1896; x_wconf 89' lang='lat' dir='ltr'>fecit</span> <span class='ocrx_word' id='word_1_77' title='bbox 1589 1827 1859 1896; x_wconf 86' lang='lat' dir='ltr'>fabulas&#39;</span> <span class='ocrx_word' id='word_1_78' title='bbox 1911 1831 2024 1917; x_wconf 90' lang='lat' dir='ltr'>(sc.</span> <span class='ocrx_word' id='word_1_79' title='bbox 2073 1831 2468 1920; x_wconf 80' lang='lat' dir='ltr'>Terentius),</span> <span class='ocrx_word' id='word_1_80' title='bbox 2505 1828 2739 1898; x_wconf 86' lang='lat' dir='ltr'>‘Tenui</span> <span class='ocrx_word' id='word_1_81' title='bbox 2787 1857 2924 1899; x_wconf 89' lang='lat' dir='ltr'>esse</span> 
     </span>
     <span class='ocr_line' id='line_1_14' title="bbox 638 1946 2932 2034; baseline 0.003 -26"><span class='ocrx_word' id='word_1_82' title='bbox 638 1946 930 2009; x_wconf 88' lang='lat' dir='ltr'>oratione</span> <span class='ocrx_word' id='word_1_83' title='bbox 986 1951 1051 2010; x_wconf 92' lang='lat' dir='ltr'>et</span> <span class='ocrx_word' id='word_1_84' title='bbox 1106 1949 1423 2031; x_wconf 85' lang='lat' dir='ltr'>scriptura</span> <span class='ocrx_word' id='word_1_85' title='bbox 1487 1949 1639 2013; x_wconf 84' lang='lat' dir='ltr'>leui:</span> <span class='ocrx_word' id='word_1_86' title='bbox 1706 1947 1871 2024; x_wconf 83' lang='lat' dir='ltr'>Quia</span> <span class='ocrx_word' id='word_1_87' title='bbox 1926 1970 2244 2031; x_wconf 87' lang='lat' dir='ltr'>nusquam</span> <span class='ocrx_word' id='word_1_88' title='bbox 2308 1949 2610 2013; x_wconf 88' lang='lat' dir='ltr'>insanum</span> <span class='ocrx_word' id='word_1_89' title='bbox 2677 1951 2932 2034; x_wconf 77' lang='lat' dir='ltr'>scripsit</span> 
     </span>
     <span class='ocr_line' id='line_1_15' title="bbox 637 2060 2929 2147; baseline 0.002 -23"><span class='ocrx_word' id='word_1_90' title='bbox 637 2060 1187 2125; x_wconf 86' lang='lat' dir='ltr'>adulescentulum</span> <span class='ocrx_word' id='word_1_91' title='bbox 1218 2061 1490 2127; x_wconf 86' lang='lat' dir='ltr'>Ceruam</span> <span class='ocrx_word' id='word_1_92' title='bbox 1537 2063 1753 2128; x_wconf 89' lang='lat' dir='ltr'>uidere</span> <span class='ocrx_word' id='word_1_93' title='bbox 1799 2064 2024 2147; x_wconf 83' lang='lat' dir='ltr'>fugere</span> <span class='ocrx_word' id='word_1_94' title='bbox 2071 2067 2136 2127; x_wconf 89' lang='lat' dir='ltr'>et</span> <span class='ocrx_word' id='word_1_95' title='bbox 2182 2064 2412 2127; x_wconf 84' lang='lat' dir='ltr'>sectari</span> <span class='ocrx_word' id='word_1_96' title='bbox 2443 2086 2633 2128; x_wconf 89' lang='lat' dir='ltr'>canes</span> <span class='ocrx_word' id='word_1_97' title='bbox 2662 2064 2752 2128; x_wconf 82' lang='lat' dir='ltr'>Et</span> <span class='ocrx_word' id='word_1_98' title='bbox 2787 2087 2929 2129; x_wconf 89' lang='lat' dir='ltr'>eam</span> 
     </span>
     <span class='ocr_line' id='line_1_16' title="bbox 636 2172 2930 2261; baseline 0.001 -21"><span class='ocrx_word' id='word_1_99' title='bbox 636 2177 888 2259; x_wconf 86' lang='lat' dir='ltr'>plorare</span> <span class='ocrx_word' id='word_1_100' title='bbox 937 2198 1149 2261; x_wconf 87' lang='lat' dir='ltr'>orare,</span> <span class='ocrx_word' id='word_1_101' title='bbox 1196 2181 1268 2241; x_wconf 90' lang='lat' dir='ltr'>ut</span> <span class='ocrx_word' id='word_1_102' title='bbox 1306 2178 1665 2242; x_wconf 78' lang='lat' dir='ltr'>subueniat</span> <span class='ocrx_word' id='word_1_103' title='bbox 1698 2172 1850 2242; x_wconf 71' lang='lat' dir='ltr'>sibi?</span> <span class='ocrx_word' id='word_1_104' title='bbox 1949 2178 2027 2241; x_wconf 83' lang='lat' dir='ltr'>ad</span> <span class='ocrx_word' id='word_1_105' title='bbox 2077 2201 2238 2261; x_wconf 87' lang='lat' dir='ltr'>quae</span> <span class='ocrx_word' id='word_1_106' title='bbox 2287 2179 2367 2242; x_wconf 88' lang='lat' dir='ltr'>cf.</span> <span class='ocrx_word' id='word_1_107' title='bbox 2397 2178 2639 2243; x_wconf 84' lang='lat' dir='ltr'>Donati</span> <span class='ocrx_word' id='word_1_108' title='bbox 2686 2181 2930 2244; x_wconf 83' lang='lat' dir='ltr'>scholia</span> 
     </span>
     <span class='ocr_line' id='line_1_17' title="bbox 635 2291 2927 2375; baseline 0.002 -20"><span class='ocrx_word' id='word_1_109' title='bbox 635 2295 701 2355; x_wconf 91' lang='lat' dir='ltr'>et</span> <span class='ocrx_word' id='word_1_110' title='bbox 756 2314 916 2375; x_wconf 87' lang='lat' dir='ltr'>quae</span> <span class='ocrx_word' id='word_1_111' title='bbox 971 2291 1323 2356; x_wconf 87' lang='lat' dir='ltr'>Ladevicus</span> <span class='ocrx_word' id='word_1_112' title='bbox 1390 2293 1692 2357; x_wconf 87' lang='lat' dir='ltr'>disseruit</span> <span class='ocrx_word' id='word_1_113' title='bbox 1754 2294 1823 2356; x_wconf 90' lang='lat' dir='ltr'>in</span> <span class='ocrx_word' id='word_1_114' title='bbox 1887 2294 2429 2358; x_wconf 83' lang='lat' dir='ltr'>commentatione</span> <span class='ocrx_word' id='word_1_115' title='bbox 2495 2295 2572 2358; x_wconf 88' lang='lat' dir='ltr'>de</span> <span class='ocrx_word' id='word_1_116' title='bbox 2628 2294 2927 2360; x_wconf 83' lang='lat' dir='ltr'>Volcatio</span> 
     </span>
     <span class='ocr_line' id='line_1_18' title="bbox 636 2404 1180 2492; baseline 0.002 -22"><span class='ocrx_word' id='word_1_117' title='bbox 636 2404 922 2492; x_wconf 85' lang='lat' dir='ltr'>Sedigito</span> <span class='ocrx_word' id='word_1_118' title='bbox 968 2430 1028 2491; x_wconf 90' lang='lat' dir='ltr'>p.</span> <span class='ocrx_word' id='word_1_119' title='bbox 1083 2409 1180 2471; x_wconf 89' lang='lat'>16.</span> 
     </span>
    </p>
   </div>
   <div class='ocr_carea' id='block_1_8' title="bbox 626 2602 2928 4153">
    <p class='ocr_par' dir='ltr' id='par_1_8' title="bbox 626 2602 2928 4153">
     <span class='ocr_line' id='line_1_19' title="bbox 765 2602 2928 2673; baseline 0.003 -22"><span class='ocrx_word' id='word_1_120' title='bbox 765 2602 1139 2653; x_wconf 64' lang='lat' dir='ltr'>Tnsnssvavs</span> <span class='ocrx_word' id='word_1_121' title='bbox 1207 2604 1504 2654; x_wconf 89' lang='lat' dir='ltr'>Terentius</span> <span class='ocrx_word' id='word_1_122' title='bbox 1541 2618 1664 2652; x_wconf 90' lang='lat' dir='ltr'>eun.</span> <span class='ocrx_word' id='word_1_123' title='bbox 1704 2603 1840 2668; x_wconf 88' lang='lat' dir='ltr'>prol.</span> <span class='ocrx_word' id='word_1_124' title='bbox 1882 2607 1946 2654; x_wconf 88' lang='lat'>10</span> <span class='ocrx_word' id='word_1_125' title='bbox 1983 2608 2170 2669; x_wconf 84' lang='lat' dir='ltr'>‘atque</span> <span class='ocrx_word' id='word_1_126' title='bbox 2215 2605 2273 2653; x_wconf 90' lang='lat' dir='ltr'>in</span> <span class='ocrx_word' id='word_1_127' title='bbox 2320 2605 2644 2655; x_wconf 81' lang='lat' dir='ltr'>Thensauro</span> <span class='ocrx_word' id='word_1_128' title='bbox 2703 2607 2928 2673; x_wconf 76' lang='lat' dir='ltr'>scripsit</span> 
     </span>
     <span class='ocr_line' id='line_1_20' title="bbox 636 2670 2925 2736; baseline 0.002 -17"><span class='ocrx_word' id='word_1_129' title='bbox 636 2684 902 2720; x_wconf 85' lang='lat' dir='ltr'>causam</span> <span class='ocrx_word' id='word_1_130' title='bbox 940 2671 1167 2722; x_wconf 89' lang='lat' dir='ltr'>dicere</span> <span class='ocrx_word' id='word_1_131' title='bbox 1207 2671 1433 2735; x_wconf 82' lang='lat' dir='ltr'>Prius,</span> <span class='ocrx_word' id='word_1_132' title='bbox 1477 2670 1647 2720; x_wconf 90' lang='lat' dir='ltr'>unde</span> <span class='ocrx_word' id='word_1_133' title='bbox 1695 2672 1981 2736; x_wconf 87' lang='lat' dir='ltr'>petitur,</span> <span class='ocrx_word' id='word_1_134' title='bbox 2031 2687 2257 2722; x_wconf 86' lang='lat' dir='ltr'>aurum</span> <span class='ocrx_word' id='word_1_135' title='bbox 2305 2687 2431 2736; x_wconf 89' lang='lat' dir='ltr'>qua</span> <span class='ocrx_word' id='word_1_136' title='bbox 2469 2688 2534 2722; x_wconf 90' lang='lat' dir='ltr'>re</span> <span class='ocrx_word' id='word_1_137' title='bbox 2585 2675 2678 2723; x_wconf 88' lang='lat' dir='ltr'>sit</span> <span class='ocrx_word' id='word_1_138' title='bbox 2716 2690 2925 2734; x_wconf 87' lang='lat' dir='ltr'>suum,</span> 
     </span>
     <span class='ocr_line' id='line_1_21' title="bbox 635 2737 2926 2803; baseline 0.002 -17"><span class='ocrx_word' id='word_1_139' title='bbox 635 2740 838 2801; x_wconf 86' lang='lat' dir='ltr'>Quam</span> <span class='ocrx_word' id='word_1_140' title='bbox 874 2737 993 2787; x_wconf 89' lang='lat' dir='ltr'>ille</span> <span class='ocrx_word' id='word_1_141' title='bbox 1032 2739 1140 2803; x_wconf 89' lang='lat' dir='ltr'>qui</span> <span class='ocrx_word' id='word_1_142' title='bbox 1178 2739 1377 2803; x_wconf 88' lang='lat' dir='ltr'>petit,</span> <span class='ocrx_word' id='word_1_143' title='bbox 1413 2738 1584 2788; x_wconf 85' lang='lat' dir='ltr'>unde</span> <span class='ocrx_word' id='word_1_144' title='bbox 1621 2739 1679 2786; x_wconf 89' lang='lat' dir='ltr'>is</span> <span class='ocrx_word' id='word_1_145' title='bbox 1717 2739 1808 2789; x_wconf 88' lang='lat' dir='ltr'>sit</span> <span class='ocrx_word' id='word_1_146' title='bbox 1847 2739 2251 2789; x_wconf 79' lang='lat' dir='ltr'>thensaurus</span> <span class='ocrx_word' id='word_1_147' title='bbox 2290 2741 2446 2801; x_wconf 82' lang='lat' dir='ltr'>sibi,</span> <span class='ocrx_word' id='word_1_148' title='bbox 2487 2742 2616 2790; x_wconf 84' lang='lat' dir='ltr'>Aut</span> <span class='ocrx_word' id='word_1_149' title='bbox 2649 2741 2822 2793; x_wconf 83' lang='lat' dir='ltr'>unde</span> <span class='ocrx_word' id='word_1_150' title='bbox 2860 2744 2926 2791; x_wconf 91' lang='lat' dir='ltr'>in</span> 
     </span>
     <span class='ocr_line' id='line_1_22' title="bbox 635 2806 2924 2873; baseline 0.003 -20"><span class='ocrx_word' id='word_1_151' title='bbox 635 2806 931 2869; x_wconf 84' lang='lat' dir='ltr'>patrium</span> <span class='ocrx_word' id='word_1_152' title='bbox 968 2811 1458 2856; x_wconf 88' lang='lat' dir='ltr'>monumentum</span> <span class='ocrx_word' id='word_1_153' title='bbox 1499 2807 1946 2870; x_wconf 88' lang='lat' dir='ltr'>peruenerit.’</span> <span class='ocrx_word' id='word_1_154' title='bbox 2016 2806 2267 2856; x_wconf 84' lang='lat' dir='ltr'>Donatus</span> <span class='ocrx_word' id='word_1_155' title='bbox 2314 2808 2370 2857; x_wconf 90' lang='lat' dir='ltr'>in</span> <span class='ocrx_word' id='word_1_156' title='bbox 2417 2808 2452 2857; x_wconf 91' lang='lat' dir='ltr'>l.</span> <span class='ocrx_word' id='word_1_157' title='bbox 2501 2807 2535 2856; x_wconf 88' lang='lat' dir='ltr'>l.</span> <span class='ocrx_word' id='word_1_158' title='bbox 2575 2812 2785 2873; x_wconf 77' lang='lat' dir='ltr'>‘arguit</span> <span class='ocrx_word' id='word_1_159' title='bbox 2821 2810 2924 2860; x_wconf 91' lang='lat' dir='ltr'>Te·</span> 
     </span>
     <span class='ocr_line' id='line_1_23' title="bbox 634 2872 2924 2940; baseline 0.003 -19"><span class='ocrx_word' id='word_1_160' title='bbox 634 2874 844 2923; x_wconf 86' lang='lat' dir='ltr'>rentius</span> <span class='ocrx_word' id='word_1_161' title='bbox 882 2872 1022 2937; x_wconf 88' lang='lat' dir='ltr'>quod</span> <span class='ocrx_word' id='word_1_162' title='bbox 1049 2873 1285 2923; x_wconf 87' lang='lat' dir='ltr'>Luscius</span> <span class='ocrx_word' id='word_1_163' title='bbox 1310 2878 1503 2923; x_wconf 87' lang='lat' dir='ltr'>contra</span> <span class='ocrx_word' id='word_1_164' title='bbox 1531 2874 1986 2924; x_wconf 88' lang='lat' dir='ltr'>consuetudinem</span> <span class='ocrx_word' id='word_1_165' title='bbox 2011 2874 2349 2940; x_wconf 81' lang='lat' dir='ltr'>litigantium</span> <span class='ocrx_word' id='word_1_166' title='bbox 2376 2874 2756 2926; x_wconf 81' lang='lat' dir='ltr'>defensionem</span> <span class='ocrx_word' id='word_1_167' title='bbox 2794 2883 2924 2927; x_wconf 85' lang='lat' dir='ltr'>ante</span> 
     </span>
     <span class='ocr_line' id='line_1_24' title="bbox 633 2940 2923 3006; baseline 0.002 -17"><span class='ocrx_word' id='word_1_168' title='bbox 633 2941 1044 2991; x_wconf 80' lang='lat' dir='ltr'>accusationem</span> <span class='ocrx_word' id='word_1_169' title='bbox 1102 2940 1393 2990; x_wconf 89' lang='lat' dir='ltr'>induxerit.</span> <span class='ocrx_word' id='word_1_170' title='bbox 1490 2942 1668 2991; x_wconf 87' lang='lat' dir='ltr'>Huius</span> <span class='ocrx_word' id='word_1_171' title='bbox 1723 2942 1869 2991; x_wconf 88' lang='lat' dir='ltr'>modi</span> <span class='ocrx_word' id='word_1_172' title='bbox 1925 2943 2068 2991; x_wconf 89' lang='lat' dir='ltr'>enim</span> <span class='ocrx_word' id='word_1_173' title='bbox 2123 2948 2209 2992; x_wconf 86' lang='lat' dir='ltr'>est</span> <span class='ocrx_word' id='word_1_174' title='bbox 2261 2943 2451 2993; x_wconf 87' lang='lat' dir='ltr'>Luscii</span> <span class='ocrx_word' id='word_1_175' title='bbox 2518 2948 2923 3006; x_wconf 82' lang='lat' dir='ltr'>argumentum:</span> 
     </span>
     <span class='ocr_line' id='line_1_25' title="bbox 634 3008 2925 3074; baseline 0.002 -17"><span class='ocrx_word' id='word_1_176' title='bbox 634 3008 1065 3067; x_wconf 81' lang='lat' dir='ltr'>adulescens,</span> <span class='ocrx_word' id='word_1_177' title='bbox 1107 3010 1375 3072; x_wconf 88' lang='lat' dir='ltr'>quirem</span> <span class='ocrx_word' id='word_1_178' title='bbox 1415 3008 1826 3059; x_wconf 81' lang='lat' dir='ltr'>familiarem</span> <span class='ocrx_word' id='word_1_179' title='bbox 1853 3009 1932 3058; x_wconf 89' lang='lat' dir='ltr'>ad</span> <span class='ocrx_word' id='word_1_180' title='bbox 1959 3011 2354 3074; x_wconf 86' lang='lat' dir='ltr'>nequitiam&#39;</span> <span class='ocrx_word' id='word_1_181' title='bbox 2394 3009 2717 3074; x_wconf 78' lang='lat' dir='ltr'>(‘nequitia’</span> <span class='ocrx_word' id='word_1_182' title='bbox 2756 3013 2925 3061; x_wconf 88' lang='lat' dir='ltr'>Bent-</span> 
     </span>
     <span class='ocr_line' id='line_1_26' title="bbox 631 3074 2924 3144; baseline 0.002 -20"><span class='ocrx_word' id='word_1_183' title='bbox 631 3074 794 3138; x_wconf 90' lang='lat' dir='ltr'>leius)</span> <span class='ocrx_word' id='word_1_184' title='bbox 831 3075 1289 3141; x_wconf 82' lang='lat' dir='ltr'>‘prodegerat,</span> <span class='ocrx_word' id='word_1_185' title='bbox 1333 3091 1593 3126; x_wconf 86' lang='lat' dir='ltr'>seruum</span> <span class='ocrx_word' id='word_1_186' title='bbox 1616 3078 1834 3126; x_wconf 89' lang='lat' dir='ltr'>mittit</span> <span class='ocrx_word' id='word_1_187' title='bbox 1862 3077 1937 3125; x_wconf 90' lang='lat' dir='ltr'>ad</span> <span class='ocrx_word' id='word_1_188' title='bbox 1974 3078 2193 3142; x_wconf 88' lang='lat' dir='ltr'>patris</span> <span class='ocrx_word' id='word_1_189' title='bbox 2218 3083 2724 3138; x_wconf 87' lang='lat' dir='ltr'>monumentum,</span> <span class='ocrx_word' id='word_1_190' title='bbox 2751 3079 2924 3144; x_wconf 88' lang='lat' dir='ltr'>quod</span> 
     </span>
     <span class='ocr_line' id='line_1_27' title="bbox 631 3144 2922 3211; baseline 0.001 -19"><span class='ocrx_word' id='word_1_191' title='bbox 631 3158 839 3194; x_wconf 86' lang='lat' dir='ltr'>senex</span> <span class='ocrx_word' id='word_1_192' title='bbox 877 3144 1010 3194; x_wconf 87' lang='lat' dir='ltr'>sibi</span> <span class='ocrx_word' id='word_1_193' title='bbox 1050 3144 1246 3193; x_wconf 87' lang='lat' dir='ltr'>uiuus</span> <span class='ocrx_word' id='word_1_194' title='bbox 1284 3145 1541 3207; x_wconf 87' lang='lat' dir='ltr'>magnis</span> <span class='ocrx_word' id='word_1_195' title='bbox 1580 3145 1825 3209; x_wconf 86' lang='lat' dir='ltr'>opibus</span> <span class='ocrx_word' id='word_1_196' title='bbox 1863 3151 2351 3209; x_wconf 87' lang='lat' dir='ltr'>apparauerat‚</span> <span class='ocrx_word' id='word_1_197' title='bbox 2389 3151 2461 3194; x_wconf 85' lang='lat' dir='ltr'>ut</span> <span class='ocrx_word' id='word_1_198' title='bbox 2498 3145 2560 3195; x_wconf 89' lang='lat' dir='ltr'>id</span> <span class='ocrx_word' id='word_1_199' title='bbox 2600 3147 2922 3211; x_wconf 88' lang='lat' dir='ltr'>aperiret,</span> 
     </span>
     <span class='ocr_line' id='line_1_28' title="bbox 631 3211 2926 3277; baseline 0.001 -17"><span class='ocrx_word' id='word_1_200' title='bbox 631 3211 976 3261; x_wconf 88' lang='lat' dir='ltr'>inlaturus</span> <span class='ocrx_word' id='word_1_201' title='bbox 1016 3211 1279 3276; x_wconf 82' lang='lat' dir='ltr'>epulas,</span> <span class='ocrx_word' id='word_1_202' title='bbox 1326 3227 1489 3276; x_wconf 85' lang='lat' dir='ltr'>quas</span> <span class='ocrx_word' id='word_1_203' title='bbox 1535 3217 1732 3277; x_wconf 88' lang='lat' dir='ltr'>pater</span> <span class='ocrx_word' id='word_1_204' title='bbox 1776 3219 1929 3276; x_wconf 86' lang='lat' dir='ltr'>post</span> <span class='ocrx_word' id='word_1_205' title='bbox 1981 3228 2216 3262; x_wconf 86' lang='lat' dir='ltr'>annum</span> <span class='ocrx_word' id='word_1_206' title='bbox 2265 3212 2590 3262; x_wconf 86' lang='lat' dir='ltr'>decimum</span> <span class='ocrx_word' id='word_1_207' title='bbox 2637 3220 2926 3264; x_wconf 87' lang='lat' dir='ltr'>cauerat</span> 
     </span>
     <span class='ocr_line' id='line_1_29' title="bbox 631 3278 2922 3345; baseline 0.001 -18"><span class='ocrx_word' id='word_1_208' title='bbox 631 3279 769 3329; x_wconf 87' lang='lat' dir='ltr'>sibi</span> <span class='ocrx_word' id='word_1_209' title='bbox 804 3279 1068 3330; x_wconf 86' lang='lat' dir='ltr'>inferri.</span> <span class='ocrx_word' id='word_1_210' title='bbox 1131 3278 1244 3329; x_wconf 88' lang='lat' dir='ltr'>sed</span> <span class='ocrx_word' id='word_1_211' title='bbox 1282 3295 1423 3328; x_wconf 92' lang='lat' dir='ltr'>eum</span> <span class='ocrx_word' id='word_1_212' title='bbox 1458 3294 1715 3342; x_wconf 85' lang='lat' dir='ltr'>agrum,</span> <span class='ocrx_word' id='word_1_213' title='bbox 1754 3280 1821 3329; x_wconf 90' lang='lat' dir='ltr'>in</span> <span class='ocrx_word' id='word_1_214' title='bbox 1848 3295 1971 3345; x_wconf 88' lang='lat' dir='ltr'>qno</span> <span class='ocrx_word' id='word_1_215' title='bbox 1997 3284 2488 3330; x_wconf 87' lang='lat' dir='ltr'>monumentum</span> <span class='ocrx_word' id='word_1_216' title='bbox 2516 3287 2681 3343; x_wconf 88' lang='lat' dir='ltr'>erat,</span> <span class='ocrx_word' id='word_1_217' title='bbox 2718 3297 2922 3331; x_wconf 83' lang='lat' dir='ltr'>senex</span> 
     </span>
     <span class='ocr_line' id='line_1_30' title="bbox 631 3345 2922 3412; baseline 0 -17"><span class='ocrx_word' id='word_1_218' title='bbox 631 3346 898 3409; x_wconf 88' lang='lat' dir='ltr'>quidam</span> <span class='ocrx_word' id='word_1_219' title='bbox 938 3362 1185 3397; x_wconf 87' lang='lat' dir='ltr'>auarus</span> <span class='ocrx_word' id='word_1_220' title='bbox 1224 3348 1301 3396; x_wconf 87' lang='lat' dir='ltr'>ab</span> <span class='ocrx_word' id='word_1_221' title='bbox 1352 3345 1802 3396; x_wconf 80' lang='lat' dir='ltr'>adulescente</span> <span class='ocrx_word' id='word_1_222' title='bbox 1842 3353 2113 3396; x_wconf 85' lang='lat' dir='ltr'>emerat.</span> <span class='ocrx_word' id='word_1_223' title='bbox 2198 3363 2433 3397; x_wconf 86' lang='lat' dir='ltr'>seruus</span> <span class='ocrx_word' id='word_1_224' title='bbox 2481 3348 2559 3397; x_wconf 86' lang='lat' dir='ltr'>ad</span> <span class='ocrx_word' id='word_1_225' title='bbox 2607 3350 2922 3412; x_wconf 82' lang='lat' dir='ltr'>aperien-</span> 
     </span>
     <span class='ocr_line' id='line_1_31' title="bbox 633 3414 2920 3479; baseline 0.001 -18"><span class='ocrx_word' id='word_1_226' title='bbox 633 3415 776 3463; x_wconf 89' lang='lat' dir='ltr'>dum</span> <span class='ocrx_word' id='word_1_227' title='bbox 812 3419 1296 3464; x_wconf 82' lang='lat' dir='ltr'>monumentum</span> <span class='ocrx_word' id='word_1_228' title='bbox 1322 3414 1583 3463; x_wconf 83' lang='lat' dir='ltr'>auxilio</span> <span class='ocrx_word' id='word_1_229' title='bbox 1608 3428 1767 3464; x_wconf 89' lang='lat' dir='ltr'>usus</span> <span class='ocrx_word' id='word_1_230' title='bbox 1793 3416 1979 3464; x_wconf 87' lang='lat' dir='ltr'>senis</span> <span class='ocrx_word' id='word_1_231' title='bbox 2018 3415 2404 3465; x_wconf 86' lang='lat' dir='ltr'>thesaurum</span> <span class='ocrx_word' id='word_1_232' title='bbox 2433 3431 2577 3465; x_wconf 86' lang='lat' dir='ltr'>cum</span> <span class='ocrx_word' id='word_1_233' title='bbox 2618 3415 2920 3479; x_wconf 86' lang='lat' dir='ltr'>epistola</span> 
     </span>
     <span class='ocr_line' id='line_1_32' title="bbox 632 3481 2921 3546; baseline 0 -17"><span class='ocrx_word' id='word_1_234' title='bbox 632 3482 878 3531; x_wconf 86' lang='lat' dir='ltr'>ibidem</span> <span class='ocrx_word' id='word_1_235' title='bbox 928 3482 1205 3546; x_wconf 84' lang='lat' dir='ltr'>reperit.</span> <span class='ocrx_word' id='word_1_236' title='bbox 1278 3497 1478 3532; x_wconf 85' lang='lat' dir='ltr'>senex</span> <span class='ocrx_word' id='word_1_237' title='bbox 1526 3481 1911 3531; x_wconf 86' lang='lat' dir='ltr'>thesaurum</span> <span class='ocrx_word' id='word_1_238' title='bbox 1958 3487 2291 3546; x_wconf 88' lang='lat' dir='ltr'>tamquam</span> <span class='ocrx_word' id='word_1_239' title='bbox 2336 3499 2368 3532; x_wconf 91' lang='lat' dir='ltr'>a</span> <span class='ocrx_word' id='word_1_240' title='bbox 2405 3498 2474 3534; x_wconf 93' lang='lat' dir='ltr'>se</span> <span class='ocrx_word' id='word_1_241' title='bbox 2523 3498 2641 3546; x_wconf 91' lang='lat' dir='ltr'>per</span> <span class='ocrx_word' id='word_1_242' title='bbox 2677 3482 2921 3532; x_wconf 86' lang='lat' dir='ltr'>tumul-</span> 
     </span>
     <span class='ocr_line' id='line_1_33' title="bbox 631 3547 2921 3601; baseline 0.002 -5"><span class='ocrx_word' id='word_1_243' title='bbox 631 3553 763 3598; x_wconf 86' lang='lat' dir='ltr'>tum</span> <span class='ocrx_word' id='word_1_244' title='bbox 812 3548 1125 3598; x_wconf 86' lang='lat' dir='ltr'>hostilem</span> <span class='ocrx_word' id='word_1_245' title='bbox 1174 3547 1327 3598; x_wconf 87' lang='lat' dir='ltr'>illic</span> <span class='ocrx_word' id='word_1_246' title='bbox 1372 3549 1714 3600; x_wconf 85' lang='lat' dir='ltr'>defossum</span> <span class='ocrx_word' id='word_1_247' title='bbox 1761 3549 2018 3599; x_wconf 89' lang='lat' dir='ltr'>retinet</span> <span class='ocrx_word' id='word_1_248' title='bbox 2065 3558 2130 3598; x_wconf 85' lang='lat' dir='ltr'>et</span> <span class='ocrx_word' id='word_1_249' title='bbox 2176 3549 2309 3599; x_wconf 88' lang='lat' dir='ltr'>sibi</span> <span class='ocrx_word' id='word_1_250' title='bbox 2354 3550 2680 3599; x_wconf 82' lang='lat' dir='ltr'>uindicat.</span> <span class='ocrx_word' id='word_1_251' title='bbox 2762 3549 2921 3601; x_wconf 85' lang='lat' dir='ltr'>adu-</span> 
     </span>
     <span class='ocr_line' id='line_1_34' title="bbox 630 3614 2918 3682; baseline 0.002 -19"><span class='ocrx_word' id='word_1_252' title='bbox 630 3614 906 3666; x_wconf 85' lang='lat' dir='ltr'>lescens</span> <span class='ocrx_word' id='word_1_253' title='bbox 946 3615 1235 3665; x_wconf 87' lang='lat' dir='ltr'>iudicem</span> <span class='ocrx_word' id='word_1_254' title='bbox 1280 3618 1495 3681; x_wconf 84' lang='lat' dir='ltr'>capit,</span> <span class='ocrx_word' id='word_1_255' title='bbox 1550 3617 1722 3681; x_wconf 84' lang='lat' dir='ltr'>apud</span> <span class='ocrx_word' id='word_1_256' title='bbox 1771 3631 1959 3680; x_wconf 90' lang='lat' dir='ltr'>quem</span> <span class='ocrx_word' id='word_1_257' title='bbox 2006 3618 2191 3680; x_wconf 89' lang='lat' dir='ltr'>prior</span> <span class='ocrx_word' id='word_1_258' title='bbox 2235 3632 2468 3681; x_wconf 85' lang='lat' dir='ltr'>senex,</span> <span class='ocrx_word' id='word_1_259' title='bbox 2525 3619 2634 3682; x_wconf 87' lang='lat' dir='ltr'>qui</span> <span class='ocrx_word' id='word_1_260' title='bbox 2690 3633 2918 3667; x_wconf 86' lang='lat' dir='ltr'>aurum</span> 
     </span>
     <span class='ocr_line' id='line_1_35' title="bbox 631 3681 2920 3749; baseline 0.001 -16"><span class='ocrx_word' id='word_1_261' title='bbox 631 3684 911 3743; x_wconf 90' lang='lat' dir='ltr'>retinet,</span> <span class='ocrx_word' id='word_1_262' title='bbox 952 3698 1219 3733; x_wconf 86' lang='lat' dir='ltr'>causam</span> <span class='ocrx_word' id='word_1_263' title='bbox 1257 3698 1439 3733; x_wconf 88' lang='lat' dir='ltr'>suam</span> <span class='ocrx_word' id='word_1_264' title='bbox 1478 3686 1580 3734; x_wconf 86' lang='lat' dir='ltr'>sic</span> <span class='ocrx_word' id='word_1_265' title='bbox 1618 3686 1789 3748; x_wconf 87' lang='lat' dir='ltr'>agit:</span> <span class='ocrx_word' id='word_1_266' title='bbox 1828 3681 2284 3735; x_wconf 66' lang='lat' dir='ltr'>Athenienses</span> <span class='ocrx_word' id='word_1_267' title='bbox 2315 3722 2328 3736; x_wconf 90' lang='lat'><strong>.</strong></span> <span class='ocrx_word' id='word_1_268' title='bbox 2357 3727 2368 3739; x_wconf 89' lang='lat'><strong>.</strong></span> <span class='ocrx_word' id='word_1_269' title='bbox 2397 3685 2824 3749; x_wconf 79' lang='lat' dir='ltr'>,praedicem</span> <span class='ocrx_word' id='word_1_270' title='bbox 2864 3692 2920 3735; x_wconf 90' lang='lat' dir='ltr'>et</span> 
     </span>
     <span class='ocr_line' id='line_1_36' title="bbox 629 3751 2920 3818; baseline 0.001 -19"><span class='ocrx_word' id='word_1_271' title='bbox 629 3756 835 3801; x_wconf 88' lang='lat' dir='ltr'>cetera.</span> <span class='ocrx_word' id='word_1_272' title='bbox 907 3751 1062 3811; x_wconf 82' lang='lat' dir='ltr'>Quae</span> <span class='ocrx_word' id='word_1_273' title='bbox 1099 3756 1288 3801; x_wconf 84' lang='lat' dir='ltr'>eontra</span> <span class='ocrx_word' id='word_1_274' title='bbox 1324 3755 1579 3800; x_wconf 83' lang='lat' dir='ltr'>naturam</span> <span class='ocrx_word' id='word_1_275' title='bbox 1606 3751 1851 3816; x_wconf 88' lang='lat' dir='ltr'>iurisque</span> <span class='ocrx_word' id='word_1_276' title='bbox 1886 3751 2340 3802; x_wconf 85' lang='lat' dir='ltr'>consuetudinem</span> <span class='ocrx_word' id='word_1_277' title='bbox 2378 3753 2561 3816; x_wconf 89' lang='lat' dir='ltr'>posita</span> <span class='ocrx_word' id='word_1_278' title='bbox 2594 3759 2920 3818; x_wconf 84' lang='lat' dir='ltr'>argumenta</span> 
     </span>
     <span class='ocr_line' id='line_1_37' title="bbox 628 3816 2918 3884; baseline 0.001 -17"><span class='ocrx_word' id='word_1_279' title='bbox 628 3816 859 3883; x_wconf 77' lang='lat' dir='ltr'>(‘arguit</span> <span class='ocrx_word' id='word_1_280' title='bbox 895 3821 974 3867; x_wconf 87' lang='lat' dir='ltr'>et&#39;</span> <span class='ocrx_word' id='word_1_281' title='bbox 1015 3816 1316 3881; x_wconf 88' lang='lat' dir='ltr'>Bentleius)</span> <span class='ocrx_word' id='word_1_282' title='bbox 1355 3822 1539 3868; x_wconf 82' lang='lat' dir='ltr'>‘notat</span> <span class='ocrx_word' id='word_1_283' title='bbox 1575 3819 1896 3880; x_wconf 83' lang='lat' dir='ltr'>Terentius,</span> <span class='ocrx_word' id='word_1_284' title='bbox 1944 3818 2084 3883; x_wconf 90' lang='lat' dir='ltr'>quod</span> <span class='ocrx_word' id='word_1_285' title='bbox 2131 3819 2227 3870; x_wconf 89' lang='lat' dir='ltr'>ille</span> <span class='ocrx_word' id='word_1_286' title='bbox 2276 3819 2407 3870; x_wconf 90' lang='lat' dir='ltr'>ordo</span> <span class='ocrx_word' id='word_1_287' title='bbox 2446 3821 2627 3884; x_wconf 89' lang='lat' dir='ltr'>potior</span> <span class='ocrx_word' id='word_1_288' title='bbox 2673 3825 2819 3882; x_wconf 88' lang='lat' dir='ltr'>erat,</span> <span class='ocrx_word' id='word_1_289' title='bbox 2857 3826 2918 3869; x_wconf 91' lang='lat' dir='ltr'>ut</span> 
     </span>
     <span class='ocr_line' id='line_1_38' title="bbox 630 3885 2917 3953; baseline 0.001 -19"><span class='ocrx_word' id='word_1_290' title='bbox 630 3885 958 3935; x_wconf 80' lang='lat' dir='ltr'>adulescens</span> <span class='ocrx_word' id='word_1_291' title='bbox 994 3887 1143 3950; x_wconf 86' lang='lat' dir='ltr'>prior</span> <span class='ocrx_word' id='word_1_292' title='bbox 1177 3890 1511 3949; x_wconf 86' lang='lat' dir='ltr'>proponeret</span> <span class='ocrx_word' id='word_1_293' title='bbox 1549 3901 1801 3948; x_wconf 87' lang='lat' dir='ltr'>causam,</span> <span class='ocrx_word' id='word_1_294' title='bbox 1842 3887 1933 3950; x_wconf 89' lang='lat' dir='ltr'>qui</span> <span class='ocrx_word' id='word_1_295' title='bbox 1969 3887 2171 3951; x_wconf 87' lang='lat' dir='ltr'>petitor</span> <span class='ocrx_word' id='word_1_296' title='bbox 2205 3886 2524 3936; x_wconf 85' lang='lat' dir='ltr'>inducitur.’</span> <span class='ocrx_word' id='word_1_297' title='bbox 2564 3886 2648 3938; x_wconf 85' lang='lat' dir='ltr'>Cf.</span> <span class='ocrx_word' id='word_1_298' title='bbox 2689 3887 2917 3953; x_wconf 84' lang='grc' dir='ltr'><strong><em>Θησαυ-</em></strong></span> 
     </span>
     <span class='ocr_line' id='line_1_39' title="bbox 626 3947 2916 4019; baseline 0.001 -16"><span class='ocrx_word' id='word_1_299' title='bbox 626 3947 727 4016; x_wconf 75' lang='grc' dir='ltr'>ρός</span> <span class='ocrx_word' id='word_1_300' title='bbox 768 3953 1177 4003; x_wconf 85' lang='lat' dir='ltr'>Anaxandridis</span> <span class='ocrx_word' id='word_1_301' title='bbox 1222 3950 1515 4002; x_wconf 88' lang='lat' dir='ltr'>Archedici</span> <span class='ocrx_word' id='word_1_302' title='bbox 1562 3953 1804 4004; x_wconf 86' lang='lat' dir='ltr'>Cratetis</span> <span class='ocrx_word' id='word_1_303' title='bbox 1857 3954 2118 4019; x_wconf 80' lang='lat' dir='ltr'>Dioxippi</span> <span class='ocrx_word' id='word_1_304' title='bbox 2165 3953 2376 4019; x_wconf 90' lang='lat' dir='ltr'>Diphili</span> <span class='ocrx_word' id='word_1_305' title='bbox 2415 3954 2737 4005; x_wconf 83' lang='lat' dir='ltr'>Menandri:</span> <span class='ocrx_word' id='word_1_306' title='bbox 2791 3971 2916 4005; x_wconf 89' lang='lat' dir='ltr'>nam</span> 
     </span>
     <span class='ocr_line' id='line_1_40' title="bbox 627 4019 2917 4073; baseline 0 -3"><span class='ocrx_word' id='word_1_307' title='bbox 627 4020 963 4070; x_wconf 87' lang='lat' dir='ltr'>Philemonis</span> <span class='ocrx_word' id='word_1_308' title='bbox 1008 4019 1253 4070; x_wconf 82' lang='lat' dir='ltr'>fabulam</span> <span class='ocrx_word' id='word_1_309' title='bbox 1298 4020 1534 4069; x_wconf 90' lang='lat' dir='ltr'>Plautus</span> <span class='ocrx_word' id='word_1_310' title='bbox 1583 4022 1756 4070; x_wconf 86' lang='lat' dir='ltr'>uertit</span> <span class='ocrx_word' id='word_1_311' title='bbox 1800 4021 1857 4070; x_wconf 88' lang='lat' dir='ltr'>in</span> <span class='ocrx_word' id='word_1_312' title='bbox 1894 4021 2222 4071; x_wconf 79' lang='lat' dir='ltr'>TrinummO.</span> <span class='ocrx_word' id='word_1_313' title='bbox 2319 4021 2680 4072; x_wconf 82' lang='lat' dir='ltr'>Menandrum</span> <span class='ocrx_word' id='word_1_314' title='bbox 2728 4022 2917 4073; x_wconf 89' lang='lat' dir='ltr'>Luscii</span> 
     </span>
     <span class='ocr_line' id='line_1_41' title="bbox 627 4086 2543 4153; baseline 0.002 -16"><span class='ocrx_word' id='word_1_315' title='bbox 627 4093 905 4138; x_wconf 88' lang='lat' dir='ltr'>auctorem</span> <span class='ocrx_word' id='word_1_316' title='bbox 946 4087 1119 4137; x_wconf 82' lang='lat' dir='ltr'>fuisse</span> <span class='ocrx_word' id='word_1_317' title='bbox 1154 4086 1461 4153; x_wconf 87' lang='lat' dir='ltr'>probabilis</span> <span class='ocrx_word' id='word_1_318' title='bbox 1500 4094 1583 4138; x_wconf 88' lang='lat' dir='ltr'>est</span> <span class='ocrx_word' id='word_1_319' title='bbox 1618 4089 1857 4138; x_wconf 86' lang='lat' dir='ltr'>uirorum</span> <span class='ocrx_word' id='word_1_320' title='bbox 1895 4088 2172 4139; x_wconf 87' lang='lat' dir='ltr'>doctorum</span> <span class='ocrx_word' id='word_1_321' title='bbox 2208 4089 2543 4141; x_wconf 83' lang='lat' dir='ltr'>coniectura.</span> 
     </span>
    </p>
   </div>
  </div>
 </body>
</html>
