3400 5075
1237 236 1767 298 COROLLARIVM
2418 224 2648 280 LXXIII

355 423 644 502 videtur,
703 417 783 481 ad
838 414 1019 479 euius
1076 404 1568 474 similitudinem
1617 397 1938 483 plaustrix
1990 392 2294 458 adse-strix
2344 388 2657 471 swnstm’x

358 529 606 618 (Probo
652 528 823 589 teste
870 545 930 604 p.
976 518 1127 599 212,
1180 515 1259 578 16
1302 510 1413 599 Κ.)
1458 509 1709 574 formae
1769 504 1982 569 factae
2031 502 2199 563 sunt.
2292 496 2403 559 sed
2451 494 2655 557 faten-

358 639 515 702 dum
563 636 664 697 est
715 631 887 695 inter
933 623 1155 691 omm'a
1207 619 1326 683 illa
1371 615 1669 699 exempla
1721 610 1974 676 nullum
2022 609 2266 687 extare,
2321 601 2502 667 cuius
2551 599 2657 663 ad-

362 744 616 809 finitate
672 736 836 803 satis
893 754 960 796 se
1014 730 1276 794 tueatur
1332 730 1355 789 t
1404 723 1628 787 littera
1683 720 1752 783 in
1807 717 2049 783 wrsrix
2101 713 2381 777 formam
2436 706 2660 786 inlata,

366 855 441 915 ut
494 869 662 934 quae
718 868 757 909 a
810 839 990 907 verbi
1046 836 1251 918 stirpe
1299 851 1561 915 prorsus
1619 827 1834 891 aliena
1890 823 1992 888 sit.
2087 842 2162 884 ac
2216 839 2297 881 ne
2351 813 2662 895 expultrix

369 955 658 1041 quidem,
704 950 873 1035 quod
919 949 987 1011 in
1034 941 1348 1026 eoepulsrelx
1401 938 1650 999 formae
1698 932 1908 996 vicem
1953 924 2225 993 novavit
2270 920 2524 1000 Cicero,
2581 917 2659 980 ad

373 1060 687 1127 amussim
735 1055 1026 1141 quadrat.

553 1166 686 1232 210
747 1165 917 1228 visus
977 1164 1065 1223 est
1123 1155 1391 1219 nimium
1448 1147 1603 1212 mihi
1669 1146 1736 1211 111
1801 1143 1979 1207 exitu
2044 1161 2267 1204 versus
2328 1131 2668 1198 Eduardus

376 1276 626 1342 Becker
673 1276 739 1335 et
783 1269 860 1333 A.
906 1264 1122 1331 Luchs
1172 1260 1337 1325 stud.
1382 1256 1414 1321 I
1462 1256 1565 1319 68.
2699 1314 2718 1331 .

558 1379 691 1444 220
745 1375 845 1440 Νο
892 1375 961 1437 111
1004 1371 1237 1437 saniter
1294 1362 1599 1429 adverbio
1655 1359 1953 1438 haereas,
1999 1353 2112 1418 ubi
2169 1370 2445 1434 magnus
2494 1365 2677 1409 amor

382 1488 814 1567 desideratur,
868 1473 1405 1546 considerandum
1452 1472 1551 1533 est
1596 1465 1774 1549 loqui
1822 1461 2133 1546 puellam,
2193 1457 2296 1521 0111
2344 1455 2445 1519 vel
2505 1453 2674 1515 insa-

384 1595 694 1661 nissimus
752 1582 1181 1653 adulescentis
1230 1600 1412 1644 amor
1458 1597 1606 1639 vere
1664 1593 1859 1636 sanus
1905 1568 2228 1647 videatur,
2284 1580 2677 1646 quamquam

386 1702 656 1768 suaviter
698 1692 1035 1775 Palmerii‚
1088 1687 1217 1753 nisi
1261 1686 1504 1750 lemma
1551 1680 1869 1759 obstaret,
1925 1669 2349 1739 confidentius
2400 1664 2677 1747 amplec-

389 1814 578 1873 terer.
668 1803 1042 1884 Numquam
1100 1798 1315 1859 autem
1371 1790 1715 1875 quisquam
1770 1786 1908 1849 tam
1961 1778 2239 1864 frigidus
2285 1773 2429 1854 fuit,
2475 1774 2549 1834 ut
2604 1768 2683 1832 ad

392 1913 635 1980 amoris
700 1909 834 1972 vim
890 1900 1376 1989 exprimendam
1431 1897 1721 1960 adamate
1778 1886 2085 1953 adverbio
2140 1884 2457 1962 uteretur,
2512 1875 2684 1959 quod

388 2020 604 2087 labori
669 2014 872 2081 cuivis
882 2064 899 2095 ,
962 2032 1095 2075 non
1149 2005 1352 2071 animi
1418 2001 1715 2067 sensibus
1770 1991 2208 2060 describendis
2277 1989 2502 2070 aptum
2569 1985 2684 2045 est.

392 2131 623 2194 contra
654 2125 948 2205 ineptum
982 2115 1247 2180 minime
1281 2114 1453 2177 esset
1488 2107 1656 2193 quod
1692 2103 1846 2169 libri
1879 2101 2125 2165 habent
2160 2098 2437 2169 adorate,
2472 2088 2685 2154 simile

397 2235 639 2319 quippe
686 2229 976 2293 futurum
1025 2223 1157 2288 illis
1203 2221 1510 2293 meditate,
1558 2214 1886 2288 moderate,
1935 2206 2111 2287 aliis,
2158 2204 2214 2267 si
2262 2199 2453 2265 modo
2502 2195 2685 2259 ‘ado-

400 2338 566 2404 rari'
615 2337 940 2419 deponens
990 2327 1339 2412 aliquando
1384 2324 1587 2388 fuisse
1634 2315 1899 2403 probari
1947 2313 2186 2395 posset.

584 2444 712 2507 212
761 2461 851 2523 sq.
899 2436 979 2502 cf.
1026 2435 1143 2500 Ed.
1188 2432 1437 2497 Becker
1484 2428 1648 2493 stud.
1695 2424 1725 2487 Ι
1782 2421 1922 2485 134.

583 2551 711 2615 228
786 2541 1171 2628 Comparari
1244 2540 1519 2623 possunt
1579 2528 1903 2598 Ballionis
1976 2525 2045 2590 in
2107 2520 2424 2587 Pseudulo
2495 2517 2694 2582 verba

404 2684 462 2724 V.
515 2657 639 2723 163
690 2655 907 2734 ε111100,
962 2671 1157 2733 quam
1206 2668 1327 2730 ego
1378 2668 1417 2707 a
1461 2645 1605 2707 foro
1652 2639 1976 2716 revortar,
2029 2630 2228 2694 facite
2273 2632 2347 2691 ut
2388 2625 2694 2704 offendam

404 2768 635 2852 parata
702 2761 913 2825 Vorsa
979 2776 1208 2840 sparsa
1273 2756 1448 2816 tersa
1513 2749 1723 2811 strata
1795 2742 1977 2805 lauta
2041 2739 2412 2818 structaque
2478 2729 2698 2795 omnia

408 2877 481 2938 ut
527 2868 698 2935 sint'.

587 2974 714 3039 229
773 2971 1018 3035 tertium
1065 2964 1232 3029 tueri
1280 2962 1535 3027 videtur
1581 2956 1750 3041 quod
1799 2952 2177 3037 oppositum
2226 2951 2325 3013 est
2367 2965 2590 3022 unum,
2637 2946 2703 3006 et

409 3083 636 3148 licebit
681 3074 1121 3162 septenarium
1171 3070 1263 3133 810
1311 3067 1594 3150 explere:
2554 3045 2558 3050 ’

733 3185 979 3249 te'rtium
1023 3178 1185 3244 die'm
1218 3172 1641 3258 praeclamum
1684 3168 1883 3232 »niveum
1931 3165 2177 3246 [solum]
2227 3162 2434 3224 texere.

414 3297 494 3362 cf.
541 3294 681 3358 Ter.
712 3292 808 3356 ad.
839 3289 968 3354 833
1018 3285 1237 3350 ‘solum
1283 3300 1479 3344 unum
1526 3276 1652 3340 hoc
1700 3273 1935 3337 vitium
1979 3271 2111 3333 fert
2156 3268 2449 3329 senectus
2498 3260 2706 3324 homi-

415 3398 652 3466 nibus'.
741 3396 1002 3460 Phorm.
1052 3391 1198 3456 754.

598 3503 728 3568 234
790 3501 992 3564 Plane
1048 3499 1366 3561 incertum
1420 3513 1575 3555 num
1634 3483 1873 3551 senarii
1930 3503 2011 3545 an
2069 3474 2389 3543 octonarii
2445 3471 2710 3536 iambici

419 3637 503 3678 an
548 3607 867 3675 trochaici
924 3601 1275 3687 septenarii
1332 3598 1575 3662 exitum
1625 3617 1707 3658 an
1754 3588 2057 3671 denique,
2115 3584 2171 3647 si
2205 3581 2508 3664 periclum
2557 3577 2709 3641 scri-

419 3722 559 3800 baS,
605 3715 784 3800 prius
830 3711 1118 3777 eiusdem
1163 3703 1652 3770 hemistichium
1698 3704 2054 3762 teneamus,

601 3823 729 3887 236
807 3817 1055 3884 Ceteris
1122 3809 1503 3879 commentis
1560 3804 1863 3872 omnibus
1928 3799 2149 3864 nescio
2212 3818 2295 3860 an
2352 3793 2713 3877 praeferen-

425 3932 577 3995 dum
627 3929 745 3992 sit:

765 4033 929 4097 tene'
933 4037 1006 4095 tu
1017 4051 1066 4092 r.
1130 4047 1304 4091 nemo
1350 4025 1421 4086 in
1465 4021 1662 4084 medio
1708 4022 1809 4081 est.
1876 4010 2206 4094 maqnifice‘
2242 4008 2373 4071 volo

764 4137 1070 4221 sluctdtim
1115 4137 1205 4197 ire
1248 4132 1334 4196 ad
1376 4130 1556 4193 illum
1603 4149 1656 4190 e.
1702 4147 1761 4208 q.
1810 4145 1859 4186 8.

429 4252 588 4313 nota
642 4248 718 4312 de
775 4267 879 4328 e0,
932 4243 1044 4328 qui
1099 4242 1234 4305 iam
1282 4236 1589 4321 aufugere
1644 4253 1778 4296 non
1837 4226 2074 4312 possit,
2128 4220 2381 4286 dicendi
2440 4215 2723 4282 formula
