3400 5075
612 307 742 372 452

615 467 902 530 Priapus
938 462 1122 516 Anon.
1153 465 1303 518 mim.
1338 465 1435 518 rel.
1470 468 1626 518 XIX:
1664 465 1736 530 cf.

684 530 889 595 Afrum.
927 537 1028 584 405

615 601 723 650 iam
758 601 1010 666 pridem
1050 598 1221 655 Titin.
1264 604 1325 652 17
1359 600 1554 667 Pomp.
1592 607 1656 654 53

614 669 823 733 prime
862 666 1043 720 Naeu.
1084 673 1109 718 1

614 737 932 801 primiter
966 734 1162 801 Pomp.
1200 741 1265 791 70

614 806 819 868 primo
858 801 1034 858 Titia.
1071 807 1104 854 4
1138 802 1334 869 Pomp.
1377 807 1473 854 106
1517 801 1668 859 Nou.
1706 809 1738 856 3

612 873 927 937 primoris
981 873 1131 922 uiros
1179 869 1348 936 Twrp.
1391 875 1485 923 164
1532 874 1739 938 digitu-

680 939 748 990 lis
793 940 1122 1005 primoribus
1170 936 1341 1004 Tum.
1378 943 1440 991 31
1491 942 1546 991 in
1593 941 1738 1009 nari·-

678 1008 779 1057 bus
816 1008 1141 1072 primoribus
1177 1004 1383 1070 Afran.
1420 1011 1520 1059 385

613 1074 964 1140 primulum
1000 1071 1184 1125 Naeu.
1228 1076 1322 1126 137

614 1143 890 1206 primum
926 1138 1108 1194 Naeu.
1133 1146 1198 1193 92
1233 1139 1426 1206 Aquil.
1465 1146 1527 1193 10
1564 1139 1739 1193 Titia.

678 1212 741 1260 57
778 1208 984 1271 Afran.
1012 1213 1077 1261 32
1112 1226 1278 1275 quam
1312 1210 1537 1275 primum
1566 1207 1737 1275 Tum.

610 1345 861 1408 primus
898 1343 1086 1408 Aquil.
1130 1348 1153 1394 1
1193 1348 1223 1394 2
1270 1345 1288 1392 i
1336 1347 1541 1409 primus
1585 1342 1736 1398 Nou.

679 1414 744 1462 92
784 1415 1013 1477 primum
1051 1409 1197 1471 Nou.
1225 1414 1257 1462 8
1297 1414 1526 1477 primam
1556 1410 1741 1466 Naeu.

680 1479 784 1529 19¹·
812 1482 1044 1546 primum
1067 1480 1209 1530 Atta
1239 1482 1299 1530 18
1325 1482 1391 1531 20
1418 1497 1540 1531 cum
1564 1484 1738 1548 primo

675 1546 786 1596 luci
830 1544 970 1598 Atta
1013 1551 1046 1598 8
1095 1550 1152 1598 in
1211 1549 1386 1613 prima
1443 1550 1608 1600 ualua
1655 1556 1741 1601 est

674 1612 870 1679 Pomp.
908 1620 968 1666 91
1012 1618 1172 1681 primi
1212 1632 1334 1665 esse
1372 1612 1571 1669 Laber.
1610 1621 1706 1670 127

608 1692 1049 1756 principes..
1078 1695 1206 1745 boni
1243 1691 1428 1742 Aaou.
1465 1693 1615 1745 mim.
1655 1698 1683 1745 7

608 1756 954 1824 principio
1014 1761 1118 1811 hoc
1166 1777 1260 1812 oro
1307 1756 1512 1820 Afrum.
1561 1765 1627 1812 84
1683 1764 1739 1811 in

676 1828 948 1892 principio
984 1826 1191 1891 Afran.
1230 1829 1331 1880 360

608 1903 787 1966 prior
821 1905 902 1952 ire
939 1901 1089 1954 Pall.
1127 1902 1238 1956 inc.
1274 1904 1383 1962 ine.
1421 1910 1486 1959 70

607 1970 968 2034 priuignae
1009 1967 1180 2022 Titin.
1221 1977 1318 2042 155

607 2038 990 2102 priuignum
1031 2037 1227 2092 Laber.
1269 2046 1330 2091 11

606 2104 822 2169 paelice
860 2143 872 2155 .
913 2145 923 2155 .
963 2110 1296 2171 priuarem
1346 2111 1521 2160 uirum
1564 2108 1721 2160 Uace.

677 2174 774 2223 156
811 2190 893 2222 me
925 2213 936 2226 .
966 2218 978 2229 .
1009 2177 1252 2240 priuares
1282 2179 1364 2228 tui
1388 2171 1596 2241 Afran.
1630 2180 1723 2227 152

673 2255 764 2290 res
800 2277 812 2290 .
843 2281 854 2291 .
896 2243 1036 2293 huuc
1074 2245 1278 2306 priuari
1318 2243 1464 2296 Nou.
1490 2248 1557 2295 69
1590 2261 1724 2296 auro

673 2308 925 2372 priuatae
966 2306 1141 2362 Titia.
1180 2316 1211 2362 2
1261 2329 1325 2363 eo
1363 2315 1637 2379 priuatum
1681 2317 1726 2362 it

681 2371 835 2429 Gaec.
879 2379 977 2427 148

611 2466 644 2514 p
661 2467 686 2499 r
704 2453 796 2501 ius
826 2448 982 2504 Gaec.
999 2458 1030 2505 8
1056 2456 1124 2504 84
1162 2456 1326 2519 paulo
1347 2457 1496 2521 prius
1518 2453 1726 2519 Afran.

673 2521 737 2569 75
806 2521 1052 2585 pauxillo
1122 2524 1274 2586 prius
1343 2519 1549 2587 Afran.
1626 2526 1729 2575 296

673 2589 823 2651 prius
869 2590 923 2638 iu
970 2606 1035 2639 ca
1076 2591 1164 2641 ulo
1201 2608 1363 2656 quam
1406 2595 1460 2641 in
1496 2631 1507 2641 .
1536 2630 1548 2641 .
1587 2593 1729 2644 sella

675 2656 978 2773 szustpenges
1092 2670 1179 2708 ou.
1238 2661 1303 2710 76
1357 2661 1509 2724 prius
1564 2675 1729 2723 quam

606 2736 921 2860 prozdtezum
963 2839 974 2849 .
1015 2839 1026 2851 .
1062 2836 1075 2851 .
1111 2801 1325 2866 inploro
1369 2800 1528 2851 fidem
1568 2798 1725 2854 Gaec.

672 2865 768 2914 211
817 2882 915 2931 pro
963 2868 1017 2916 di
1063 2868 1385 2920 inmortales
1437 2866 1590 2927 Uace,
1628 2874 1730 2922 279

607 2954 724 3003 pro
771 2944 972 3007 populo
1018 2941 1156 2993 Atta
1191 2948 1253 2994 21
1303 2946 1409 3010 qna
1458 2962 1552 3009 pro
1606 2963 1730 2997 con-

675 3006 902 3060 fidentia
939 3027 1106 3062 ausus
1133 3050 1144 3061 .
1174 3050 1187 3062 .
1225 3014 1419 3063 fuerim
1457 3010 1638 3068 Naeu.
1664 3017 1731 3066 88

671 3091 766 3140 pro
825 3079 1075 3128 manibus
1135 3079 1314 3131 habeo
1372 3078 1580 3143 Afran.
1630 3085 1725 3132 281

671 3159 768 3207 pro
814 3147 930 3196 nilo
975 3146 1232 3197 habuerit
1272 3145 1427 3199 Caee.
1465 3152 1565 3201 249
1614 3151 1724 3201 ibn’

672 3228 768 3277 pro
807 3220 864 3262 ut
903 3229 1005 3279 ego
1043 3215 1283 3266 moribus
1321 3213 1499 3268 Titin.
1542 3220 1606 3268 59

602 3288 888 3339 uoluntate
924 3291 1091 3341 unica
1127 3292 1480 3358 probabili
1516 3291 1723 3357 Afran.

602 3441 637 3489 p
653 3358 814 3475 rbssge
850 3422 1046 3489 Pomp.
1084 3429 1150 3478 63

602 3493 922 3556 probitas
957 3491 1169 3544 Public,
1212 3496 1273 3543 16

602 3574 741 3622 quae
787 3603 797 3615 ,
835 3598 847 3609 .
892 3562 1025 3610 meis
1086 3563 1375 3625 probaui
1435 3561 1725 3629 plausibus

668 3622 849 3682 Naeu,
896 3630 955 3677 71

605 3702 792 3752 fabula
818 3740 830 3752 .
859 3746 870 3757 .
910 3705 1127 3769 proba
1161 3701 1343 3755 Naeu.
1385 3708 1408 3755 1
1456 3709 1628 3772 proba
1667 3714 1724 3759 et

666 3769 868 3837 pudica
896 3808 909 3822 .
937 3808 949 3821 .
975 3787 1094 3822 sum
1131 3769 1336 3834 Afran.
1380 3776 1473 3823 116

599 3846 743 3911 parit
779 3846 909 3897 huic
961 3863 1213 3913 puerum,
1261 3848 1371 3898 sibi
1411 3849 1720 3912 probrum

667 3910 822 3964 Gaec.
844 3916 909 3964 26
938 3914 1224 3966 honestam
1246 3916 1562 3981 grauidauit
1597 3934 1717 3983 pro·

662 3983 760 4033 bro
811 3978 964 4034 Uace.
1010 3986 1110 4034 223
1171 3983 1372 4034 colatis
1411 4023 1423 4035 .

663 4046 846 4100 Nam.
883 4054 950 4101 93

597 4132 849 4183 procax
886 4114 1083 4170 Laber.
1119 4121 1188 4170 80

595 4185 820 4236 remulis
843 4187 1048 4239 sensim
1074 4187 1232 4237 celox
1258 4186 1329 4237 ab
1354 4188 1555 4251 oppido
1580 4204 1613 4253 p
1633 4203 1721 4238 ro·

662 4259 973 4305 cesserat
1010 4249 1181 4318 Turp,
1220 4257 1285 4306 97
1324 4270 1582 4319 processe
1623 4271 1722 4307 uo·

662 4322 750 4372 bis
777 4363 789 4375 .
819 4360 830 4370 .
857 4328 1219 4372 mercaturam
1259 4318 1429 4387 Turp.
1471 4321 1607 4374 137*

1466 4024 1477 4036 .
1520 3986 1720 4049 probra

1453 315 1676 391 Priapus
1711 347 1786 357 -
1836 317 2077 390 propitio

1792 466 2053 517 bracchia
2081 508 2092 519 .
2124 505 2137 519 .
2165 482 2461 531 procera
2502 464 2676 533 Tum.
2713 471 2783 520 46

1792 536 1849 584 in
1887 534 2180 599 procliui
2214 529 2399 585 Naeu.
2435 535 2507 585 24·

1793 602 2033 667 procul
2073 598 2122 650 Τ
2120 599 2248 655 itin.
2289 605 2385 652 124
2429 599 2635 664 Afran.
2672 606 2772 654 200
2809 605 2911 654 265

1861 670 2057 719 abesse
2082 670 2152 718 ab
2189 669 2380 720 lustris
2405 706 2418 720 .
2450 708 2462 722 .
2492 668 2905 736 proculAfran.

1860 739 1960 787 242
1985 739 2100 786 sint
2122 738 2314 803 procul
2342 774 2355 786 .
2384 774 2395 787 .
2423 738 2570 788 mala
2586 736 2912 800 Afran.401

1799 804 2161 854 Proculeia
2200 800 2374 855 Titin.
2414 809 2477 856 74

1796 888 1883 923 res
1920 873 2026 922 sibi
2064 887 2192 922 snas
2230 878 2549 937 procuret
2586 868 2761 924 Titin.
2800 876 2865 925 52

1794 939 2100 1005 prodigit
2144 937 2340 1004 Pomp.
2392 943 2488 990 162
2530 947 2828 1006 anteparta
2855 979 2867 991 .
2898 979 2910 991 .

1863 1007 2159 1072 prodigunt
2174 1004 2359 1058 Naeu.
2373 1011 2441 1058 84
2462 1009 2745 1074 prodigere
2759 1004 2915 1059 Uace.

1796 1140 2173 1208 particulones
2212 1142 2571 1208 producam
2596 1139 2791 1218 Pomp.
2816 1146 2912 1193 140

1796 1211 2071 1261 animatur
2106 1211 2189 1259 ira
2226 1211 2282 1259 in
2319 1211 2649 1274 proelium
2676 1206 2851 1260 thin.
2880 1213 2912 1260 9

1794 1279 2165 1344 profanaui
2202 1274 2349 1330 Nou.
2389 1280 2452 1327 14

1797 1346 2110 1412 profecto
2161 1340 2314 1394 Caec.
2359 1345 2541 1409 276(?)
2589 1341 2761 1410 Turp.
2817 1349 2913 1395 142

1862 1409 2068 1475 Afran.
2107 1415 2205 1462 170

1794 1497 1984 1532 aurum
2011 1482 2065 1529 in
2087 1480 2323 1530 medium
2353 1477 2910 1545 proferamAsran.

1865 1550 1961 1599 168
1997 1547 2199 1598 holitor
2235 1563 2428 1613 cepam
2466 1548 2699 1614 protulit
2732 1545 2912 1598 Nam.

1865 1619 1928 1666 19
1984 1616 2167 1680 profer
2220 1630 2514 1681 purpuram
2558 1613 2765 1678 Afran.
2814 1618 2912 1665 279

1862 1684 2104 1801 ῙέὈὶει-ῐο
2144 1677 2301 1734 Gaec.
2338 1681 2477 1734 276*
2519 1683 2733 1749 prolato
2771 1683 2911 1749 pede

1913 1763 2024 1804 aec.
2062 1753 2161 1800 256

1781 1821 2093 1883 profesto
2134 1834 2200 1868 ac
2242 1819 2392 1869 festo
2427 1815 2635 1881 Afran.
2662 1820 2763 1868 262
2791 1835 2910 1884 pro-

1849 1887 1982 1935 festi
2022 1880 2178 1939 Gaec.
2215 1884 2322 1936 inc.
2364 1885 2473 1935 XLx

1780 1954 2277 2019 proficisceret
2323 1949 2493 2018 Ταῦ-Ρ.
2539 1956 2601 2004 81
2653 1952 2900 2019 proficis-

1847 2037 1941 2072 cor
1961 2017 2153 2083 Afrcm
2194 2023 2290 2071 140
2325 2022 2692 2086 proficiscitur
2710 2018 2907 2084 Pomp.

1848 2093 1943 2139 113
1982 2089 2109 2138 hinc
2156 2087 2251 2139 illo
2290 2089 2569 2153 profectus
2602 2086 2799 2206 1³⁰„ss
2837 2091 2904 2139 90

1850 2157 1918 2206 ad
1964 2157 2196 2207 Veneris
2250 2162 2336 2206 est
2383 2158 2662 2221 profectus
2768 2167 2893 2219 omp

1784 2290 2091 2357 profluia
2128 2291 2231 2340 fide
2275 2288 2426 2341 Gaec.
2464 2294 2530 2342 30

1782 2361 1871 2410 cui
1901 2398 1911 2409 .
1939 2402 1950 2414 ,
1979 2359 2171 2408 oculus
2200 2397 2211 2409 .
2241 2398 2253 2411 .
2291 2358 2580 2424 profluit
2613 2355 2797 2409 Naeu.
2838 2362 2898 2410 18

1785 2442 1954 2476 nuces
2000 2427 2057 2475 in
2096 2427 2378 2491 procliui.
2408 2467 2420 2479 .
2456 2426 2906 2491 profundier⁸

1854 2491 2034 2545 Naeu.
2073 2496 2140 2544 24

1786 2562 2198 2628 progredior
2236 2562 2381 2613 foras
2408 2563 2588 2612 uisere
2615 2558 2789 2628 Turp.
2817 2565 2911 2613 154

1853 2629 2184 2695 progredere
2220 2626 2430 2679 Publil.
2468 2632 2499 2679 2
2575 2645 2642 2679 uo
2682 2670 2694 2682 .
2723 2669 2736 2681 .
2774 2647 2806 2679 a
2843 2671 2853 2680 .
2886 2674 2899 2684 .

1850 2698 2057 2761 pudore
2088 2732 2098 2744 .
2128 2734 2141 2747 .
2170 2697 2425 2762 progredi
2589 2712 2661 2747 er.
2700 2702 2766 2749 35

1785 2769 2000 2829 partum
2029 2782 2061 2830 p
2076 2782 2144 2816 ro
2160 2767 2219 2814 ic
2233 2781 2262 2814 e
2276 2781 2339 2815 re
2355 2772 2377 2814 t
2400 2771 2563 2831 pater
2579 2763 2785 2828 Afrum.
2804 2769 2902 2816 347

1854 2834 2029 2897 proici
2068 2829 2268 2883 Laber.
2305 2835 2372 2883 83

1789 2902 1984 2965 proin
2020 2897 2231 2963 Afran.
2271 2902 2367 2950 186

1789 2968 2200 3033 proloquere
2247 2965 2453 3044 Afran.
2490 2972 2600 3045 ,213
2644 2974 2816 3019 artem
2847 3006 2861 3020 .
2890 3005 2902 3018 .

1785 3120 1819 3169 p
1833 3033 2440 3154 rzrpllzqitmeaghggie.
2464 3050 2584 3155 33&
2601 3039 2906 3169 nglubium

1854 3173 2222 3222 meretricium
2271 3168 2468 3221 Labor.
2513 3174 2577 3221 34
2624 3173 2810 3221 facere
2849 3174 2905 3221 in

1851 3238 2102 3302 prolubio
2140 3244 2225 3289 est
2259 3235 2443 3289 Naeu.
2487 3242 2546 3289 31

1782 3308 1873 3370 qui
1900 3305 1968 3355 de
1994 3312 2049 3355 te
2079 3342 2093 3356 .
2121 3344 2134 3356 .
2162 3308 2398 3371 pessime
2427 3344 2439 3356 .
2469 3344 2481 3356 .
2520 3321 2904 3372 promerere

1849 3371 2061 3437 Αἰγίνη.
2097 3377 2198 3424 358

1786 3441 1893 3491 hau
1932 3442 2095 3506 longe
2134 3441 2566 3506 promicanda
2602 3442 2779 3491 oratio
2822 3445 2907 3493 est

1850 3505 2033 3560 Naeu.
2075 3511 2137 3558 16

1780 3578 2120 3641 promisce
2157 3573 2364 3639 Afroen.
2404 3578 2542 3626 261*

1779 3645 1887 3694 sibi
1925 3645 2280 3710 promitti.
2308 3681 2321 3693 .
2348 3659 2510 3693 oreas
2548 3640 2721 3694 Titia.
2761 3647 2859 3694 119

1779 3712 2205 3776 properatim
2247 3708 2403 3766 Uace.
2444 3714 2539 3761 167
2574 3709 2771 3775 Pomp.
2814 3713 2877 3761 26

1780 3795 2073 3844 propere
2118 3778 2267 3830 Uace.
2309 3783 2405 3830 110

1778 3880 2068 3930 propero
2105 3861 2310 3926 Afran.
2343 3867 2408 3915 74
2446 3879 2555 3913 rem
2583 3905 2596 3918 .
2627 3901 2642 3915 .
2667 3880 2901 3929 propero

1844 3934 2106 3983 incursim
2147 3933 2379 3997 perdere
2421 3928 2572 3982 Gaec.
2596 3934 2663 3982 46
2700 3948 2795 3997 pro
2840 3948 2896 3982 e·

1845 4016 1934 4117 gas
1975 3996 2129 4119 sigge.
2167 4003 2231 4051 33
2271 4000 2401 4065 quid
2438 4002 2741 4065 properas?
2788 3948 2900 4050 Ra·

1880 4081 1952 4123 OT.

1776 4152 2141 4219 propedem
2178 4154 2330 4203 misit
2365 4148 2538 4216 Twrp.
2577 4154 2676 4203 215

1776 4242 1864 4288 est
1901 4240 2113 4289 animus
2158 4239 2645 4304 propitiabilis
2681 4235 2834 4291 Eun.
2875 4243 2898 4287 1

1776 4323 1878 4374 deo
1915 4339 2034 4374 meo
2072 4326 2374 4390 propitio
2409 4320 2594 4375 Naeu.
2634 4327 2698 4375 70
