3400 5075
607 334 733 400 302
1149 343 1474 398 DECIMVS
1513 346 1877 403 LABERIVS
1982 349 2344 408 VALERIVS

1565 505 1784 572 XXIV
1833 506 1933 595 (2)

785 621 971 688 aluus

716 776 722 783 ,
1580 711 1768 777 XXV
1817 710 1919 800 (4)

782 825 990 890 obiter

1640 915 1865 980 XXVI

779 1029 1001 1095 Cicero
1058 1030 1139 1093 ad
1193 1029 1343 1094 fam.
1388 1028 1519 1093 VII
1572 1031 1684 1114 11,
1740 1033 1781 1095 2
1838 1031 2171 1117 (Trebatio
2229 1057 2284 1099 a.
2333 1034 2490 1122 701)
2548 1039 2681 1102 ‘sed
2736 1039 2896 1105 heus

600 1150 700 1230 tu,
747 1146 900 1230 quid
947 1144 1131 1230 agis?
1196 1145 1423 1228 ecquid
1469 1144 1587 1208 fit?
1644 1146 1832 1210 uideo
1881 1148 2052 1211 enim
2099 1152 2162 1212 te
2208 1149 2338 1213 iam
2385 1151 2583 1216 iocari
2628 1175 2744 1237 per
2789 1156 2893 1219 lit-

599 1268 772 1326 teras
812 1313 825 1327 .
856 1312 869 1325 .
900 1311 914 1325 .
944 1312 957 1325 .
1002 1261 1056 1324 si
1112 1261 1240 1325 cito
1296 1263 1359 1323 te
1414 1261 1766 1345 rettuleris,
1823 1284 2041 1329 sermo.
2079 1265 2294 1329 nullus
2341 1267 2490 1350 erit3
2548 1269 2603 1331 si
2651 1268 2892 1334 diutius

599 1377 840 1440 frustra
895 1377 1133 1441 afueris
1147 1426 1164 1458 ‚
1227 1397 1363 1440 non
1426 1376 1617 1440 modo
1677 1375 2113 1462 Laberium,
2178 1379 2289 1444 sed
2345 1381 2537 1445 etiam
2605 1383 2891 1449 sodalem

598 1496 895 1556 nostrum
940 1489 1333 1556 Valerium
1381 1492 1780 1575 pertimesco.
1870 1493 2033 1557 mira
2078 1495 2252 1558 em'm
2296 1517 2650 1579 persona-
2672 1498 2889 1564 induci

597 1611 816 1691 potest
876 1606 1326 1671 Britannici
1385 1607 1547 1670 iure
1623 1608 1980 1672 consulti.
2087 1609 2246 1673 haec
2310 1632 2431 1696 ego
2497 1634 2631 1676 non
2694 1614 2888 1696 rideo,

597 1724 892 1807 quamuis
947 1727 1018 1786 tu
1074 1722 1310 1806 rideas3
1366 1723 1477 1786 sed
1532 1723 1609 1786 de
1665 1744 1733 1785 re
1789 1723 2195 1788 seuerissima
2247 1727 2487 1809 tecum,
2550 1731 2625 1791 ut
2694 1730 2888 1812 sole0‚

595 1838 813 1903 iocor?
906 1839 985 1902 cf.
1038 1838 1137 1921 10,
1190 1839 1244 1902 1.

1354 2217 2185 2317 VALERIVS*

1528 2435 1928 2501 PHORMIO

767 2553 934 2630 Quid
980 2551 1087 2618 hic
1133 2576 1279 2617 cum
1323 2553 1589 2635 tragicis
1636 2554 1840 2617 uersis
1888 2557 1953 2616 et
2000 2557 2213 2639 syrma
2259 2556 2463 2620 facis?

722 2748 902 2799 XXIV
940 2747 1221 2797 Charisius
1246 2747 1274 2795 1
1310 2762 1359 2811 p.
1387 2748 1447 2795 61
1478 2746 1541 2797 P.
1581 2746 1836 2796 ‘aluum
1863 2747 2144 2813 Vergilius
2181 2749 2444 2800 feminino
2478 2766 2684 2816 genere
2712 2767 2877 2817 saepe

587 2816 752 2878 dixit,
790 2815 884 2865 sed
919 2815 1222 2865 masculine
1249 2814 1482 2864 Caluus.
1504 2852 1515 2864 .
1537 2821 1619 2863 ‚et
1654 2815 1892 2864 Heluius
1929 2816 2130 2867 Cinna.
2152 2853 2165 2866 .
2185 2822 2269 2867 ,et
2303 2817 2573 2867 Laberius
2603 2824 2660 2868 et
2683 2821 2880 2869 Accius

584 2885 924 2949 frequenter,
963 2882 1106 2948 quod
1142 2882 1319 2945 magis
1356 2897 1484 2931 usus
1523 2883 1872 2931 celebrauit!
2012 2885 2164 2934 XXV
2201 2883 2489 2935 Charisius
2513 2886 2565 2935 11
2602 2902 2654 2951 p.
2685 2888 2780 2937 187
2816 2889 2877 2941 Ρ.

586 2952 846 3002 ‘obiter
902 2951 1064 3000 diuus
1108 2949 1427 2998 Hadrianus
1483 2964 1791 2999 sermonum
1839 2951 2013 3016 primo
2069 2954 2284 3016 quaerit
2337 2969 2408 3002 an
2460 2952 2720 3003 Latinum
2775 2957 2874 3004 sit:

583 3035 941 3085 quamquam,
993 3018 1201 3083 inquit,
1255 3033 1288 3067 a
1330 3016 1401 3066 ud
1448 3016 1746 3067 Laberium
1803 3017 1943 3068 haec
1995 3034 2101 3069 uox
2150 3035 2272 3069 esse
2326 3021 2571 3085 dicatur,
2629 3027 2685 3070 et
2732 3026 2875 3071 cum’

581 3090 835 3149 (‘tamen’
873 3083 1231 3146 Niebuhrius)
1266 3090 1283 3115 ‘
1332 3099 1529 3134 caurus
1567 3085 1823 3134 Latinum
1861 3102 1981 3136 esse
2020 3091 2225 3152 neget)
2298 3085 2448 3152 (‘nec
2488 3104 2606 3138 eam
2636 3090 2875 3140 Scaurus

580 3155 839 3203 Latinam
880 3169 1000 3204 esse
1038 3155 1227 3215 neget’
1265 3151 1612 3202 scribendum
1652 3155 1829 3218 puto.)

715 3222 1030 3283 VAanvs,
1070 3223 1187 3270 iure
1227 3220 1509 3269 consultus
1543 3226 1597 3269 et
1633 3221 1919 3272 Ciceronis
1958 3221 2280 3271 familiaris:
2327 3222 2454 3272 uide
2496 3223 2565 3272 ad
2603 3223 2732 3272 fam.
2771 3223 2876 3274 vn

585 3291 664 3346 ll,
690 3291 721 3338 2
759 3288 955 3352 (uerba
992 3303 1159 3353 supra
1185 3287 1470 3350 laudata);
1512 3282 1536 3336 Ῐ
1577 3292 1654 3338 10.
1689 3285 1771 3336 ΙΙΙ
1804 3292 1847 3349 1,
1874 3292 1905 3339 3
1943 3289 2040 3350 (cf.
2068 3288 2393 3340 Schwabius
2431 3295 2643 3354 quaest,
2671 3290 2871 3342 Catull.

588 3359 653 3405 25
691 3372 772 3421 sq.
809 3363 864 3406 et
901 3357 964 3408 R.
1003 3355 1308 3406 Schoellius
1345 3354 1488 3419 legis
1524 3356 1631 3406 XII
1670 3355 1824 3405 tabb.
1864 3356 1985 3406 rell.
2024 3374 2073 3422 p.
2110 3358 2197 3416 38)

716 3425 983 3487 Pnonuro
1030 3423 1157 3473 olim
1204 3425 1351 3472 inter
1394 3423 1660 3487 palliatas
1715 3423 1909 3472 relata.
1992 3424 2313 3473 Priscianus
2359 3425 2436 3475 VI
2481 3427 2511 3473 2
2558 3441 2610 3489 p.
2657 3427 2757 3475 679
2807 3426 2871 3475 P.

580 3491 856 3541 ‘Valerius
892 3493 948 3540 in
974 3491 1332 3541 Phormione:
1372 3490 1523 3555 quid’
1563 3507 1610 3543 e.
1637 3506 1687 3554 q.
1718 3507 1760 3541 s.
1814 3494 1935 3554 ‘pro
1973 3496 2310 3554 syrmate!
2347 3491 2664 3553 (ualirius
2703 3492 2869 3557 Sang.

580 3562 636 3608 et
673 3575 806 3609 corr.
843 3560 861 3607 i
908 3575 976 3610 m.
1013 3557 1109 3608 alt.
1157 3560 1214 3608 in
1253 3574 1281 3608 e
1319 3557 1485 3608 Halb.
1649 3558 1983 3608 formione
2031 3559 2165 3622 Reg.
2212 3559 2403 3609 Bamb.
2452 3561 2661 3609 Amien.
2703 3559 2869 3625 Sang.

579 3628 736 3677 Grut.
776 3626 1029 3687 Carolir.)
1101 3627 1252 3676 Idem
1277 3626 1352 3674 VI
1393 3629 1454 3675 14
1491 3643 1541 3691 p.
1566 3628 1663 3676 712
1691 3626 1750 3678 P.
1791 3627 1999 3676 ‘uersi
2036 3641 2249 3691 quoque
2289 3642 2386 3691 pro
2423 3641 2635 3677 uersus.
2689 3628 2870 3678 Labe-

577 3694 1051 3744 1·ius...Valerius
1088 3694 1146 3743 in
1183 3694 1536 3744 Phormione:
1577 3694 1727 3759 quid’
1764 3708 1808 3742 e.
1847 3709 1896 3759 q.
1935 3711 1977 3743 s.
2046 3693 2369 3756 (ualirius
2408 3693 2577 3759 Sang.
2618 3696 2869 3745 Teren·

578 3763 714 3811 tius
751 3761 887 3827 Reg.
925 3762 1230 3811 Tenent.
1266 3760 1432 3811 Halb.
1472 3760 1637 3811 Ter?
1674 3762 1836 3811 Barb.
1875 3763 1932 3810 in
1958 3777 2066 3826 mg.
2140 3761 2463 3811 formione
2504 3764 2671 3828 Sang.
2709 3762 2869 3814 Grut.

576 3829 811 3882 Carolir.
885 3828 970 3880 Cf.
1006 3829 1226 3879 quent.
1266 3829 1372 3878 inc.
1412 3830 1523 3879 fab.
1560 3830 1604 3880 Ι.
1643 3829 1719 3890 11)

744 4010 966 4082 quidm:
1024 4008 1269 4065 Carolir.
1331 4006 1474 4080 quod
1523 4006 1710 4079 Bony.
1759 4024 1823 4078 Ρ.
1873 4007 1993 4061 712
2178 3999 2258 4062 hic
2302 4007 2445 4080 Req.
2484 4024 2551 4077 p.
2601 4007 2722 4065 679
2782 4009 2867 4064 hic

574 4110 653 4150 eae
697 4093 802 4148 huc
847 4111 1001 4149 corr.
1054 4091 1297 4149 Carolir.
1340 4109 1402 4163 p.
1453 4090 1573 4146 712
1750 4092 1928 4146 traicis
1959 4090 2140 4164 Bony.
2185 4088 2358 4147 Halb.
2407 4093 2627 4164 graticis
2663 4092 2861 4149 Bamb.

567 4198 629 4250 p.
679 4177 799 4234 712
975 4176 1170 4233 uersib’
1230 4193 1383 4235 corr.
1441 4195 1513 4231 m.
1571 4179 1672 4232 alt.
1730 4191 1809 4231 erc
1865 4176 2036 4230 uersis
2098 4175 2256 4231 Vina.
2318 4174 2567 4231 uersibus
2617 4174 2863 4232 Carolir.

567 4281 628 4335 p.
678 4262 798 4320 679
980 4264 1139 4317 sirma
1187 4261 1353 4321 Grut.
1410 4259 1560 4316 firma
1607 4261 1783 4334 Sanq.
1821 4278 1886 4332 Ρ.
1936 4259 2055 4315 712
2115 4260 2359 4316 Carolir.
2406 4277 2478 4315 m.
2532 4262 2561 4316 1
2622 4268 2865 4335 utroque

569 4350 698 4407 loco
870 4347 1000 4402 sacis
1045 4363 1173 4418 sup.
1221 4365 1289 4401 m.
1338 4348 1440 4402 alt.
1491 4346 1666 4420 Sany.
1707 4363 1771 4418 Ρ.
1820 4344 1941 4402 679
2272 4363 2285 4377 ·
