3400 5075
669 334 788 397 162
1440 340 1504 388 T.
1547 337 1946 400 QlecTws
1983 339 2176 390 A'r'rA

1656 493 1957 561 NVRVS

681 609 786 673 11¹
837 660 850 674 .
945 661 958 674 .
1051 611 1218 674 inter
1265 632 1333 674 se
1380 610 1775 695 degularunt
1821 612 2057 676 omnia.

1631 743 1985 810 SATVRA

1766 940 1775 950 .
1831 865 2159 926 uertamus
2203 863 2555 946 ιιόιιιθιθιιι,

833 975 915 1039 In
961 977 1106 1041 cera
1153 994 1458 1041 mucrone
1499 977 1699 1060 aeque
1748 999 2003 1041 aremus
2051 978 2253 1042 osseo.

1651 1107 1980 1174 SOORVS

835 1225 939 1290 Ad
985 1226 1155 1290 hzinc
1202 1186 1531 1300 fortunam
1578 1225 1851 1289 accessit
1894 1225 2161 1290 fortuna
2207 1224 2274 1291 es
2314 1227 2506 1312 paris,

656 1420 929 1486 patulum,
974 1417 1121 1485 quod
1164 1423 1214 1471 et
1257 1417 1559 1472 masculine
1604 1421 1796 1472 sinus
1830 1421 2161 1484 uocitatum,
2212 1420 2304 1471 hic
2343 1429 2529 1472 sutem
2567 1424 2745 1474 sinum
2785 1423 2955 1475 laetis

655 1506 754 1538 uas
782 1488 1156 1554 quodcumque
1183 1489 1330 1539 lacte
1357 1496 1629 1539 onustum.
1705 1488 1918 1539 Varro.
2017 1458 2191 1539 .Att’a
2216 1487 2295 1554 [in
2317 1492 2738 1552 Megarensibus
2764 1507 2954 1558 nempe

651 1584 718 1594 -
744 1558 897 1607 sinus
925 1558 1070 1622 apud
1097 1554 1360 1622 mensam]
1401 1548 1510 1606 ubi’
1547 1572 1594 1606 e.
1619 1574 1668 1623 q.
1695 1572 1738 1607 s.
1809 1557 1981 1607 Vneis
2016 1527 2232 1607 inclusa
2268 1572 2373 1606 nec
2409 1558 2617 1608 Keilius
2656 1573 2753 1609 nec
2791 1561 2954 1611 Herr-

656 1640 885 1675 mannus
932 1625 1116 1688 legere
1165 1625 1363 1690 potuit.
1442 1625 1664 1676 Seruius
1710 1625 1768 1674 in
1813 1624 1847 1674 1
1899 1623 1934 1677 l.
1969 1618 2185 1675 sinus
2232 1641 2404 1690 genus
2451 1632 2538 1676 est
2583 1627 2763 1689 uasis,
2811 1627 2955 1693 quod

656 1708 774 1742 cum
802 1691 1204 1757 significamus,
1242 1693 1297 1742 si
1334 1692 1679 1773 producitur:
1720 1708 1841 1742 eum
1867 1708 1999 1743 uero
2025 1693 2290 1757 gremium
2318 1692 2718 1759 significamus,
2754 1697 2814 1747 si
2839 1712 2957 1746 cor-

658 1762 902 1826 ripimus.
977 1762 1194 1812 Va1·.ro
1265 1762 1439 1811 .Atts.
1477 1763 1532 1810 in
1569 1760 2012 1840 Megalensibus:
2050 1775 2173 1811 nem
2217 1764 2269 1810 e’
2307 1776 2352 1810 e.
2390 1776 2442 1825 q.
2479 1777 2522 1812 s.

786 1829 975 1878 anvs
1045 1827 1328 1879 Charisius
1365 1829 1390 1878 1
1426 1845 1476 1894 p.
1515 1830 1582 1879 80
1619 1829 1680 1881 Ρ.
1713 1818 1981 1893 ‘gulam,
2019 1832 2082 1877 ut
2116 1829 2220 1878 1u
2207 1843 2293 1879 ius
2322 1827 2607 1880 Modestus
2645 1831 2750 1891 ait,
2788 1845 2883 1896 per
2916 1846 2953 1881 u

655 1896 984 1954 scribemus,
1023 1911 1132 1945 nou
1168 1912 1266 1961 per
1297 1911 1359 1959 y,
1405 1910 1544 1961 quae
1586 1895 1820 1946 Graecis
1864 1895 2151 1947 uocabulis
2198 1897 2514 1947 necessaris.
2562 1903 2648 1947 est
2683 1902 2740 1948 et
2784 1914 2950 1965 saepe

655 1965 711 2014 in
735 1980 769 2012 ιι
796 1963 1022 2024 transit,
1061 1966 1122 2013 ut
1157 1963 1213 2012 in
1251 1978 1346 2013 sue
1370 1978 1539 2014 mure.
1611 1963 1775 2013 Atta
1811 1964 1876 2013 in
1913 1978 2101 2013 nuro:
2141 1963 2287 2013 inter
2325 1979 2365 2014 s.
2394 1963 2446 2017 d.
2473 1955 2544 2015 o.’
2595 1964 2697 2029 (sic
2735 1967 2953 2033 scripsi

653 2033 717 2080 in
757 2046 1022 2082 suemur
1066 2030 1316 2082 ait.cod.
1355 2033 1422 2080 in
1467 2047 1581 2081 sue
1631 2046 1805 2081 mure
1841 2051 1866 2081 ο
1912 2031 2015 2081 ait
2049 2030 2126 2082 M.
2165 2031 2425 2082 Hertzius
2461 2047 2598 2087 mus.
2638 2033 2950 2084 Rhen.V11

649 2102 766 2155 480.
807 2103 1095 2163 postquam
1127 2099 1188 2147 in
1215 2113 1332 2148 sue
1372 2113 1564 2148 mure.
1601 2099 1735 2149 Att.
1776 2100 2000 2165 Lipsius
2027 2100 2282 2150 coniecit.
2321 2098 2610 2151 Suecius
2634 2100 2951 2165 Putschius,

652 2166 964 2222 Titinius
999 2166 1335 2216 Ritschelius
1371 2166 1592 2231 Parerg.
1631 2168 1659 2217 1
1695 2169 1791 2229 2⁷,
1829 2168 2191 2217 quentius
2228 2168 2350 2231 ipse
2386 2176 2581 2231 poetae
2607 2183 2801 2219 nomen
2837 2184 2954 2220 esse

650 2234 780 2285 olim
819 2234 1051 2284 conieci.
1157 2235 1358 2284 Atreo
1398 2235 1622 2300 Lipsius
1654 2233 1826 2285 Mido
1860 2233 2158 2285 Putschius
2193 2235 2365 2285 Varo
2402 2234 2735 2287 Ritschelius
2759 2237 2951 2287 'Ana-

649 2302 1118 2368 gnorizomene
1154 2317 1257 2367 ego
1294 2302 1440 2352 olim.
1516 2303 1865 2353 Inserueram
1894 2307 2075 2352 autem
2104 2303 2250 2352 inter
2283 2301 2387 2351 inc.
2418 2308 2561 2368 poet.
2602 2304 2734 2369 pall.
2774 2305 2954 2355 frusta

650 2389 700 2437 p.
730 2369 818 2433 97)
855 2370 938 2418 De
973 2370 1449 2499 ιιῖιιιίιιίεὸιιιιιιιε
1475 2385 1578 2420 usu
1598 2374 1655 2420 et
1679 2370 1996 2422 notionibus
2021 2369 2279 2434 disseruit
2304 2370 2581 2437 Hsuptius
2616 2372 2726 2423 ind.
2755 2373 2949 2424 scholl.

655 2438 1011 2489 Berol.1868
1039 2440 1070 2487 9
1109 2453 1142 2501 p
1266 2453 1332 2503 sq

787 2506 1009 2556 Snvns
1080 2503 1323 2556 Isidorus
1347 2505 1498 2571 Orig.
1534 2505 1610 2556 v1
1648 2498 1724 2557 9
1734 2521 1919 2557 ceram
1956 2505 2103 2556 ferro
2141 2520 2209 2555 ne
2246 2505 2479 2558 caedito.
2551 2508 2757 2559 Postea
2794 2508 2952 2561 insti-

653 2579 825 2624 tutum
872 2580 932 2622 ut
967 2588 1147 2622 ceram
1187 2573 1404 2623 ossibus
1441 2574 1776 2634 scriberent
1814 2576 1962 2625 sicut
1998 2574 2211 2623 indicat
2245 2576 2378 2624 Atta.
2412 2576 2467 2624 in
2505 2581 2697 2639 satyra
2732 2575 2949 2627 dicens.

649 2632 944 2692 uertamus
979 2653 1024 2692 e.
1065 2656 1114 2705 q.
1152 2655 1194 2689 s.
1266 2642 1525 2704 (satura
1562 2641 1841 2695 Wolfenb.
1868 2639 2044 2705 Mon.)
2114 2642 2396 2722 Excerpts.
2433 2657 2500 2692 ex
2536 2643 2703 2710 gloss.
2741 2649 2854 2699 net.
2893 2646 2951 2695 in

649 2710 712 2759 A.
737 2709 852 2759 Mai
889 2712 1036 2758 auct.
1074 2708 1235 2758 class.
1275 2711 1351 2760 V1
1389 2726 1439 2774 p.
1477 2711 1575 2760 578
1609 2700 1827 2774 postea
1864 2710 2175 2759 institutum
2212 2715 2274 2759 ut
2311 2710 2369 2760 in
2406 2726 2535 2761 cera
2571 2712 2788 2762 ossibus
2814 2712 2949 2763 scri·

654 2779 878 2837 herent,
916 2777 1059 2826 sicut
1095 2775 1301 2826 indicat
1336 2778 1469 2827 Atta
1505 2776 1563 2826 in
1600 2783 1795 2827 satura
1841 2777 2060 2827 dicens.
2098 2781 2401 2828 uertamus
2439 2794 2487 2828 e.
2525 2795 2576 2844 q.
2614 2795 2659 2831 s.

785 2844 1002 2895 Socnvs
1071 2842 1391 2894 Priscianus
1417 2845 1519 2895 VII
1547 2846 1609 2894 12
1645 2861 1696 2910 p.
1738 2846 1839 2895 764
1872 2838 1978 2894 P.
1986 2847 2172 2911 paris
2210 2861 2307 2909 pro
2343 2861 2461 2911 par.
2497 2845 2632 2909 Atta
2666 2847 2721 2895 in
2749 2848 2949 2898 Socru:

649 2946 741 2996 ad'
788 2961 835 2999 e.
886 2962 935 3010 q.
973 2960 1016 2995 s.
1107 2913 1281 3011 (Ata,
1337 2951 1358 2995 t
1404 2962 1523 3011 sup.
1570 2963 1640 3001 m.
1682 2947 1807 3010 alt„
1853 2946 2017 3001 Hslb.
2063 2946 2199 3012 Reg.
2236 2954 2406 3010 Ξιιι,
2452 2963 2591 2999 eras.
2630 2948 2676 3012 i,
2724 2956 2785 2999 ut
2821 2949 2948 3010 uid„

647 3013 1349 3147 Bongioffzssssxfafflz'.)u⁸
1384 3014 1550 3069 Barb.
1589 3013 1698 3064 Erl.
1737 3030 1771 3064 ιι.
1807 3014 1978 3065 idem
2017 3014 2141 3079 (om.
2189 3014 2274 3079 in)
2309 3013 2464 3071 Grut,
2505 3016 2676 3081 Sang.
2715 3016 2948 3068 Carolir.

649 3350 784 3403 sam,
821 3332 909 3388 ubi
940 3332 1120 3388 sermo
1152 3332 1218 3388 de
1261 3331 1383 3388 sind
1412 3331 1555 3388 solet
1586 3331 1830 3389 Suboriri
1860 3331 2240 3390 Hermannus
2266 3337 2306 3390 I.
2336 3335 2373 3390 l.
2409 3332 2529 3391 277
2689 3335 2762 3390 12
2795 3337 2946 3410 quasi

639 3420 1124 3490 praemittendum
1168 3433 1293 3474 esse
1338 3422 1605 3490 suspicor
1766 3434 1986 3474 uomere
2018 3418 2231 3475 Isidori
2271 3418 2551 3491 Wolfenb.
2586 3419 2639 3474 in
2673 3436 2946 3476 uomerem

648 3503 754 3560 Gu.
802 3504 833 3558 b
881 3518 1130 3558 uomeres
1181 3505 1352 3576 ρῖοεε.
1573 3502 1649 3559 13
1695 3519 1816 3558 cera
1889 3502 2175 3575 Wolfenb.
2221 3503 2362 3566 Par,
2409 3502 2573 3562 7582
2619 3519 2740 3585 ceys
2787 3505 2944 3561 Mon.

646 3603 822 3642 ceram
859 3586 1080 3643 Ottom‘s
1120 3590 1283 3645 codd.
1326 3596 1381 3643 et
1418 3592 1587 3662 yloss.
1764 3604 2022 3643 mucrone
2067 3604 2236 3662 aeque
2281 3605 2438 3645 nunc
2483 3592 2695 3660 scripsi
2737 3606 2947 3645 mucro-

646 3687 822 3745 neque
867 3672 1132 3729 Isidorus
1179 3669 1318 3745 (nisi
1373 3675 1527 3745 quod
1566 3670 1677 3752 quq
1727 3675 1784 3728 in
1832 3687 1953 3728 ras,
2003 3673 2159 3730 Mon.
2203 3673 2426 3744 habet),
2475 3676 2630 3747 quod
2677 3681 2739 3731 ut
2784 3678 2948 3731 nimis

643 3758 939 3812 horridum
986 3771 1059 3813 ne
1102 3775 1258 3815 nunc
1303 3759 1526 3831 quidem
1562 3758 1827 3829 probare
1870 3759 2089 3829 audeo,
2132 3765 2438 3831 postquam
2483 3760 2728 3815 ablatiue'
2770 3775 2945 3816 uoca-

640 3843 750 3897 lem
795 3857 824 3896 e
866 3843 1094 3916 lonyam
1127 3838 1443 3916 untiquilus
1480 3843 1671 3914 fuisse
1715 3845 2163 3899 demonstratum
2205 3849 2308 3900 est.
2397 3859 2528 3899 uero
2575 3859 2751 3918 neque
2792 3845 2944 3917 9103·

567 3946 574 3949 ·
642 3929 862 3982 sarium
908 3928 1260 4002 mucronique
1314 3944 1518 4000 mayno
1562 3942 1689 3982 cum
1734 3931 1980 3998 strepitu
2027 3930 2390 3985 truculentus
2438 3931 2724 4000 prooemii
2764 3928 2945 3983 Bero-

642 4012 881 4067 linensis
914 4009 1135 4086 1866s7
1184 4018 1394 4068 auctor
1420 4029 1478 4083 p.
1509 4010 1571 4072 4.
1658 4010 1945 4068 Dubitare
1980 4014 2209 4069 uidetur
2239 4013 2669 4070 CFWMueller
2707 4013 2940 4084 prosod.

640 4095 837 4151 Plaut.
887 4096 965 4153 16
1139 4112 1397 4153 mucrone
1442 4112 1723 4152 exaremus
1763 4113 1940 4168 prop.
1995 4097 2392 4155 Buechelerus
2566 4097 2787 4165 Quaeri
2832 4112 2945 4169 per

643 4183 820 4237 risum
866 4187 1141 4237 uer-tamus
1189 4197 1241 4236 u.
1327 4180 1382 4236 ln
1440 4180 1618 4237 ceram
1664 4198 1731 4237 an
1791 4177 1933 4254 (siue
1977 4180 2090 4253 aut)
2138 4198 2396 4238 mucrone
2451 4197 2702 4255 umquam
2759 4197 2805 4237 a.
2855 4181 2944 4237 ολ

644 4265 771 4321 olim
805 4268 1168 4322 coniecerant
1348 4264 1424 4321 14
1457 4265 1733 4322 furtunam
1761 4267 1923 4322 Grul.
1961 4265 2139 4340 Sany.
2175 4267 2421 4324 Carolir.
2550 4267 2746 4322 accesit
2778 4266 2943 4324 (ἔνια.

813 4349 1027 4408 fortuna
1073 4351 1122 4405 ei
1169 4350 1413 4407 Bothius
1457 4350 1506 4406 ei
1553 4350 1770 4407 fortuna
1815 4349 2057 4422 (fut-tuna
2102 4351 2265 4408 Grut.
2316 4350 2586 4424 Carolir.)
2628 4351 2766 4408 libri
