3400 5075
1168 259 1541 310 APPENDIX
1583 259 2159 336 ssN'rEN'rlAnvnr
2332 299 2339 306 .
2682 258 2807 321 373

697 414 970 477 Peccata
1014 412 1231 497 potius
1278 413 1564 497 corrigas
1614 435 1808 496 quam
1854 411 2161 478 uindices,

565 530 652 594 95
698 529 883 593 Mens
932 529 1142 592 otiosa
1187 528 1256 590 in
1303 525 1483 591 mssle
1530 527 1732 591 furias
1780 525 2024 591 incidit.

695 644 1143 709 Potentiorum
1192 641 1400 707 amico
1449 642 1734 706 amicitia
1778 644 1877 707 est
1921 643 2248 727 perdenda
2294 648 2407 708 aut
2453 618 2707 710 ueritas

694 757 984 824 Primum
1031 755 1365 822 contemm'
1407 761 1774 842 contemne,
1821 756 1881 821 εἰ
1924 757 2151 821 beatus
2197 759 2335 822 esse
2383 760 2499 823 uis,

694 874 919 938 Multis
968 873 1022 937 si
1067 877 1180 937 tua
1226 871 1368 936 usta
1413 874 1681 957 placuit,
1729 870 1852 936 tsbi
1899 873 2150 956 placere
2196 875 2331 936 non
2377 878 2608 958 potest.
2702 898 2804 946 528

696 989 1124 1054 solitudinem
1170 988 1359 1052 adeat
1405 988 1514 1084 qu}
1561 988 1705 1052 uult
1749 985 2134 1052 innocenter
2179 986 2418 1054 uiuere.
2700 1013 2804 1061 810

527 1108 653 1170 100
700 1104 983 1170 Stultum
1029 1106 1128 1168 est
1171 1103 1397 1168 timere
1446 1103 1617 1188 quod
1663 1102 1859 1167 uitari
1901 1105 2035 1166 non
2082 1107 2315 1187 potest.
2702 1127 2802 1176 752

692 1220 1028 1285 Dissensio
1077 1220 1158 1283 ab
1207 1219 1363 1303 alio,
1409 1221 1446 1283 zi.
1491 1222 1556 1282 te
1604 1240 1861 1282 rursum
1906 1217 2178 1302 incipiat
2223 1220 2605 1286 concilietiO.

693 1334 1003 1401 Succurre
1050 1336 1256 1400 amico
1303 1334 1598 1419 pauperi,
1643 1334 1841 1398 immo
1890 1335 2225 1398 occurrito,

697 1449 955 1515 Secreto
1002 1450 1241 1513 amicos
1290 1449 1591 1533 admone,
1636 1449 1830 1512 lauda.
1874 1449 2154 1533 palam.*
2698 1474 2801 1521 459

523 1609 940 1661 PROVERBIA

516 1687 758 1752 pertinet
804 1685 872 1734 ad
922 1691 1071 1735 tuam
1120 1683 1348 1749 gloriam
1398 1699 1559 1749 quam
1606 1686 1897 1734 maximum
1945 1683 2119 1733 uideri
2170 1700 2327 1748 quem
2376 1687 2666 1751 praecedis
2715 1689 2803 1737 uel

515 1757 836 1818 exaequas?
975 1756 1041 1804 94
1077 1753 1234 1804 Vinc.
1264 1750 1401 1801 Bell.
1429 1768 1513 1815 sp.
1540 1750 1589 1805 d.
1617 1755 1663 1809 4,
1692 1753 1758 1801 68
1896 1752 1961 1802 95
1999 1751 2153 1799 Vinc.
2183 1753 2318 1802 Bell.
2348 1771 2429 1818 sp
2469 1754 2517 1808 d.
2556 1756 2733 1808 4.107

515 1824 579 1872 96
605 1822 762 1870 Vine.
791 1821 930 1871 Bell.
973 1837 1036 1885 sp
1043 1820 1147 1873 ..d
1186 1823 1233 1881 5,
1271 1821 1299 1869 7
1439 1821 1503 1870 97
1541 1819 1607 1869 de
1645 1836 1776 1869 mor.
1804 1821 1868 1868 24
2006 1821 2071 1868 99
2109 1819 2176 1868 de
2204 1836 2337 1873 mor
2364 1823 2428 1870 27
2468 1821 2624 1872 Vine.
2666 1822 2800 1873 Bell.

513 1905 593 1955 sp.
629 1888 678 1938 d.
706 1891 754 1952 5,
781 1891 841 1938 41
989 1891 1085 1938 100
1120 1886 1187 1936 de
1214 1902 1342 1936 mor.
1371 1889 1437 1937 39
1475 1886 1767 1951 (ef.114·)
1806 1886 1872 1936 de
1911 1886 2109 1937 remed
2149 1886 2270 1940 fort.
2310 1891 2360 1949 2,
2396 1893 2428 1938 3
2468 1881 2621 1941 Vinc
2660 1891 2801 1941 Bell.

511 1973 592 2022 sp.
627 1955 676 2007 d.
715 1959 762 2016 4,
801 1958 864 2006 74
1009 1957 1099 2005 101
1140 1956 1207 2003 de
1246 1970 1374 2004 mor.
1410 1957 1477 2005 49
1514 1956 1671 2004 Vine.
1719 1954 1856 2004 Bell.
1904 1970 1983 2035 sp.
2035 1953 2172 2012 (1.4,
2210 1957 2291 2008 44.
2343 1959 2454 2006 133.
2492 1959 2550 2035 5,
2586 1958 2652 2005 88
2712 1957 2798 2006 Cf.

513 2021 824 2104 Aristippus
861 2024 918 2071 in
958 2024 1183 2073 Stobaei
1221 2021 1379 2076 floril
1415 2025 1603 2085 84,19
1639 2017 1897 2087 μέμνησο
1933 2039 2020 2074 οτι
2060 2021 2161 2087 τῆς
2196 2017 2304 2088 μὲν
2342 1993 2691 2083 ὃιαστασεως
2727 2039 2798 2075 συ

511 2084 687 2157 ἤρξω,
727 2090 829 2155 τῆς
877 2085 940 2141 δὲ
980 2081 1297 2149 διαλύσεως
1333 2081 1458 2154 ἐγώ.
1650 2093 1746 2140 102
1783 2091 1850 2140 de
1901 2104 2032 2141 mor.
2069 2094 2135 2140 50
2334 2093 2428 2141 103
2466 2090 2532 2140 de
2570 2108 2698 2141 mor.
2740 2096 2801 2143 12

515 2161 667 2209 Vino..
708 2158 845 2207 Bell.
882 2161 938 2220 5,
976 2161 1042 2208 88
1090 2159 1175 2207 Cf.
1211 2162 1420 2223 septem
1465 2173 1586 2222 sap.
1623 2164 1763 2209 sent.
1799 2160 1850 2220 5,
1889 2161 1921 2207 4

512 2341 737 2414 gloriam
785 2347 927 2394 tuam
962 2334 1292 2410 CFPRssy
1456 2338 1692 2410 pertinet
1738 2335 1802 2391 ad
1834 2330 2092 2412 gloriam]
2140 2335 2349 2409 gloriae
2393 2353 2516 2409 pars
2548 2345 2632 2392 est
2678 2346 2802 2395 tuae

506 2443 677 2497 prop.
727 2425 1123 2480 Buechelerus
1294 2420 1373 2477 94
1422 2438 1508 2477 res
1539 2438 1762 2494 magnae
1793 2421 2107 2477 clementiae
2138 2428 2222 2475 est
2263 2420 2596 2495 indulgendo
2645 2421 2795 2496 (add.

510 2511 679 2584 magis
710 2507 781 2582 F)
828 2510 1103 2582 corrigere
1134 2506 1445 2582 (corregere
1477 2506 1613 2564 PaR
1644 2508 1919 2580 corripere
1952 2508 2006 2561 F
2029 2505 2331 2577 dimittere,
2374 2521 2677 2577 suprascr.
2711 2509 2798 2565 uel

509 2598 788 2669 corrigere
813 2596 884 2665 E)
915 2601 1134 2667 peccata
1167 2588 1358 2668 (magis
1390 2595 1522 2650 add.
1544 2590 1584 2668 β
1614 2594 1798 2665 potius
1834 2591 1895 2664 V)
1929 2608 2085 2665 quam
2120 2589 2443 2646 uindicando
2463 2591 2737 2669 ΕΡΡΒβ,
2759 2595 2806 2650 V

679 2679 758 2736 95
791 2686 920 2734 sunt
964 2694 1195 2751 quorum
1227 2694 1425 2750 corpus
1458 2679 1731 2733 innoxium
1764 2684 1850 2733 est
1894 2687 1950 2732 et
1996 2672 2119 2750 (Sed
2151 2676 2207 2730 F
2231 2673 2438 2731 animus
2487 2693 2617 2732 uero
2652 2676 2709 2749 C)
2745 2680 2795 2731 in

509 2765 652 2820 mille
678 2764 974 2819 facinorum
1008 2760 1315 2834 (faunorum
1341 2762 1414 2833 F)
1444 2761 1610 2818 furias
1645 2761 1810 2836 (furta
1841 2762 1906 2831 V)
1936 2778 2086 2816 mens
2114 2755 2311 2833 (om.C)
2346 2762 2519 2816 otiosa
2554 2761 2799 2832 (hodiosa

512 2847 554 2900 C
596 2850 699 2903 cita
745 2844 817 2921 F)
865 2846 1117 2901 discurrit
1166 2842 1495 2937 CFPRssJ
1663 2846 1742 2904 96
1784 2853 1915 2917 post
1962 2845 2038 2900 97
2091 2846 2143 2900 F
2308 2847 2352 2900 si
2397 2848 2448 2900 in
2496 2845 2798 2901 clientelam

511 2995 840 3069 (clientillam
886 2998 990 3053 PR
1036 2917 1280 3072 diffiniam
1301 2992 1359 3071 β)
1413 2997 1578 3052 felicis
1634 2998 1866 3052 hominis
1924 2997 2272 3070 potentisque
2317 2998 2632 3070 perueneris
2684 2995 2797 3070 (ue-

508 3084 653 3137 neris
698 3079 792 3157 F),
840 3089 933 3136 aut
979 3078 1064 3153 (au
1095 3078 1153 3155 β)
1204 3082 1400 3136 ueritas
1446 3090 1537 3136 aut
1581 3082 1807 3136 amicitia
1853 3079 2123 3154 perdenda
2164 3089 2249 3137 est
2282 3078 2563 3155 FPRssJ
2602 3082 2790 3155 poten-

511 3174 621 3221 tum
669 3168 836 3222 amice
883 3173 973 3221 aut
1017 3164 1307 3221 emittenda
1365 3163 1590 3221 amicitia
1648 3172 1733 3220 est
1777 3175 1867 3222 aut
1913 3164 2111 3221 ueritas
2154 3168 2271 3222 lusi
2304 3173 2624 3235 praeterea

509 3249 586 3307 97
634 3253 677 3306 si
723 3252 807 3306 uis
851 3249 1040 3306 beatus
1072 3266 1222 3320 esse,
1267 3250 1447 3323 cogita
1493 3250 1596 3305 hoc
1627 3251 1885 3324 primum:
1927 3259 2215 3305 contemne
2248 3247 2613 3322 (contemnere
2648 3249 2800 3308 CEP

505 3353 601 3410 ay,
647 3354 751 3394 om.
802 3334 875 3406 F)
930 3336 1203 3390 contemni
1265 3330 1591 3409 (contempni
1649 3334 1719 3405 F)
1781 3331 2143 3409 ΟΕΡΜΡΒβ
2400 3334 2478 3390 98
2524 3339 2608 3390 sic
2665 3338 2794 3392 olim

507 3423 686 3486 edidi,
727 3427 1035 3493 postquam
1079 3422 1123 3475 si
1172 3427 1260 3474 tua
1309 3421 1414 3474 nita
1461 3418 1644 3475 multis
1690 3418 1918 3492 placuit,
1977 3417 2068 3473 tibi
2114 3436 2166 3491 p.
2216 3436 2267 3473 n.
2318 3425 2506 3491 potest
2553 3420 2796 3477 Bothius

500 3510 864 3576 praefuerat.
911 3505 959 3558 si
1003 3504 1187 3559 multis
1232 3505 1494 3578 placuerit
1538 3505 1647 3560 uita
1694 3513 1783 3558 tua
1832 3503 1922 3559 tibi
1968 3502 2177 3576 placere
2209 3520 2318 3557 non
2363 3504 2564 3576 poterit
2599 3503 2797 3581 ΙῐῬΗβ

627 3628 632 3631 -
675 3590 753 3647 99
800 3588 1146 3645 solitudinem
1203 3588 1641 3661 (sollicitudinem
1688 3589 1743 3643 F
1759 3588 1826 3658 V)
1884 3594 2108 3662 quaerat
2166 3582 2395 3659 (quaerit
2443 3588 2797 3665 EFPRassy)

504 3676 596 3749 qui
642 3675 764 3731 uult
793 3691 914 3730 cum
958 3673 1341 3730 innocentibus
1389 3675 1575 3729 uiuere
1609 3671 1943 3749 EFMPRss,
1969 3673 2015 3728 V
2144 3672 2265 3730 100
2293 3673 2539 3728 morieris
2562 3690 2792 3746 praem.

503 3762 572 3816 de
613 3779 751 3817 mor.
787 3766 843 3815 et
884 3760 954 3815 de
985 3775 1126 3813 rem.
1300 3759 1456 3813 uitari
1506 3759 1551 3815 C
1592 3759 1788 3813 mutari
1818 3760 1875 3814 F
1915 3757 2020 3830 (cf.
2067 3758 2204 3832 Syri
2241 3764 2385 3813 sent.
2433 3757 2575 3829 176)
2624 3759 2794 3814 uitare

504 3845 648 3901 PRa
808 3844 994 3915 ⁸uitare
1026 3860 1133 3899 non
1167 3842 1343 3916 possis
1375 3844 1439 3899 M
1457 3844 1514 3911 V,
1562 3846 1631 3900 de
1663 3859 1798 3899 rem.
1983 3842 2098 3900 101
2146 3857 2360 3914 semper
2393 3835 2518 3915 (om.
2556 3844 2634 3915 M)
2684 3842 2792 3898 ‹lis-

501 3931 683 3985 sensio
718 3927 998 4002 (dissentio
1030 3929 1087 3983 F
1111 3928 1372 3983 discessio
1404 3924 1471 4001 P)
1505 3927 1571 3984 ab
1603 3928 1709 3983 alio
1744 3928 1989 4001 incipiat,
2039 3943 2066 3981 a
2098 3936 2152 3983 te
2186 3923 2383 3999 (autem
2416 3928 2549 3984 add.
2582 3924 2666 4001 M)
2715 3945 2796 3983 re-

501 4013 806 4071 conciliatio
823 4010 1214 4088 CEFPRssM
1231 4014 1274 4067 V
1406 4014 1520 4072 102
1556 4032 1662 4069 om.
1686 4014 1743 4067 F.
1865 4027 2119 4066 succurre
2150 4013 2450 4085 paupertati
2482 4014 2794 4082 amicorum,

504 4101 665 4155 immo
711 4099 895 4172 potius
944 4114 1166 4153 occurre
1215 4092 1519 4172 (occurrere
1568 4099 1612 4155 C
1654 4098 1898 4154 occurris
1947 4097 2046 4153 PR
2094 4113 2350 4153 succurre
2394 4095 2476 4165 M,
2520 4099 2618 4153 ubi
2662 4100 2792 4154 add.

502 4186 658 4240 cuiue
705 4185 846 4239 Par.
897 4182 954 4253 S,
1002 4184 1209 4239 euiuiae
1253 4204 1357 4262 ay:
1401 4186 1703 4266 legendum
1753 4179 1884 4254 ciui)
1934 4180 2214 4256 GPRssffl
2429 4182 2545 4239 103
2591 4189 2800 4238 secrete

502 4270 698 4327 amicos
744 4267 1002 4340 admone,
1050 4268 1201 4325 lauda
1244 4278 1416 4349 palam
1465 4273 1734 4346 Scaliyer
1780 4275 1994 4327 secreto
2040 4266 2277 4343 (secrete
2319 4265 2405 4343 Εβ
2451 4267 2499 4322 si
2537 4276 2686 4323 recte
2731 4267 2803 4339 F)

519 4525 547 4552 δ
