3400 5075
592 280 717 343 248
1226 281 1287 328 L.
1330 278 1746 331 PoMt‘omvs
1788 275 2271 327 BONONIENSIS

1613 435 1709 499 IV
1790 436 1829 498 3

769 550 933 637 'Ego
982 574 1302 617 rumorem
1350 551 1532 636 paeirui
1563 550 1732 615 facio
1743 432 1786 635 ,(
1808 433 1959 613 diim
2007 550 2093 613 sit
2137 572 2361 614 rumen
2411 550 2519 632 qui
2567 548 2884 634 impleam.

1637 667 1698 731 V
1749 664 1849 751 (2)

774 784 1101 850 Continuo
1150 784 1230 847 ad
1277 786 1340 846 te
1387 783 1797 847 centuriatim
1848 786 2108 846 mittent
2154 783 2262 866 qui
2309 784 2544 866 panem
2591 786 2828 867 petent.

1618 899 1714 964 VI
1763 896 1865 985 (7)

1628 1017 1791 1098 quae
1838 1014 2161 1098 peditibus
2209 1015 2450 1077 nubere

608 1134 733 1197 155
779 1133 1118 1216 Poterant,
1163 1131 1407 1214 equites
1455 1132 1721 1213 sperant
1766 1151 2048 1215 spureae.

1604 1244 1734 1308 VII
1780 1243 1880 1330 (8)

781 1362 938 1439 Quis
984 1361 1091 1426 lu'c
1140 1362 1281 1425 est?
1329 1384 1522 1445 qua-m
1552 1361 1775 1424 obrem
1820 1361 1925 1425 hio
1971 1361 2267 1445 prostat?
2315 1361 2544 1423 rictum
2575 1363 2639 1422 et
2678 1360 2895 1423 laeibeas

1968 1499 2111 1541 eum
2158 1473 2496 1540 considero
2544 1513 2627 1522 -—

1600 1566 1763 1629 VIII
1849 1568 1877 1628 1

782 1683 1003 1747 Iamne
1052 1683 1393 1746 abierunt?
1457 1682 1589 1746 iam
1637 1704 1771 1747 non
1812 1563 2147 1746 (tuiiduht‘e
2212 1681 2427 1744 izimne
2474 1701 2594 1764 ego
2642 1703 2783 1744 sum
2829 1680 2898 1744 in

1975 1799 2115 1861 tuto
2164 1796 2367 1860 satis?

789 1912 1054 1996 Niinqui
1103 1913 1208 1976 hic
1256 1914 1539 1995 restittit,
1585 1913 1696 1996 qui
1742 1913 2030 1977 nondum
2076 1913 2294 1976 labeas
2339 1909 2564 1976 leran't
2610 1912 2812 1975 mihi?

606 2111 692 2168 84,
736 2111 756 2156 1
800 2108 1152 2157 ‘comedim
1192 2124 1288 2173 pro
1326 2108 1605 2158 comedam
1634 2144 1647 2157 .
1673 2144 1685 2157 .
1718 2143 1730 2155 .
1759 2147 1771 2161 .
1796 2108 2126 2171 Pomponius
2164 2106 2503 2156 Prostibulo:
2540 2112 2664 2171 ego’
2702 2123 2749 2157 e.
2779 2123 2832 2171 q.
2860 2124 2902 2156 a.

613 2175 699 2230 cf,
726 2176 890 2225 Nouii
915 2176 1191 2225 Bubulcus
1329 2177 1403 2225 1v
1444 2175 1653 2225 Nonius
1685 2177 1761 2236 18,
1793 2177 1854 2224 15
1892 2179 2138 2224 ‘rumen
2176 2175 2381 2225 dicitur
2416 2173 2570 2223 locus
2596 2175 2652 2223 in
2689 2181 2902 2237 uentre,

609 2258 715 2308 quo
754 2246 911 2293 cibus
949 2245 1210 2304 sumitur,
1253 2249 1308 2292 et
1344 2244 1488 2292 unde
1529 2243 1806 2302 redditur3
1848 2244 1988 2292 unde
2030 2250 2088 2291 et
2124 2243 2399 2292 ruminare
2437 2242 2680 2291 dicitur.’

607 2311 656 2360 V
692 2311 902 2361 Nonius
945 2312 1029 2371 18,
1070 2315 1131 2360 12
1178 2311 1646 2360 ‘centuriatim
1695 2310 1901 2359 dietum
1951 2317 2035 2360 est
2081 2310 2425 2360 abundanter
2474 2315 2529 2359 et
2575 2311 2823 2375 copiose;
2872 2328 2904 2358 a

612 2380 906 2436 centurii8‚
949 2393 1092 2441 quae
1130 2378 1453 2439 suffragium
1501 2379 1556 2426 in
1604 2378 1841 2427 comitiis
1880 2377 2173 2430 ferebant)
2314 2379 2388 2427 VI
2426 2378 2638 2427 Nonius
2684 2381 2801 2438 394,
2845 2384 2905 2428 15
2941 2383 2953 2397 ⁶

608 2452 940 2511 ‘spurcum
981 2445 1263 2510 significat
1300 2447 1594 2495 obscenum
1621 2449 1678 2494 et
1715 2446 1980 2509 impurum
2008 2450 2064 2494 et
2103 2445 2431 2494 lutulentum
2459 2484 2469 2495 .
2500 2484 2511 2496 .
2539 2481 2552 2493 .
2578 2446 2904 2510 Pomponius

608 2512 945 2565 Prostibulo:
985 2518 1149 2577 quae’
1192 2529 1237 2565 e.
1280 2529 1330 2578 q.
1370 2529 1413 2563 s.
1595 2511 1692 2562 vn
1730 2512 1939 2562 Nonius
1976 2515 2093 2576 456,
2136 2515 2160 2561 1
2201 2514 2463 2563 ‘rictum
2514 2512 2748 2563 ferarum
2793 2514 2903 2563 dici

608 2583 834 2644 uolunt,
872 2595 990 2629 cum
1018 2582 1262 2630 Titinius
1288 2585 1483 2630 auctor
1516 2581 1592 2629 sit
1629 2583 1795 2630 etiam
1833 2580 2066 2630 hominis
2104 2581 2216 2630 dici
2243 2580 2444 2631 debere
2471 2617 2483 2630 .
2511 2618 2522 2629 .
2555 2619 2566 2631 .
2597 2582 2727 2630 item
2756 2583 2905 2631 Pom-

612 2650 809 2713 ponius
844 2648 1182 2698 Prostibulo:
1222 2648 1363 2711 quis’
1404 2666 1449 2697 e.
1490 2666 1540 2712 q.
1579 2664 1620 2697 s.
1766 2649 1891 2698 vnl
1931 2650 2139 2698 Nonius
2178 2649 2257 2709 18,
2300 2652 2324 2698 1
2365 2647 2725 2697 ‘delerare'
2775 2650 2906 2711 (de-

612 2717 823 2765 lirare
863 2715 1080 2778 Bamb.)
1118 2722 1229 2764 ‘est
1267 2718 1330 2766 de
1361 2721 1506 2765 recto
1546 2716 1845 2766 decedere:
1885 2715 2020 2764 lera’
2061 2716 2217 2779 (lira
2245 2717 2432 2769 Bamb.
2465 2716 2615 2765 Leid.
2643 2717 2903 2781 Montisp,

612 2786 738 2833 Par.
779 2784 840 2845 Ρ)
881 2788 993 2832 ‘est
1028 2788 1210 2832 autem
1251 2785 1401 2833 fossa
1440 2792 1619 2846 recta,
1660 2799 1802 2848 quae
1842 2791 2033 2832 contra
2079 2798 2243 2847 agros
2290 2784 2518 2833 tuendos
2558 2783 2800 2846 ducitur,
2851 2790 2907 2832 et

613 2852 669 2900 in
709 2866 870 2914 quam
909 2850 1059 2913 uligo
1099 2857 1278 2901 terrae
1317 2852 1594 2904 decurrat.
1665 2851 1999 2915 Pomponius
2036 2852 2372 2901 Prostibulo:
2417 2852 2712 2904 iamne....
2736 2852 2905 2901 mihi?

611 2919 670 2968 id
709 2926 818 2980 est,
858 2918 1209 2967 confoderit.'

614 3099 963 3155 nominatiuo
1008 3097 1214 3153 haberi
1250 3110 1422 3167 posse
1466 3100 1594 3153 coll.
1645 3116 1698 3153 u.
1737 3096 1849 3152 141
1903 3100 2029 3154 olim
2072 3105 2454 3169 putaueram3
2498 3098 2597 3153 hae
2641 3103 2697 3155 in
2746 3106 2909 3157 textu

606 3174 937 3254 posueram.
1111 3179 1215 3254 ego
1263 3197 1464 3253 quaero
1511 3183 1656 3254 quod
1704 3182 1878 3253 edim,
1926 3182 1977 3237 hi
2023 3185 2066 3237 si
2118 3184 2512 3239 Buechelerus
2641 3194 2908 3257 quaerunt

612 3270 769 3337 libri,
830 3285 942 3323 non
1003 3283 1262 3339 quaerere
1321 3272 1380 3321 ul
1435 3268 1491 3320 in
1539 3269 1663 3322 edd.
1718 3275 1965 3338 practer
2011 3268 2272 3323 Alslinam
2319 3275 2512 3337 extat,
2572 3287 2703 3323 nam
2744 3269 2907 3340 falsa

616 3355 912 3423 Hauptius
941 3358 1205 3406 testatur.
1382 3351 1525 3423 quod
1560 3355 1717 3409 edd„-
1761 3352 1841 3423 cf.
1876 3352 2022 3408 Nou.
2056 3352 2091 3406 6
2126 3369 2264 3424 quos
2303 3354 2440 3409 libri
2606 3357 2909 3409 contrarius

617 3445 699 3494 est
741 3439 877 3492 libri
918 3437 1242 3490 contrarium
1289 3444 1373 3490 est
1418 3436 1694 3493 Mmelrius
1864 3437 1968 3510 ego
2015 3453 2215 3508 quaero
2262 3437 2405 3511 quod
2460 3437 2751 3508 comedim,
2808 3439 2909 3494 hos

616 3537 873 3596 quaerere
919 3519 1062 3592 quod
1122 3526 1306 3575 cacent
1364 3523 1750 3577 contrariumst
1806 3522 2104 3592 Hauplius
2146 3523 2345 3577 Herm.
2396 3520 2467 3576 ΙΙ
2504 3520 2624 3577 216
2680 3525 2911 3597 dactylo

619 3608 817 3663 uilioso
863 3622 977 3660 non
1023 3606 1283 3675 offensus
1326 3621 1431 3677 ego
1478 3605 1677 3678 quaero
1726 3605 1869 3678 quod
1918 3605 2078 3675 edim,
2127 3606 2223 3660 hac
2268 3615 2532 3678 quaerunt
2589 3607 2733 3679 quod
2780 3625 2907 3663 con-

617 3691 893 3746 trariumst
939 3688 1008 3744 A.
1052 3688 1296 3761 Spenyel
1327 3690 1528 3745 Philol.
1562 3691 1778 3746 XXVI
1826 3690 1942 3745 198
1988 3689 2115 3745 duim
2160 3707 2264 3762 ego
2311 3706 2511 3762 quaero
2557 3691 2701 3765 quod
2748 3692 2909 3757 edim,

620 3777 712 3831 has
744 3773 800 3845 (i.
837 3790 885 3829 e.
935 3770 1051 3847 hae)
1101 3783 1395 3844 quaerunt,
1446 3791 1554 3846 quo
1586 3782 1805 3845 cacent,
1850 3776 2122 3829 contrario
2160 3774 2445 3847 Berylcius
2488 3776 2662 3849 symb.
2710 3777 2747 3831 I
2792 3778 2903 3832 101

793 3858 910 3914 153
958 3864 1152 3930 petunt
1214 3858 1405 3913 Urbin.
1455 3858 1574 3915 307
1757 3859 1871 3915 151
1921 3858 2189 3932 peditibus
2246 3874 2346 3913 ms.
2395 3858 2722 3915 Casauboni
2764 3859 2911 3934 pedi-

621 3944 719 3998 hus
767 3946 949 3998 ceteri
987 3944 1124 3998 libri
1156 3958 1160 3962 ’
1339 3942 1456 3999 156
1503 3943 1623 4015 quis
1669 3943 1756 3998 hie
1801 3952 1884 3997 est
1930 3947 2031 3999 alii
2068 3943 2421 4014 praeferant
2626 3944 2743 4001 157
2790 3962 2909 4000 sum

621 4034 786 4084 extat
830 4031 886 4083 in
949 4028 1021 4082 W
1061 4032 1115 4082 et
1166 4027 1360 4082 Urbin.
1393 4026 1536 4098 307,
1585 4046 1689 4084 om.
1725 4035 1865 4085 teste
1910 4035 1964 4083 et
2002 4030 2288 4099 probante
2333 4028 2394 4083 L.
2441 4028 2723 4087 Mueller-o
2768 4046 2911 4085 mus.

622 4114 808 4169 Rhen.
840 4112 1088 4168 XXVII
1117 4110 1237 4167 287
1283 4115 1342 4166 in
1373 4112 1544 4168 Leids
1707 4113 1823 4169 158
1871 4115 2106 4186 uunquis
2149 4115 2298 4183 libri,
2346 4117 2588 4169 correxi
2755 4116 2913 4169 resti-

624 4204 701 4253 tat
731 4200 942 4269 scripsi
969 4196 1172 4252 resistit
1198 4198 1334 4253 libri
1359 4205 1526 4253 restat
1560 4198 1832 4269 Boacias,
1864 4200 2017 4270 quod
2043 4199 2278 4271 uunquis
2306 4199 2581 4254 librorum
2612 4203 2911 4271 scriptura

625 4284 1070 4338 commendatur.
