3400 5075
661 344 743 406 66
1446 349 1833 400 CAECILIVS
1871 349 2170 401 STATIVS

1624 503 1787 569 XIII
1835 501 1982 591 (18)

667 618 791 680 180
838 616 1004 691 Quid
1048 618 1172 682 hoc
1220 619 1509 683 futurum
1539 618 1904 704 obsoniost‚
1949 620 2060 685 ubi
2087 621 2344 684 tentum
2373 624 2613 705 sumpti
2659 622 2950 687 fectum?

1628 734 1788 799 XIV
1835 733 1982 821 (17)

834 845 1141 911 Inszinum
1193 849 1548 931 auspicium
1600 846 1806 936 [haut]
1858 851 2046 914 §.liter
2090 851 2502 915 histri6nium
2549 857 2665 936 est,

833 960 1048 1045 Atque
1095 966 1169 1026 iit
1212 964 1660 1047 magistr-atne,
1706 965 1999 1049 publicae
2049 963 2188 1051 [rei]
2239 990 2384 1031 cum
2430 969 2768 1051 auspicant

1641 1078 1766 1143 XV
1816 1076 1962 1166 (10)

833 1191 931 1255 Tu
994 1214 1228 1256 nurum
1291 1214 1427 1257 non
1491 1191 1592 1257 uis
1657 1194 1947 1259 odiosam
2003 1193 2128 1259 tsbi
2182 1218 2348 1279 esse,
2412 1218 2605 1279 quam
2661 1197 2949 1260 rarenter

1938 1309 2203 1374 uideas?

1623 1422 1784 1487 XVI
1832 1421 1978 1509 (13)

782 1598 785 1603 s
837 1538 953 1601 Ibo
1003 1537 1085 1600 ad
1130 1538 1343 1602 forum
1391 1542 1458 1601 et
1501 1539 1795 1623 pauperii
1841 1540 2113 1603 tutelam
2160 1561 2397 1626 geram.

1610 1662 1806 1728 XVII
1853 1662 1998 1750 (19)

656 1777 782 1842 185
828 1777 945 1840 Ib6
1002 1777 1289 1841 domum:
1355 1777 1438 1841 ad
1500 1777 1753 1861 plebem
1808 1779 2124 1864 pergitur:
2188 1776 2537 1863 publicitus
2595 1778 2944 1843 defendun-

1928 1893 2161 1958 dumst.

1609 2006 1838 2072 XVIII
1887 2008 1986 2094 (8)

833 2121 1278 2205 Opulentitate
1325 2123 1549 2186 ndstra
1598 2123 1723 2186 sibi
1772 2120 1956 2210 [esse]
2005 2123 2305 2187 iniuriam

834 2235 1101 2301 Facttim

651 2432 763 2482 abi’
813 2449 860 2480 e.
910 2448 962 2495 q.
1010 2448 1055 2484 s.
1128 2430 1427 2493 (Plocias
1474 2431 1671 2488 Basil.)
1844 2431 1977 2483 XIII
2012 2432 2222 2483 Nonius
2256 2434 2382 2490 484.
2428 2437 2494 2484 33
2531 2435 2813 2499 ‘sumpti
2850 2449 2946 2499 pro

650 2506 898 2564 sumptus
925 2534 938 2549 .
964 2537 976 2550 .
1005 2503 1042 2553 .'
1180 2498 1310 2550 XIV
1344 2499 1557 2552 Nonius
1592 2500 1720 2559 468,
1769 2501 1836 2550 25
1881 2501 2275 2566 ‘auspicaui
2320 2517 2416 2566 pro
2462 2502 2784 2567 auspicatus
2828 2516 2946 2553 sum

652 2607 666 2620 .
689 2603 702 2617 .
725 2605 737 2616 .
765 2567 1048 2617 Caecilius
1084 2566 1300 2617 Plocio:
1337 2569 1677 2618 insanum’
1718 2583 1767 2619 e.
1796 2584 1849 2632 q.
1874 2583 1917 2620 Β.
1949 2631 1956 2634 ,
1990 2569 2258 2619 ‘Naeuius
2296 2568 2430 2619 belli
2454 2569 2716 2620 Poenici.
2741 2609 2755 2622 .
2774 2606 2787 2619 .
2808 2568 2946 2620 Cae-

651 2635 812 2684 cilius
850 2634 1066 2684 Plocio:
1112 2639 1182 2684 ut
1227 2636 1681 2700 magistratus
1726 2634 2001 2700 publice
2049 2651 2189 2685 cum
2236 2637 2640 2701 suspicent)

650 2702 749 2752 XV
784 2702 995 2752 Nonius
1036 2704 1147 2764 164,
1183 2705 1250 2752 26
1298 2707 1646 2753 ‘rarenter
1693 2717 1791 2767 pro
1828 2706 1991 2753 rare?
2129 2703 2258 2754 XVI
2293 2704 2502 2753 Nonius
2539 2707 2656 2766 220,
2691 2707 2726 2753 4
2761 2710 2944 2769 ‘pau-

651 2776 884 2835 pertas
921 2771 1138 2833 generis
1178 2770 1443 2819 feminini.
1517 2771 1713 2822 Neutri
1750 2768 2028 2820 Caecilius
2065 2770 2320 2821 Plochio:
2365 2772 2481 2821 ibo'
2521 2787 2568 2820 e.
2609 2787 2670 2835 qe
2698 2787 2741 2825 s.

650 2838 804 2887 XVII
842 2838 1052 2887 Nonius
1076 2840 1190 2899 513,
1233 2840 1262 2887 7
1300 2838 1708 2902 ‘publicitus
1739 2853 1842 2902 pro
1879 2837 2100 2903 publice
2131 2876 2144 2888 .
2171 2876 2184 2889 .
2211 2875 2224 2889 .
2252 2838 2535 2888 Caecilius
2571 2839 2786 2890 Plocio:
2827 2839 2940 2888 ibo’

651 2921 699 2954 e.
740 2921 789 2969 q.
829 2921 869 2955 s.
1011 2905 1192 2956 xvm
1242 2906 1451 2956 Nonius
1498 2906 1623 2969 146,
1671 2907 1736 2955 14
1781 2905 2248 2970 ‘opulentitas
2292 2922 2391 2971 pro
2437 2904 2721 2971 opulentia
2758 2944 2770 2956 .
2810 2943 2862 2959 ..
2889 2943 2902 2956 .
2930 2941 2944 2954 .

649 3084 832 3156 auser,
888 3083 935 3138 si
990 3086 1205 3154 scripsi
1245 3082 1397 3138 auser
1462 3083 1673 3154 Urbim,
1721 3086 1901 3156 uulqo
1945 3083 2119 3139 aufert
2175 3087 2358 3139 celeri
2396 3085 2533 3140 libri
2574 3084 2786 3140 auferto
2837 3085 2945 3141 Bo-

648 3170 801 3225 thius
974 3167 1196 3223 hocedic
1243 3166 1535 3241 Berylcius
1577 3168 1771 3228 diurn.
1820 3172 1997 3241 antiq.
2051 3166 2210 3225 1855
2253 3170 2292 3224 l.
2333 3170 2374 3225 l.
2420 3171 2748 3225 continuato
2794 3176 2945 3224 ocio-

647 3257 818 3309 nario
862 3253 1104 3309 iambico
1275 3269 1351 3307 an
1398 3251 1625 3307 extollet
1668 3256 1793 3308 siue
1822 3252 2071 3309 extollit?
2246 3252 2368 3309 180
2412 3252 2642 3308 obsonio
2699 3260 2782 3307 est
2827 3253 2944 3308 Bo-

651 3339 803 3394 thius
846 3336 883 3392 2
942 3335 1171 3392 obsonio
1220 3345 1273 3390 et
1315 3336 1453 3392 libri
1623 3336 1741 3394 181
1792 3336 2273 3411 hospitiumLeid.
2407 3337 2537 3392 haut
2567 3337 2787 3402 addidi,
2834 3354 2940 3390 om.

648 3422 783 3478 libri
934 3422 1223 3475 istrionum
1259 3420 1397 3477 libri
1569 3419 1688 3478 182
1735 3419 1977 3494 publicae
2022 3421 2100 3476 rei
2143 3438 2263 3477 cum
2309 3425 2525 3493 scripsi
2566 3418 2778 3493 publice
2823 3436 2942 3475 cum

648 3508 785 3562 libri
827 3522 947 3561 cum
994 3503 1283 3579 publicitus
1326 3504 1564 3578 Machly
1606 3507 1645 3561 l.
1694 3506 1732 3561 l.
1781 3503 1993 3578 publice
2039 3505 2254 3578 quando
2301 3507 2429 3561 olim
2475 3508 2698 3561 conieci
2864 3505 2944 3559 in-

650 3607 839 3646 sanum
884 3589 1206 3663 auspicium}
1256 3620 1333 3628 —
1382 3589 1617 3661 fallitur,
1665 3590 2009 3646 histrioniam
2040 3595 2125 3644 est
2155 3589 2340 3663 Neque
2389 3598 2445 3646 ut
2490 3606 2579 3650 m.,
2628 3607 2682 3662 p.
2729 3587 2943 3662 quando

650 3676 931 3748 auspicaut
985 3674 1231 3730 Botkius
1291 3674 1323 3731 i.
1381 3676 1458 3730 a.l
1521 3673 1661 3730 haud
1719 3673 1876 3729 aliter
1930 3673 2272 3729 histrionium
2327 3681 2442 3744 est,
2501 3675 2680 3746 Atque
2736 3682 2797 3729 ut
2854 3689 2942 3743 m.‚

650 3758 864 3833 publice
895 3774 1113 3832 quoque
1146 3760 1423 3832 suspicent
1454 3758 1796 3831 Spenyelius
1970 3757 2088 3816 183
2135 3774 2331 3813 nurum
2363 3765 2422 3813 tu
2452 3775 2562 3814 non
2595 3760 2674 3813 uis
2706 3758 2945 3815 odiosam

651 3843 747 3899 tibi
779 3842 908 3898 Esse
954 3843 1298 3916 Spenyelius
1557 3841 1674 3899 184
1722 3844 1964 3917 pauperii
2020 3842 2238 3915 scripsi
2289 3841 2393 3917 (cf.
2444 3842 2662 3900 Gellius
2705 3843 2804 3899 IX
2846 3839 2941 3915 14)

650 3929 874 4002 pauperi
917 3928 1052 3983 libri
1094 3930 1352 4001 pauperie
1386 3927 1727 3999 Spenyelius
1767 3929 2022 4001 pauperie
2055 3928 2299 3984 Botkius
2451 3926 2568 3984 185
2614 3926 2686 3983 ibi
2730 3927 2944 3982 demum

652 4013 896 4069 Boebius
940 4012 1156 4067 domum
1202 4011 1291 4068 ibo
1339 4012 1665 4068 Grauertus
1719 4013 1890 4068 Anal.
1941 4011 2062 4068 114
2233 4013 2479 4085 pergitor
2524 4012 2862 4085 Spenqelius

668 4099 803 4154 Vide
848 4115 924 4153 an
969 4099 1053 4152 sic
1092 4100 1285 4166 potius
1329 4094 1418 4151 ibo
1450 4094 1514 4152 ind
1549 4095 1755 4166 sorum,
1803 4096 1867 4151 ad
1911 4095 2125 4170 plebem
2167 4095 2460 4171 peragetur
2504 4097 2830 4154 sribendum
2874 4099 2946 4150 sil

819 4180 1222 4237 defendundum
1268 4189 1351 4236 est
1393 4181 1530 4236 libri
1565 4184 1832 4257 plerique
1875 4180 2270 4237 defendendum
2316 4191 2398 4235 est
2444 4181 2646 4236 Bamb.
2826 4177 2943 4233 186

650 4284 769 4322 esse
825 4268 1050 4335 addidi,
1106 4283 1211 4321 om.
1268 4266 1408 4321 libri
1580 4265 1696 4322 187
1756 4265 1945 4321 saetam
2003 4266 2312 4322 Mercerus
2365 4265 2552 4319 faciam
2606 4263 2761 4330 libri,
2831 4278 2943 4332 quo

650 4358 885 4407 seruato
932 4353 1059 4406 olim
1107 4367 1173 4404 ne
1214 4358 1344 4421 post
1388 4349 1488 4405 sibi
1532 4354 1916 4419 inserueram,
1977 4351 2022 4404 si
2067 4350 2466 4406 Buce-helerus
2501 4349 2776 4417 proponit
