3400 5075
589 352 684 409 CX
1476 350 1575 406 AD
1618 349 1979 406 TRAGICOS

763 513 958 598 Leve,
1019 515 1129 579 sed
1188 536 1318 579 non
1377 514 1641 598 rectiuS,
1709 514 1762 577 si
1827 515 1978 598 quid
2036 516 2271 598 senti0‚
2332 518 2432 581 est
2489 515 2657 601 quod
2716 514 2887 601 apud

591 622 854 687 Accium
900 645 959 687 v.
989 622 1075 687 80
1113 625 1503 705 anapaestos
1550 621 1718 684 tales
1765 642 1798 683 ο
1844 622 2100 695 du'rum,
2148 646 2180 685 o
2225 622 2684 706 hostificumque
2727 627 2888 690 diem

587 751 642 794 e.
685 750 743 812 q.
792 750 839 793 s.
896 729 1242 812 proposuit
1298 749 1555 813 censor,
1617 730 1969 812 postquam
2015 749 2136 812 ego
2182 730 2251 794 in
2298 729 2720 795 adnotatione
2767 732 2886 796 hos

585 858 620 902 o
665 838 987 918 dirumque
1048 835 1505 917 hostificumque
1558 857 1609 899 e.
1666 856 1725 917 q.
1783 857 1831 899 s.
1887 836 2510 901 commendaveram.
2602 860 2757 902 nam
2821 839 2887 903 in

585 942 1051 1007 interiectionis
1106 966 1138 1006 0
1192 942 1575 1025 repetitione
1643 942 1784 1024 quis
1843 942 2280 1025 copulativam
2334 964 2447 1025 que
2500 944 2886 1028 particulam

586 1050 774 1113 alteri
821 1050 1112 1113 membro
1162 1048 1450 1113 additam
1495 1047 1856 1112 tolerabit?

763 1155 1129 1220 Ridiculum
1192 1175 1393 1236 prope
1451 1154 1621 1237 quod
1678 1158 2008 1238 receptam
2066 1155 2237 1239 apud
2292 1158 2564 1221 eundem
2619 1157 2887 1223 Accium

584 1286 643 1329 v.
697 1264 821 1328 179
849 1264 1143 1342 Froeyiae
1187 1260 1466 1325 formam
1515 1264 1816 1344 correpta
1862 1261 2119 1344 quidem
2166 1261 2573 1350 diphthongo
2621 1265 2885 1329 metien-

587 1369 735 1435 dam
790 1369 932 1434 ideo
979 1368 1379 1452 reprobavit,
1433 1368 1605 1452 quod
1659 1369 1981 1431 Amoecum
2033 1367 2316 1433 Palatini
2373 1372 2761 1454 scripturam
2818 1372 2885 1435 in

586 1476 860 1562 Vergilii
925 1476 1084 1540 Aen.
1139 1473 1267 1539 XII
1321 1475 1452 1540 509
1518 1478 1770 1539 textum
1834 1495 1969 1538 non
2032 1475 2436 1559 recepissem.
2528 1478 2714 1560 quasi
2772 1480 2886 1541 aut

587 1583 1003 1665 refutavisset
1075 1582 1273 1646 homo
1340 1582 1568 1646 doctus
1627 1576 1806 1664 'quod
1861 1580 2019 1645 olim
2083 1580 2229 1645 aliis
2295 1583 2597 1667 probavi,
2671 1584 2885 1667 ipsum

586 1688 857 1754 Accium
895 1712 960 1754 oe
1004 1688 1483 1773 diphthongum
1531 1709 1648 1771 pro
1680 1687 1930 1752 Graeca
1966 1693 2024 1750 T
2061 1688 2129 1751 in
2165 1688 2351 1753 libris
2382 1690 2515 1754 suis
2547 1691 2883 1773 scripsisse

586 1799 700 1862 aut
726 1795 1092 1882 Vergilium
1138 1794 1464 1860 docuisset
1510 1795 1794 1859 eiusdem
1823 1793 2336 1880 consuetudinis,
2383 1817 2547 1879 quae
2576 1797 2643 1860 in
2671 1797 2882 1880 plebis

586 1926 696 1969 ore
741 1902 1080 1987 remansit,
1127 1905 1516 1966 sectatorem
1560 1901 1781 1965 fuisse.

761 2008 1009 2073 Pusilla
1054 2007 1417 2093 diligentia,
1465 2008 1577 2071 sed
1621 2030 1770 2073 vere
1816 2009 2096 2073 fortasse
2145 2008 2398 2073 monuit
2438 2011 2630 2075 selesei
2676 2011 2877 2095 scrip-

583 2121 802 2181 turam
847 2113 1028 2203 (nam
1072 2114 1197 2180 hoc
1243 2136 1391 2177 eum
1431 2113 1712 2195 voluisse
1762 2112 2038 2201 conicio)
2076 2114 2280 2178 latere
2310 2116 2378 2178 in
2404 2118 2596 2181 saesic
2621 2117 2882 2203 litteris,

583 2223 696 2287 ubi
756 2223 824 2287 in
877 2224 1060 2285 textu
1115 2220 1382 2285 Pacuvii
1437 2244 1494 2286 v.
1546 2222 1621 2285 11
1682 2230 1820 2284 saxi
1873 2221 2180 2285 nimirum
2246 2222 2491 2288 editum
2557 2228 2674 2287 est.
2768 2225 2881 2289 sed

582 2329 745 2394 illud
789 2329 1205 2412 potissimum
1248 2330 1510 2411 poetam
1558 2328 1897 2411 reliquisse
1944 2327 2087 2411 quis
2136 2315 2498 2412 spondeat?

761 2437 853 2500 At
899 2436 1232 2501 verissime
1286 2434 1668 2519 typothetae
1718 2456 2002 2499 errorem
2049 2435 2358 2520 correxit,
2406 2457 2531 2520 quo
2579 2436 2648 2499 in
2684 2435 2884 2500 Ennii

584 2567 643 2611 v.
698 2546 828 2610 280
893 2544 1081 2607 claret
1143 2565 1517 2627 expressum
1582 2545 1682 2606 est
1698 2593 1717 2628 ,
1796 2564 1940 2606 cum
2005 2541 2195 2608 οἶα-νεῖ
2256 2543 2548 2607 senarius
2612 2542 2881 2627 flagitet.

584 2650 931 2717 temeraria
974 2653 1195 2713 tamen
1241 2652 1307 2714 et
1352 2653 1573 2733 aperte
1620 2648 1791 2713 falsa
1838 2649 2210 2715 coniectura
2255 2650 2324 2714 in
2349 2648 2551 2714 Nonii
2578 2649 2880 2713 lemmate

573 2753 780 2824 ‘clara
842 2758 961 2823 sit’
1026 2778 1144 2841 pro
1191 2755 1433 2821 tradito
1493 2756 1624 2821 ‘est'
1683 2756 1879 2821 scribi
1944 2757 2154 2821 iussit.
2242 2756 2367 2821 hoc
2430 2756 2645 2839 ipsum
2710 2755 2880 2820 enim

583 2865 833 2931 duobus
881 2864 1191 2948 exemplis
1238 2863 1516 2947 probare
1563 2862 1772 2927 voluit
1797 2860 2052 2927 Nonius
2061 2915 2080 2949 ,
2125 2863 2316 2928 claret
2359 2865 2426 2927 et
2462 2861 2878 2927 indicativum

583 2993 724 3037 esse
773 2976 839 3036 et
884 2971 1389 3036 coniunctivum:
1438 2972 1629 3052 atque
1676 2969 2066 3034 indicativus
2115 2992 2153 3034 a
2200 2968 2481 3034 clarendi
2519 2970 2717 3034 verbo
2748 2990 2879 3032 cer-

580 3080 872 3144 tissimus
930 3081 1030 3142 est
1076 3079 1144 3142 in
1190 3077 1466 3161 Turpilii
1512 3100 1569 3141 v.
1623 3077 1775 3160 152,
1830 3076 2311 3142 conjunctivum
2363 3076 2432 3141 in
2477 3074 2676 3139 Ennii
2734 3076 2877 3140 loco

585 3186 1017 3271 agnoscimus.
1107 3204 1262 3269 ergo
1311 3184 1723 3248 servandum:
1770 3180 2029 3268 ‘claret,
2086 3184 2260 3247 clara
2306 3185 2407 3247 est
2454 3182 2553 3246 vel
2601 3183 2877 3247 clareat.'

758 3293 1160 3357 Restitutum
1206 3290 1551 3355 verborum
1598 3289 1887 3355 ordinem
1933 3291 2001 3354 in
2028 3289 2291 3355 Pacuvii
2329 3291 2534 3373 praet.
2571 3291 2641 3373 4,
2688 3308 2879 3373 quem

581 3399 798 3464 nescio
858 3422 983 3484 quo
1041 3397 1390 3462 memoriae
1446 3398 1636 3481 lapsu
1681 3397 2080 3462 Buechelero
2127 3396 2348 3460 deberi
2395 3395 2877 3477 adnotaveram,

580 3506 996 3572 Fleckeiseno
1053 3503 1260 3591 (misc.
1315 3505 1455 3569 crit.
1511 3503 1628 3591 42)
1688 3505 1921 3569 merito
1979 3503 2355 3587 vindicavit3
2423 3505 2614 3586 atque
2680 3501 2878 3565 etiam

584 3615 908 3680 Gulielmii
962 3634 1198 3677 nomen
1263 3612 1521 3695 saepius
1579 3620 1600 3675 z·
1654 3611 1865 3676 vocali
1920 3633 2052 3675 non
2109 3633 2225 3674 suo
2282 3610 2425 3674 loco
2474 3611 2625 3692 post
2671 3607 2719 3692 l,
2766 3605 2878 3671 sed

581 3726 736 3806 post
779 3747 820 3786 u
867 3742 1173 3806 expressa
1219 3719 1403 3785 docte
1452 3719 1821 3804 castigavit.

759 3828 934 3893 Vera
997 3833 1062 3892 et
1125 3828 1351 3914 gravia
1414 3825 1843 3891 frustulorum
1897 3825 2168 3890 vulnera
2219 3822 2534 3888 medicam
2589 3820 2876 3887 censoris

582 3957 843 4001 manum
890 3939 1156 4017 experta
1198 3956 1332 3999 non
1377 3936 1545 3998 sunt.

760 4043 851 4107 At
893 4042 1108 4107 hercle
1147 4042 1307 4106 mihi
1354 4041 1487 4104 fere
1534 4039 1675 4123 ipse
1724 4038 2110 4123 subirascor,
2157 4036 2328 4121 quod
2374 4059 2451 4100 ex
2497 4034 2879 4117 Rudolphi
3002 4041 3011 4050 '

582 4149 811 4236 Ellis,
859 4150 979 4215 viri
1017 4148 1497 4231 humanissimi,
1545 4146 1652 4229 qui
1689 4146 1757 4209 in
1787 4145 2138 4210 Academia
2175 4144 2644 4208 Britannorum
2686 4139 2873 4224 ephe-

583 4258 822 4323 meride
861 4280 1028 4322 anno
1074 4257 1244 4321 1872
1284 4276 1347 4338 p.
1381 4255 1503 4318 177
1536 4276 1673 4338 sqq.
1703 4253 2049 4318 admodum
2076 4251 2396 4315 urbanum
2426 4250 2501 4315 de
2529 4249 2699 4313 libro
2728 4266 2872 4309 meo

583 4365 886 4432 iudicium
931 4365 1107 4451 tulit,
1153 4363 1399 4428 fructus
1447 4383 1608 4448 quos
1658 4360 1888 4426 vellem
1926 4359 2257 4444 percipere
2286 4357 2519 4421 nescio,
2594 4352 2876 4417 Videant
