3400 5075
656 340 778 404 192
1575 341 1637 389 L.
1677 338 2041 390 AFRANIVS

1635 496 1798 560 VIII
1847 494 1948 582 (7)

641 613 798 679 218ι
821 659 1375 678 ......
1459 613 1758 696 exequias
1806 612 2144 675 edntitant.

1505 734 2076 800 MEGALENSIA

1924 846 1992 906 fit
2038 863 2158 926 ego
2208 863 2349 905 sero
2398 842 2605 904 sentio

647 961 777 1025 220
827 960 916 1023 Te
965 963 1099 1024 non
1147 983 1359 1024 amare
1409 962 1510 1023 me
1557 959 1817 1022 cordate
1866 981 1940 1022 ao
1987 959 2245 1021 sainiter.

1672 1091 1921 1155 OMEN

1703 1208 1731 1270 Ι
1783 1207 1885 1293 (7)

930 1376 942 1388 .
1037 1324 1284 1388 amabit
1329 1324 1615 1407 sepiens,
1663 1323 1926 1406 cupient
1972 1322 2183 1385 ceteri.

1683 1436 1746 1501 II
1795 1434 1896 1522 (3)

832 1555 1122 1620 Datatim
1172 1578 1434 1619 uxorem
1481 1560 1553 1618 ut
1596 1553 1782 1616 hidas
1875 1604 1888 1617 .
1983 1604 1996 1615 .
2089 1602 2102 1615 .
2178 1601 2192 1614 .
2283 1601 2299 1615 .

1675 1667 1771 1732 III
1822 1667 1923 1754 (8)

821 1786 1035 1870 Atque
1085 1785 1194 1850 1'lle
1242 1785 1581 1869 derepente
1630 1785 1696 1847 in
1746 1785 2103 1847 iumentum
2153 1782 2347 1847 exilit..

646 1981 863 2029 Festum
904 1997 954 2045 p.
991 1984 1108 2042 360,
1147 1984 1212 2030 20
1249 1980 1320 2030 Μ.
1479 1979 1612 2030 VIII
1660 1980 1857 2030 Festus
1895 1995 1945 2043 p.
1987 1981 2078 2030 161
2118 1978 2191 2030 Μ.
2244 1980 2518 2028 ‘naenia
2555 1983 2642 2027 est
2678 1961 2935 2044 [carinem

644 2046 788 2109 quod
828 2049 882 2097 in
921 2049 1114 2097 funere
1153 2044 1442 2110 laudandi]
1495 2050 1679 2111 gratia
1725 2045 2002 2113 onustatur
2040 2046 2108 2097 ad
2156 2047 2378 2110 tibiam,
2429 2046 2572 2110 quod
2608 2046 2935 2096 uocabulum

645 2113 999 2245 Afrafnine
1049 2118 1113 2163 in
1162 2113 1594 2180 Malterteris
1644 2116 1865 2180 posuit,
1949 2156 1961 2169 .
2002 2153 2013 2164 .
2053 2154 2067 2169 .
2101 2157 2113 2168 ,
2151 2153 2163 2164 .
2204 2112 2564 2178 exelquias
2601 2112 2935 2179 canti[ta·

647 2182 811 2232 bant
948 2181 1240 2247 Suppleuit
1278 2181 1533 2246 Scaliger

682 2316 713 2366 d
779 2250 1162 2300 Mimanta-‚ssu
1232 2251 1444 2301 Nonius
1470 2252 1589 2314 515,
1617 2253 1676 2298 21
1708 2250 2016 2300 ’.εαιιίιει
2090 2249 2355 2300 Afranius
2391 2248 2933 2314 Negalensibus:

647 2333 677 2366 a
720 2322 862 2366 esto’
901 2335 947 2371 e
972 2334 1038 2385 q.
1081 2335 1124 2368 s.

782 2386 946 2435 Osann
1025 2388 1042 2435 Ι
1084 2386 1291 2435 Nonius
1326 2387 1446 2447 421,
1488 2388 1549 2436 19
1587 2384 1857 2448 ‘cupido
1906 2392 1963 2436 et
2001 2401 2181 2435 arnor
2225 2383 2362 2434 idem
2400 2383 2713 2449 significare
2752 2384 2937 2434 uiden-

645 2460 757 2514 tur,
798 2458 855 2501 et
881 2459 966 2504 est
992 2452 1306 2506 diuersitas.
1381 2452 1591 2517 Cupido
1619 2453 1762 2501 enim
1790 2453 2233 2503 inconsideratae
2259 2460 2346 2503 est
2371 2453 2749 2513 necessitatis,
2789 2468 2939 2501 amor

646 2521 874 2575 iudicii
946 2521 1247 2576 ,Afranius
1283 2522 1339 2571 in
1378 2521 1601 2571 Omine·
1642 2521 1872 2569 amabit’
1910 2535 1954 2571 e.
1992 2537 2044 2586 q.
2082 2537 2124 2571 s.
2197 2521 2423 2572 Sei-nius
2460 2522 2516 2570 in
2555 2523 2685 2572 Aen.
2727 2490 2798 2571 1’v
2842 2523 2938 2570 194

646 2590 1054 2653 ‘cupidinem
1093 2596 1308 2640 ueteres
1346 2589 1760 2639 immoderatum
1790 2604 2025 2638 amorem
2064 2589 2345 2641 dicebant.
2416 2590 2679 2639 Afranius
2707 2587 2934 2639 Cinere-

646 2658 725 2705 rio
767 2654 888 2720 [ΙΙΙ]
917 2695 928 2707 .
959 2694 971 2708 .
1002 2700 1013 2712 .
1042 2694 1056 2709 .
1085 2664 1310 2707 amant
1345 2659 1727 2722 sapientes,
1766 2657 2053 2721 cupiunt
2090 2660 2350 2710 ceteri.’
2425 2658 2617 2720 (Extat
2656 2656 2745 2705 hic
2785 2657 2936 2706 locus

646 2727 700 2772 in
729 2725 847 2774 solo
875 2726 990 2777 cod.
1024 2726 1287 2775 Beruensi
1321 2728 1430 2774 172.
1492 2723 1745 2774 Excidit:
1782 2723 1953 2773 idem
1980 2724 2043 2773 in
2071 2723 2348 2789 Omine.)
2421 2725 2688 2790 Apuleius
2715 2725 2936 2789 apolog.

645 2808 689 2841 c.
741 2794 801 2841 12
845 2808 895 2856 p.
924 2796 1008 2850 ,19
1057 2794 1117 2841 Β.
1164 2798 1557 2858 ‘quapropter,
1616 2791 1720 2841 etsi
1776 2792 2166 2856 pereleganter
2210 2793 2471 2844 Afranius
2524 2794 2627 2841 hoc
2672 2794 2937 2857 scriptum
3010 2817 3013 2820 ⁴

646 2860 895 2924 reliquitz
935 2862 1146 2910 amabit
1173 2898 1185 2910 .
1213 2898 1225 2910 .
1254 2897 1264 2909 .
1294 2862 1495 2920 ceteri,
1544 2863 1754 2909 tamen’
1793 2875 1839 2908 e.
1881 2875 1929 2921 q.
1967 2875 2011 2914 s,
2150 2859 2205 2911 11
2242 2860 2450 2910 Nonius
2487 2862 2577 2917 96,
2620 2862 2679 2911 17
2718 2861 2935 2909 ‘dats-

644 2928 791 2991 tim,
840 2928 897 2978 id
947 2933 1034 2977 est
1079 2928 1312 2977 inuicem
1361 2927 1542 2977 dando
1579 2968 1591 2980 .
1628 2963 1641 2976 .
1675 2963 1689 2978 .
1724 2926 1989 2977 Afranius
2037 2929 2343 2978 Homine:
2401 2928 2656 2978 datatim’
2707 2943 2754 2976 e.
2805 2945 2854 2993 q.
2892 2943 2934 2980 8.

644 2994 993 3055 (hominem
1029 2994 1214 3058 Leid.)
1352 2996 1436 3047 111
1477 2995 1689 3046 Nonius
1727 2995 1852 3053 518,
1889 2997 1921 3045 8
1958 2995 2363 3061 ‘derepente
2401 3034 2414 3048 .
2442 3033 2454 3045 .
2483 3032 2495 3045 .
2523 2994 2793 3044 'Afranius
2842 2995 2936 3045 In·
2992 3016 2999 3023 ·

645 3063 842 3113 cendio
880 3060 1002 3128 [vl]
1055 3061 1194 3112 idem
1233 3063 1288 3112 in
1326 3063 1640 3113 Homine:
1688 3068 1850 3127 atque
1889 3099 1901 3112 .
1932 3102 1946 3116 .
1969 3099 1984 3115 .
2016 3064 2191 3114 exilit.
2264 3063 2565 3113 Contendit
2600 3063 2809 3121 oculos,
2846 3063 2937 3113 de-

817 3233 961 3299 218³
997 3242 1258 3297 cantitant
1287 3244 1339 3297 si
1365 3242 1587 3311 scribis,
1623 3246 1855 3312 exilum,
1890 3246 1941 3297 si
1967 3241 2295 3298 cantitabam
2327 3242 2613 3315 Scaliyeri
2636 3243 2937 3314 praefers,

639 3329 993 3398 principium
1039 3340 1248 3382 uersus
1290 3327 1472 3381 habes
1686 3326 1808 3381 219
1855 3336 1908 3381 at
1954 3344 2058 3400 ego
2103 3343 2228 3382 sero
2285 3329 2460 3382 sentio
2506 3343 2662 3383 nuile
2706 3330 2935 3398 scripsi.

644 3410 831 3466 adesto
879 3413 1115 3467 assentio
1178 3410 1247 3465 W
1291 3409 1465 3467 Harl.
1513 3411 1652 3467 Par.
1704 3411 1754 3466 P
1794 3410 1982 3467 adesto
2041 3411 2287 3466 adsentio
2333 3414 2510 3466 celeri
2549 3413 2701 3468 libri.
2798 3410 2936 3467 Olim

645 3499 826 3551 uisum
858 3503 988 3553 eral
1018 3495 1206 3552 adesto
1250 3497 1637 3568 dilloyraphia
1683 3503 1871 3552 ortum
1917 3511 2074 3552 esse:
2117 3497 2174 3550 in
2222 3503 2386 3551 textu
2417 3495 2482 3550 ah
2527 3497 2705 3551 sentio
2751 3499 2935 3567 scrip-

644 3596 853 3635 seram.
915 3589 968 3635 at
1013 3587 1131 3636 esto
1166 3583 1446 3636 :assentio
1496 3581 1905 3637 Neulcirchius.
1951 3588 2005 3634 at
2050 3590 2188 3637 esto.
2232 3575 2265 3647 ss'
2307 3597 2335 3634 a
2380 3582 2558 3636 sentio
2599 3583 2826 3653 placuit
2876 3580 2934 3635 L.

643 3663 928 3721 Muellero
961 3668 1181 3721 cennall.
1229 3665 1453 3736 philon.
1494 3665 1653 3722 1868
1695 3682 1757 3735 p.
1804 3664 1926 3720 432
1976 3664 2310 3737 Megalensiis
2356 3665 2563 3721 adesto.
2613 3660 2643 3731 [Γ
2687 3681 2714 3719 a
2760 3666 2936 3720 sentio

647 3749 1071 3819 Buechelerus‚
1119 3754 1175 3805 in
1224 3749 1601 3823 negaiensibus
1646 3749 1725 3821 (u.
1760 3749 1966 3821 supra)
2012 3753 2348 3821 corruptela
2384 3753 2533 3807 tituli
2562 3753 2719 3807 uelut
2751 3748 2937 3804 Omine

644 3841 908 3890 extrema
954 3837 1171 3903 latere,
1223 3843 1417 3890 celera
1464 3842 1656 3891 autem
1704 3837 1893 3891 leoelui
1934 3836 2243 3890 inserenda
2290 3850 2415 3891 esse
2458 3839 2789 3906 suspicatus

643 3917 767 3975 2:20
795 3918 1014 3975 cordate
1044 3922 1277 3992 scripsi,
1324 3921 1468 3974 idem
1502 3919 1901 3975 Buechelerus
1944 3935 2005 3974 se
2051 3921 2365 3977 coniecisse
2394 3927 2656 3976 testatur.
2718 3918 2936 3974 adorate

641 4005 776 4059 libri
815 4007 1081 4076 plerique
1110 4003 1332 4058 adorare
1372 4003 1442 4059 W
1481 4004 1652 4059 Harl.
1698 4003 1977 4074 adcurate,
2025 4006 2180 4076 quod
2220 4006 2345 4061 uult
2390 4019 2516 4059 esse
2557 4012 2824 4074 accurate,
2867 4004 2931 4058 L.

642 4088 963 4144 Muellerus
1102 4097 1153 4142 at
1200 4087 1403 4143 Iunius
1545 4089 1788 4143 suauiter
1831 4089 2187 4154 PalmeriuS,
2235 4091 2403 4144 eliam
2447 4091 2504 4142 in
2549 4091 2814 4144 lemmate

643 4172 761 4229 221
824 4172 987 4228 ambit
1031 4173 1242 4245 sapiens
1300 4171 1473 4227 Nonii
1525 4173 1664 4228 libri
1716 4180 1892 4231 amant
1947 4174 2218 4245 sapientes
2272 4172 2513 4229 Seruius
2717 4174 2935 4245 cupient

644 4256 837 4313 Seruii
888 4272 1115 4329 quoque
1162 4256 1343 4312 Bern.
1403 4257 1627 4329 cupiunt
1673 4257 1883 4314 Daniel
1944 4259 2112 4313 edidit
2370 4256 2490 4312 222
2529 4264 2721 4328 polest
2766 4260 2935 4313 etiam

642 4346 964 4414 septenarii
1004 4342 1234 4398 iambici
1277 4345 1469 4397 exitus
1513 4356 1640 4397 esse
1816 4341 1934 4397 223
1983 4340 2149 4397 insilit
2202 4341 2446 4397 Bolhius
2491 4340 2527 4396 2
