3400 5075
1290 231 1614 282 Decuuvs
1654 231 2016 296 LABEmvs
2684 231 2805 294 297

695 383 930 450 Animi
972 387 1281 452 uirtutem
1327 411 1412 451 an
1460 388 1636 452 uocis
1684 387 1999 452 iucundae
2046 389 2321 454 sonum?

700 501 791 566 Vt
835 502 1072 566 hedera
1118 525 1381 588 serpens
1428 501 1601 568 uires
1648 504 1953 567 arboreas
1999 508 2214 588 necat,

691 617 793 682 lta
838 620 941 681 me
985 622 1275 684 uetustas
1323 621 1620 703 amplexu
1668 642 1983 684 annorum
2031 622 2283 684 enecat:

690 732 979 817 Sepulcri
1024 733 1249 799 similis
1295 733 1390 799 m‘l
1437 735 1561 800 nisi
1607 757 1847 822 nomen
1893 736 2157 799 retineo,

1629 850 1695 914 Π

521 963 646 1029 125
691 964 920 1047 Porro,
967 965 1272 1042 Quirites!
1320 964 1686 1031 libertatem
1736 967 2077 1050 perdimus,

1615 1082 1718 1148 III

697 1187 972 1253 Necesse
1020 1192 1120 1254 est
1163 1191 1402 1255 multos
1448 1188 1679 1255 timeat
1725 1213 1915 1275 quem
1962 1188 2155 1255 mults
2196 1190 2445 1255 timent.

1615 1306 1714 1372 IV

694 1419 846 1484 Non
893 1423 1172 1504 possunt
1216 1423 1406 1507 primi
1454 1444 1591 1486 esse
1640 1424 1862 1486 6mnes
1912 1423 2088 1486 omni
2134 1422 2201 1486 in
2248 1425 2555 1508 tempore.

698 1535 1032 1602 Summum
1080 1537 1160 1602 sid
1208 1538 1477 1623 gradum
1526 1561 1670 1601 cum
1719 1537 2029 1601 claritatis
2077 1537 2356 1622 ueneris,

698 1650 1031 1718 Consistes
1077 1675 1296 1738 aegre,
1343 1650 1524 1718 m'etu
1570 1653 1760 1717 citius
1808 1653 2079 1717 decidas,

517 1850 542 1898 1
580 1850 659 1904 31,
701 1851 796 1898 114
841 1854 1018 1898 ‘suum
1067 1850 1298 1913 quisque
1354 1850 1525 1915 igitur
1569 1853 1764 1898 noscat
1816 1849 2098 1908 ingenium
2133 1886 2144 1898 .
2182 1887 2193 1897 .
2223 1885 2234 1896 .
2271 1865 2339 1898 ne
2386 1851 2631 1899 scaenici
2682 1850 2804 1914 plus

517 1931 677 1980 quam
714 1932 813 1965 nos
850 1917 1146 1966 uideantur
1183 1917 1383 1966 habere
1409 1917 1755 1981 prudentiae.
1826 1915 1909 1964 illi
1937 1918 2075 1965 enim
2115 1932 2221 1966 non
2260 1917 2518 1980 optimati.
2557 1917 2655 1966 sed
2694 1918 2802 1968 sibi

516 1984 1121 2034 accommodatissimas
1168 1984 1387 2034 fabulas
1432 1984 1644 2044 eligunt
1682 2020 1693 2032 .
1737 2022 1749 2033 .
1788 2021 1800 2033 .
1841 2025 1852 2036 .
1892 1983 1959 2032 ad
2009 1999 2146 2048 quas
2194 1984 2363 2048 igitur
2399 2000 2485 2034 res
2534 1986 2808 2049 aptissimi

517 2051 745 2111 erimus,
786 2052 840 2101 in
879 2053 959 2101 eis
995 2053 1341 2114 potissimum
1379 2052 1797 2105 elaborabimus.
1871 2051 1971 2099 siu
2011 2052 2382 2116 aliquando
2420 2056 2807 2102 necessitas

517 2135 632 2167 nos
659 2119 735 2168 ad
775 2136 850 2169 ea
887 2120 1161 2170 detruse
1177 2122 1289 2176 rit.
1329 2135 1469 2183 quae
1496 2120 1671 2169 nostri
1698 2119 1910 2183 ingenii
1936 2134 2042 2167 non
2071 2125 2254 2178 erunt,
2292 2120 2467 2168 omnis
2493 2119 2810 2170 adhibenda

518 2187 625 2235 erit
671 2202 806 2236 cura
852 2187 1140 2237 meditatio
1192 2186 1512 2249 diligentia,
1565 2192 1628 2237 ut
1665 2203 1733 2236 ea
1770 2187 1814 2235 si
1853 2202 1958 2234 non
1998 2186 2243 2236 decore
2285 2193 2341 2234 at
2387 2201 2548 2249 quam
2587 2190 2807 2238 minime

517 2254 772 2303 indecore
810 2254 997 2304 facere
1035 2255 1328 2316 possimus’
1368 2270 1416 2305 e.
1455 2270 1506 2317 q.
1543 2271 1586 2304 s.
1726 2254 1810 2303 111
1847 2252 2062 2303 Seneca
2099 2255 2166 2303 de
2205 2256 2288 2302 ira
2312 2255 2364 2302 11
2409 2257 2488 2310 11,
2527 2258 2557 2303 3
2596 2260 2808 2305 ‘occur-

516 2327 604 2370 rat
638 2321 743 2370 hoc
782 2322 901 2372 loco
950 2321 1053 2371 tibi
1092 2322 1433 2372 Laberianus
1479 2321 1571 2372 ille
1617 2337 1838 2381 uersus,
1891 2325 1981 2384 qui
2021 2322 2234 2371 medio
2290 2321 2484 2370 ciuili
2522 2322 2704 2372 bello
2742 2324 2807 2372 in

519 2388 793 2439 theatro
839 2389 1069 2439 dictus
1116 2394 1287 2439 totum
1336 2391 1389 2439 in
1438 2406 1498 2438 se
1548 2388 1804 2453 populum
1854 2404 1963 2437 nou
2001 2388 2167 2438 aliter
2204 2391 2508 2450 conuertit,
2559 2405 2720 2451 quam
2761 2392 2807 2452 si

516 2457 685 2506 missa
722 2461 870 2506 esset
905 2473 1011 2506 uox
1048 2457 1254 2522 publici
1294 2456 1577 2508 adfectus:
1617 2460 1923 2507 necesse’
1964 2472 2007 2509 e.
2048 2471 2099 2519 q.
2141 2473 2183 2506 s.
2254 2457 2403 2506 Inter
2430 2456 2655 2507 Publilii
2684 2457 2808 2521 Syri

515 2525 827 2575 sententias
863 2524 1036 2575 refert
1081 2525 1155 2574 Io.
1198 2525 1637 2575 Saresberiensis
1677 2524 1880 2575 Polior.
1925 2521 2047 2574 v111
2090 2527 2177 2573 14:
2229 2523 2299 2573 cf.
2349 2524 2472 2586 Syri
2520 2532 2660 2580 sent.
2709 2529 2808 2577 338

517 2598 575 2642 et
630 2592 754 2643 fals.
812 2595 911 2642 217
958 2609 1008 2655 p.
1062 2595 1156 2642 127
1203 2595 1287 2647 W,
1351 2593 1767 2643 Pseudoseneca
1821 2592 1886 2640 de
1942 2592 2181 2641 moribus
2236 2594 2297 2641 61
2359 2594 2476 2657 ‘qui
2535 2609 2567 2641 a
2622 2594 2808 2643 multis

518 2660 763 2716 timetur,
801 2659 1001 2710 multos
1039 2661 1237 2710 timet.'
1309 2661 1585 2710 Ausonius
1623 2666 1834 2724 septem
1865 2675 1980 2723 sap.
2010 2665 2151 2709 sent.
2179 2662 2228 2715 4.
2256 2662 2287 2709 5
2324 2677 2373 2721 p.
2411 2663 2502 2711 150
2525 2662 2610 2711 W.
2651 2661 2808 2710 ‘mul-

519 2728 592 2776 tis
629 2728 899 2777 terribilis
946 2729 1162 2776 timeto’
1200 2725 1298 2791 (al.
1341 2727 1604 2785 ‘caueto’l
1651 2728 1922 2777 ‘multos’
1996 2727 2162 2777 Solon
2202 2727 2347 2790 apud
2372 2728 2572 2778 Anton.
2598 2728 2808 2779 Meliss.

519 2810 679 2843 serm.
726 2792 856 2849 περὶ
905 2790 1178 2858 βασιλέως
1223 2795 1421 2848 (Orelli
1471 2812 1654 2859 opusc.
1704 2794 1905 2847 Graec.
1947 2798 2086 2843 sent.
2134 2796 2158 2844 1
2198 2797 2319 2855 162,
2361 2792 2444 2858 19)
2491 2788 2521 2845 ὁ
2573 2797 2808 2853 πολλοῖς

519 2855 765 2927 φοβερὸς
803 2853 881 2911 ὢν
917 2855 1164 2919 πολλοὺς
1202 2862 1502 2924 φοβείσθω
1529 2868 1585 2912 et
1624 2864 1736 2911 alii.
1810 2861 1896 2910 Cf.
1924 2862 2237 2911 Macrobius
2273 2861 2530 2912 laudatus
2567 2863 2633 2911 ad
2664 2865 2725 2913 fr.
2753 2866 2808 2913 11

652 2930 730 2978 IV
767 2931 1232 2980 Macrobius-Sat.
1267 2932 1394 2989 117,
1422 2933 1453 2980 9
1492 2930 1787 2989 (Publilius
1826 2925 2019 2993 Syrus)
2059 2935 2205 2979 ‘cum
2231 2931 2418 2979 mimos
2458 2936 2812 2994 componeret

521 2998 847 3060 ingentique
888 2998 1124 3047 adsensu
1162 2999 1216 3047 in
1247 2998 1444 3047 ltaliae
1483 2998 1696 3061 oppidis
1737 3013 1902 3059 agere
1939 2999 2242 3061 coepisset,
2283 2998 2576 3060 productus
2602 2999 2805 3048 Romae

521 3081 618 3127 per
654 3065 916 3114 Caesaris
953 3064 1135 3128 ludos,
1184 3081 1368 3116 omncs
1415 3066 1507 3127 qui
1547 3070 1675 3114 tunc
1712 3066 1918 3127 scripta
1957 3070 2011 3115 et
2056 3081 2251 3129 operas
2289 3080 2418 3114 suas
2455 3066 2510 3113 in
2549 3081 2805 3114 scaenam

518 3132 1240 3196 locauerantprouocauit,
1293 3139 1353 3183 ut
1406 3132 1609 3197 singuli
1665 3148 1850 3182 secum
1903 3134 2085 3198 posita
2140 3133 2375 3182 inuicem
2424 3134 2658 3182 materia
2711 3149 2808 3198 pro

697 3309 812 3366 121
861 3310 1122 3367 iucundae
1150 3311 1285 3366 libri
1444 3309 1560 3365 122
1607 3302 1796 3365 bedera
1829 3306 1972 3366 Pc‘tr.
2005 3330 2039 3365 α
2205 3308 2323 3366 123
2354 3318 2544 3365 enecat
2575 3311 2716 3368 Par.
2751 3331 2810 3382 a,

522 3396 994 3452 Schneideminus
1049 3405 1201 3451 necat
1259 3399 1442 3451 ceteri
1501 3394 1636 3450 libri
1691 3403 1839 3449 secat
1896 3396 2198 3450 Pantanus
2256 3395 2384 3449 terit
2448 3398 2540 3451 uel
2605 3405 2810 3451 comest

527 3480 964 3551 Oudendorpius
1183 3479 1298 3534 124
1344 3479 1616 3552 sepulchri
1662 3476 1801 3548 (‘uel
1834 3519 1847 3532 .
1883 3520 1895 3532 .
1930 3474 2050 3547 cri')
2098 3478 2291 3534 Putat.
2346 3479 2488 3534 Par.
2539 3500 2574 3534 a
2634 3480 2812 3537 Borb.

492 3556 670 3620 'Med
720 3584 756 3619 a
813 3564 1116 3637 sepulchris
1174 3559 1313 3631 (‘uel
1355 3607 1367 3620 .
1403 3606 1415 3618 .
1460 3562 1611 3629 cris’)
1667 3565 1834 3636 Anyl.
1896 3563 2096 3618 Bamb.
2148 3564 2291 3618 Gud.
2350 3562 2556 3619 Salisb.
2605 3564 2807 3637 Reqin.

695 3648 814 3704 125
864 3650 1132 3720 quaerites
1173 3648 1368 3704 Bamb.
1548 3647 1665 3703 127
1699 3664 1819 3703 esse
1850 3663 2036 3702 omnes
2069 3649 2212 3702 omni
2245 3648 2297 3702 in
2332 3656 2573 3720 tempore
2606 3650 2811 3706 Bamb.

520 3733 663 3788 Par.
713 3751 749 3787 a
799 3734 973 3789 Borb.
1022 3733 1217 3789 Palat.
1264 3750 1384 3788 esse
1430 3734 1573 3787 omni
1619 3733 1671 3797 in
1720 3741 1966 3804 tempore
2011 3748 2198 3787 omnes
2247 3732 2621 3788 Gud.'omnes
2667 3735 2812 3789 omni

522 3825 798 3890 tempore,
844 3833 971 3888 sup.
1021 3819 1152 3872 add.
1202 3833 1322 3872 esse
1368 3817 1574 3873 Salisb.
1752 3815 1870 3872 129
1917 3817 2277 3871 consistentes
2319 3816 2514 3873 Palat.
2629 3835 2812 3891 agere,

520 3918 647 3971 sup.
697 3918 856 3971 egre,
905 3902 1048 3957 Gud.
1223 3902 1370 3957 nictu
1415 3905 1652 3970 scripsi,
1694 3902 1970 3971 probauit
2001 3901 2327 3957 Boecldu‘us
2369 3917 2470 3956 nec
2510 3899 2663 3957 Med.
2700 3904 2808 3976 ab,

521 3992 575 4040 et
616 3993 833 4055 puncto
875 3989 1059 4056 posito
1103 3987 1208 4043 sub
1253 4004 1283 4041 c
1325 3985 1488 4058 Anyl.
1536 3985 1687 4041 Med.
1738 4002 1803 4049 c,·
1848 3992 1902 4040 et
1948 3984 2150 4043 Bamb.
2187 3985 2333 4041 θεαὶ.
2379 3983 2585 4041 Salisb.
2617 3987 2808 4042 Palae.

520 4069 698 4125 Parr.
746 4070 826 4125 ab
877 4071 1071 4140 Bor-12„
1120 4070 1588 4127 Schneideminus
1632 4086 1774 4125 mus,
1825 4071 2011 4125 Rhen.
2059 4069 2133 4124 ΙῙ
2171 4068 2290 4125 638
2338 4085 2437 4123 nec
2497 4086 2581 4125 me
2628 4070 2812 4127 Ianus

521 4170 588 4208 ne
645 4170 730 4208 ine
790 4155 1312 4225 Reifferscheidius
1358 4154 1596 4210 Suetom·
1647 4157 1751 4210 rel.
1808 4172 1867 4225 p.
1917 4153 1993 4208 41
2210 4155 2368 4208 ciuus
2413 4153 2599 4210 Ianus
2653 4156 2811 4211 eitius

525 4253 684 4311 quam
742 4238 996 4295 ascendas
1041 4240 1182 4296 Par.
1231 4259 1266 4295 a
1325 4239 1534 4296 Salisb.
1592 4238 1745 4295 Med.
1795 4254 1828 4293 c
1887 4239 2057 4296 Borb.
2105 4239 2263 4293 citius
2320 4253 2477 4311 quam
2522 4237 2813 4297 descendas
