3400 5075
1238 370 1517 421 SEXTVS
1552 371 1943 421 'rvssmmvs
2615 372 2736 435 109

1426 525 1558 590 XII
1604 524 1750 613 (10)

623 642 827 707 Simul
874 640 1391 726 circumspectat:
1438 642 1551 705 fibi
1595 645 1852 725 praeter
1898 664 1963 706 se
2010 644 2333 706 neminem

452 758 574 822 195
620 757 818 822 Videt
862 760 1027 839 esse,
1071 757 1244 821 tollit
1289 756 1523 820 aufert:
1572 777 1693 840 ego
1742 757 1906 820 clam
1954 759 2327 840 e6nsequ0r.

1409 870 1572 934 XIII
1620 868 1764 954 (13)

623 987 726 1051 Me
791 985 1117 1050 miseram!
1184 985 1337 1069 quid
1401 985 1636 1070 agam?
1711 986 1880 1049 inter
1942 987 2083 1050 uias
2157 985 2436 1070 epistula
2499 985 2736 1051 excidit

2045 1100 2230 1164 mihi:

623 1216 855 1280 Infelix
902 1216 1071 1278 inter
1115 1214 1471 1279 tuniculam
1521 1211 1656 1300 [mi]
1710 1236 1782 1278 ac
1830 1214 2120 1278 strdfium
2168 1216 2672 1280 conlocziueram.

1298 1327 1888 1394 THRASYLEON

1504 1444 1536 1507 Ι
1585 1441 1687 1529 (1)

1457 1636 1521 1701 II
1570 1634 1715 1722 (11)

624 1753 831 1818 Nemo
880 1758 1185 1837 umquam
1230 1751 1395 1816 uidit
1439 1752 1686 1815 ebrium
1734 1753 1824 1815 ire
1873 1752 2040 1815 inter
2087 1752 2194 1815 diu

456 1869 585 1931 200
631 1868 855 1952 Neque
902 1868 1160 1932 turbam
1206 1867 1413 1930 facere
1460 1869 1665 1950 neque
1711 1867 1883 1932 fores
1931 1872 2208 1931 exurere.

1475 1980 1577 2044 III
1623 1979 1724 2065 (6)

625 2096 948 2161 Oor6nam
994 2118 1285 2160 mensam
1330 2097 1499 2160 tzilos
1545 2095 1799 2178 uinum,
1843 2095 2001 2160 haee
2047 2095 2238 2160 husus
2286 2097 2491 2179 modi,

634 2210 880 2286 Quibus
927 2212 1116 2275 rebus
1162 2212 1298 2275 uita
1345 2210 1678 2274 amentum
1726 2209 1998 2274 inuitari
2040 2212 2220 2275 solet.

1132 2380 1139 2385 Υ
1465 2323 1561 2389 IV
1610 2321 1713 2410 (8)

629 2431 759 2495 Dat
806 2432 976 2495 filtro
1025 2453 1100 2495 ac
1145 2431 1521 2494 muneretur
1567 2430 1740 2514 quod
1787 2431 1869 2495 ab
1915 2431 2026 2496 illo
2055 2431 2358 2521 ‚abstulit

1724 1533 1788 1595 di
1833 1554 1935 1596 me
1983 1529 2282 1596 diuitant.

448 2625 623 2674 ‘olim
665 2626 932 2691 temporie
978 2625 1188 2675 futuri.
1219 2663 1231 2676 .
1259 2630 1295 2674 .’
1504 2625 1613 2676 XII
1647 2624 1861 2675 Nonius
1904 2628 2029 2683 422,
2074 2629 2136 2676 19
2181 2627 2348 2675 ‘inter
2384 2625 2632 2676 tollere
2683 2633 2742 2678 et

448 2707 527 2742 au
543 2694 568 2741 s
576 2708 722 2743 erre
770 2698 858 2743 est
894 2694 1218 2743 diuet-sitam
1266 2691 1463 2743 tollere
1501 2698 1588 2743 est.
1622 2692 1814 2742 leuare
1851 2698 1908 2743 et
1942 2695 2185 2756 erigere,
2238 2694 2455 2743 auferre
2502 2692 2740 2744 leuatum

447 2761 750 2811 transferre
778 2800 791 2814 .
816 2796 828 2809 .
858 2764 896 2808 .’
1034 2760 1172 2810 XIII
1207 2762 1419 2810 Nonius
1444 2762 1562 2819 538,
1588 2762 1619 2810 8
1657 2761 2001 2810 ‘strofiurn
2028 2765 2113 2812 est
2149 2761 2328 2810 fascia
2353 2762 2557 2818 breme,
2598 2777 2739 2825 quae

447 2826 777 2892 uirginalem
812 2828 1090 2877 horrorem
1128 2827 1349 2878 cohibet
1385 2827 1762 2892 papillarum)

584 2894 970 2944 TunAsrmsou
1008 2893 1384 2958 (MenandriP)
1454 2895 1686 2945 Formae
1725 2896 1963 2946 nominis
1988 2897 2042 2946 in
2066 2896 2224 2946 libris
2250 2900 2546 2961 praeterea
2581 2896 2741 2945 Tra-

450 2962 691 3013 suleon
725 2962 1089 3013 Trasileon
1124 2962 1544 3012 Traeoeleon
1568 2962 1904 3013 indicantur.
2043 2965 2070 3013 1
2106 2964 2317 3013 Nonius
2341 2965 2425 3024 95,
2453 2966 2515 3014 10
2541 2963 2742 3013 ‘diui-

449 3035 600 3079 tant
635 3045 731 3094 pro
769 3031 974 3080 diuites
1024 3030 1239 3080 faciunt
1272 3068 1283 3079 .
1313 3068 1324 3082 .
1352 3073 1364 3085 .
1400 3028 1684 3095 Turpilius
1719 3030 2184 3081 Transilione:
2233 3031 2286 3079 di
2323 3047 2394 3081 m.
2436 3031 2512 3085 d.’
2685 3032 2738 3081 11

452 3098 664 3146 Nonius
700 3100 818 3159 524,
856 3100 920 3148 27
960 3099 1240 3148 ‘turbam
1282 3101 1339 3146 et
1373 3098 1564 3147 turbas
1601 3097 1873 3147 diuersam
1909 3098 2104 3148 uolunt
2138 3098 2341 3149 habere
2380 3097 2737 3161 significatio-

448 3179 598 3222 nem,
645 3170 707 3214 ut
750 3166 825 3214 sit
869 3166 1033 3214 turba
1077 3164 1266 3230 populi
1310 3161 1648 3226 conuentu8‚
1691 3166 1887 3215 turbae
1935 3168 2297 3216 turbationes.
2388 3166 2499 3214 Nos
2546 3171 2740 3214 contra

448 3231 652 3280 lectum
689 3232 998 3282 inuenimus
1033 3237 1090 3282 et
1124 3232 1421 3282 indiscrete
1459 3234 1697 3297 positum
1734 3237 1792 3282 et
1827 3248 1924 3297 pro
1960 3235 2140 3283 turbis
2175 3234 2391 3283 turbam
2419 3270 2430 3281 .
2463 3272 2473 3282 .
2503 3274 2515 3286 .
2541 3232 2739 3296 Turpi-

450 3298 556 3349 lius
594 3299 1045 3362 Trasyleone:
1083 3303 1257 3349 nemo'
1297 3316 1343 3352 e.
1384 3314 1435 3362 q.
1476 3317 1518 3354 s.
1594 3299 1858 3364 Apuleius
1895 3300 1962 3350 de
1998 3301 2239 3365 orthogr.
2281 3302 2343 3349 10
2376 3317 2428 3364 p.
2467 3303 2499 3349 ὅ
2533 3299 2742 3353 Osann.

452 3366 595 3417 coni.
623 3366 877 3416 Maduieo
903 3367 1106 3432 Opusc.
1143 3369 1170 3417 1
1209 3369 1272 3418 14
1407 3367 1491 3418 111
1526 3367 1736 3417 Nonius
1763 3369 1879 3428 321,
1911 3370 1962 3416 11
2008 3368 2317 3416 ‘Inuitati
2354 3372 2439 3415 est
2476 3366 2742 3415 delectari

453 3433 600 3497 Virg.
639 3435 839 3498 Georg.
879 3434 972 3487 lib.
1008 3436 1059 3484 1:
1097 3435 1301 3484 inuitat
1338 3434 1574 3498 genialis
1598 3433 1773 3483 hiems
1802 3475 1814 3487 .
1843 3475 1854 3486 .
1886 3434 2195 3497 ,Turpilius
2230 3433 2742 3496 Trasyleouem:

451 3500 735 3550 horonam’
776 3517 822 3551 e.
860 3515 912 3564 q.
955 3519 1000 3552 s.
1043 3501 1209 3551 ‘idem
1256 3502 1543 3566 Filopatro
1583 3498 1706 3568 [VJ’
1884 3502 1957 3549 lv
1993 3500 2203 3550 Nonius
2238 3503 2358 3564 477,
2401 3503 2462 3551 18
2498 3505 2741 3550 ‘mune-

619 3679 864 3734 demeres
895 3682 1109 3749 scripsi
1136 3677 1202 3733 de
1235 3693 1317 3733 me
1351 3694 1521 3734 meres
1552 3679 1688 3734 libri
1838 3677 1956 3734 195
1990 3677 2114 3732 tulit
2144 3678 2300 3734 Leid.
2477 3679 2597 3736 196
2630 3681 2739 3734 uias

448 3767 773 3835 yeneeiuum
816 3767 1241 3834 interpretatur
1284 3762 1685 3819 Buecheler-us
1727 3764 1830 3817 lat.
1862 3764 2007 3821 decl.
2051 3779 2110 3832 p.
2146 3761 2224 3818 32
2367 3762 2484 3819 197
2530 3765 2600 3817 mi
2633 3781 2738 3819 om.

447 3848 594 3916 libri,
624 3848 820 3902 addidi
830 3872 845 3902 .-
872 3851 1060 3902 minus
1077 3847 1400 3918 probabilia
1426 3847 1512 3901 hic
1531 3849 1625 3902 uel
1649 3847 1785 3901 hanc
1806 3848 1900 3904 uel
1923 3862 2092 3901 meam
2117 3849 2212 3902 uel
2233 3848 2377 3902 adeo
2400 3845 2568 3917 illam,
2593 3850 2747 3919 quod

451 3931 818 4002 Grautofftus
859 3935 1103 3988 inseruit
1251 3924 1332 4007 ac]
1382 3947 1409 3984 a
1456 3931 1657 3986 Bamb.
1801 3930 2217 3998 connumerem,
2262 3937 2325 3985 ut
2367 3935 2739 4001 scripseram,

452 4013 590 4070 Par.
626 4016 678 4070 P
703 4015 1039 4071 conlocaram
1071 4015 1262 4071 Leidd.
1298 4015 1499 4070 Bamb.
1536 4015 1709 4070 Harl.
1744 4014 1894 4071 Colb.
1930 4031 2088 4087 quam
2118 4013 2509 4070 collocaueram
2539 4014 2744 4071 Iunius

578 4097 702 4158 200
731 4115 955 4154 exurar-e
1000 4100 1072 4154 W
1197 4098 1315 4154 201
1342 4115 1598 4154 coronam
1631 4098 1939 4155 Mer-cerus
1969 4099 2228 4154 hot-onam
2256 4098 2392 4155 libri
2405 4123 2420 4153 .·
2450 4099 2741 4154 chor-onam

452 4185 763 4254 aliquando
808 4188 1085 4255 scriptum
1125 4183 1248 4254 fuit
1417 4183 1600 4238 uinum
1658 4183 1890 4254 Lipsius
1934 4183 2046 4255 Ep.
2091 4200 2188 4255 qu.
2251 4184 2296 4239 V
2341 4181 2416 4237 12
2475 4184 2633 4237 uinus
2688 4185 2741 4238 in

448 4270 584 4322 libri
754 4267 875 4324 202
925 4270 1032 4323 uita
1076 4276 1344 4322 amantum
1392 4268 1604 4321 inuitari
1648 4267 1790 4321 solet
1822 4268 2051 4338 Lipsius
2097 4268 2256 4322 uitam
2303 4275 2560 4322 amanum
2606 4268 2743 4322 inni·

452 4353 551 4406 tari
596 4352 766 4406 solem
810 4353 946 4406 libri
1116 4351 1236 4406 203
1284 4359 1594 4405 munet-atur
1642 4351 1882 4406 Bothius
1926 4360 2168 4405 munerat
2210 4353 2345 4406 libri
2513 4351 2557 4405 al
2606 4351 2679 4406 W
