3400 5075
690 327 770 388 92
1498 331 1777 381 sssx'rvs
1814 333 2202 383 'rvssplmvs

865 602 1070 676 Quom
1118 602 1327 684 legere
1375 606 1437 664 te
1486 603 1802 685 optimum
1849 605 2018 666 esset
2064 608 2254 686 atque
2302 602 2779 687 aequissimum,

866 716 1151 791 Quacum
1200 719 1375 780 aetas
1424 718 1714 802 degenda.
1761 722 1826 781 et
1872 719 2218 783 uiuendum
2267 721 2437 783 esset
2483 718 2618 782 tibi.

1644 854 1647 857 ·
1734 833 1793 896 V
1844 831 1944 917 (2)

704 956 827 1017 58s9
868 997 881 1010 .
975 997 988 1009 .
1080 998 1092 1010 .
1186 948 1523 1030 sperabam
1570 949 1839 1012 consilia
1884 951 2109 1013 no'stra
2156 949 2431 1016 diuidiae
2476 948 2621 1032 tibi,

732 1062 817 1123 60
865 1060 1029 1125 Cum
1080 1063 1256 1125 aetas
1305 1066 1610 1145 accesset‚
1657 1065 1791 1126 11611
1837 1063 1991 1127 fore.

865 1293 955 1356 Te
1002 1294 1256 1376 quidem
1306 1294 1591 1357 omnium
1638 1297 1824 1376 pater
1868 1294 1996 1357 iam
2044 1294 2268 1376 edpem
2315 1299 2651 1359 causarum
2698 1296 2870 1361 faeih.

867 1524 977 1586 Set
1021 1526 1267 1605 nequeo
1316 1523 1479 1586 ferre
1526 1524 1696 1586 hune
1744 1523 1984 1587 diutius
2033 1524 2123 1587 sie
2170 1524 2508 1587 lamentari
2555 1529 2619 1589 et
2655 1528 2975 1617 e6nqueri‚

866 1636 1000 1702 Nee
1049 1640 1187 1702 esse
1235 1662 1385 1702 suae
1433 1661 1659 1721 parum
1711 1639 2116 1722 obsequellae
2209 1688 2859 1705 .......

814 1832 889 1881 IV
927 1834 1138 1884 Nonius
1174 1836 1288 1895 332,
1332 1835 1392 1883 19
1431 1833 1685 1897 ‘legere
1736 1834 1903 1883 etiam
1948 1833 2154 1897 eligere
2201 1833 2527 1884 dicitur...’
2678 1836 2724 1885 V
2763 1837 2974 1887 Nonius

678 1903 763 1963 96,
803 1904 868 1950 23
915 1900 1203 1950 ‘diuidia
1242 1905 1326 1949 est
1362 1901 1730 1952 tedium....'
1937 1901 2012 1951 VI
2051 1902 2261 1952 Nonius
2298 1904 2379 1959 84,
2423 1904 2482 1950 21
2526 1902 2703 1967 ‘copi
2747 1917 2843 1967 pro
2883 1920 2975 1952 co-

680 1969 960 2031 piose...’
1101 1968 1201 2017 vu
1240 1968 1450 2018 Nonius
1489 1970 1614 2031 215,
1654 1970 1720 2019 28
1769 1968 2233 2032 ‘obsequelam
2281 1968 2584 2019 feminino.
2617 2006 2629 2019 .
2660 1971 2978 2035 ,Turpilius

682 2033 977 2098 etglero:
1035 2038 1139 2084 set'
1188 2052 1233 2088 e.
1283 2051 1332 2100 q.
1381 2051 1422 2085 s.
1506 2033 2055 2100 (obsequentiam
2110 2035 2478 2086 Neukirehius
2652 2038 2974 2102 Epiclero

848 2214 925 2269 56
977 2230 1139 2286 quom
1190 2214 1520 2270 Gulielmius
1581 2216 1762 2271 Veris.
1793 2215 1866 2269 II
1908 2214 1981 2269 21
2034 2215 2162 2287 quin
2209 2230 2309 2270 ms.
2358 2215 2545 2271 Fabri
2587 2232 2743 2287 quam
2797 2220 2977 2272 celeri

677 2299 811 2354 libri
994 2306 1045 2353 te
1091 2317 1197 2354 om.
1246 2314 1346 2353 ms.
1394 2299 1579 2354 Fabri
1749 2307 1892 2354 esset
1937 2314 2037 2354 ms.
2088 2299 2275 2354 Fabri
2315 2316 2435 2354 esse
2479 2304 2660 2355 celeri
2699 2301 2837 2355 libri

676 2400 737 2437 ac
781 2399 877 2438 ms.
925 2383 1111 2439 Fabri
1281 2382 1357 2438 57
1405 2382 1647 2455 degenda
1694 2392 1749 2438 et
1794 2383 2092 2440 uiuendum
2138 2392 2283 2439 esset
2316 2384 2603 2440 Canterus
2646 2385 2793 2440 Nou.
2837 2388 2971 2442 lect.

695 2467 739 2522 V
783 2466 860 2521 22
920 2466 1165 2540 {legenda
1212 2475 1266 2522 et
1321 2466 1611 2522 uibendum
1657 2484 1779 2523 esse
1820 2469 1955 2524 libri
1992 2469 2258 2542 plerique
2304 2468 2552 2542 negenda
2584 2476 2638 2524 et
2684 2468 2971 2524 lubentium

676 2568 794 2607 esse
842 2551 1025 2608 Basil.
1087 2552 1327 2625 uegenda
1386 2561 1441 2607 et
1494 2552 1786 2607 iubendum
1842 2569 1961 2608 esse
2007 2555 2179 2610 Harl.
2394 2553 2647 2610 58—60
2697 2555 2972 2609 librorum

677 2640 1079 2693 auctoritatem
1110 2644 1343 2693 secutus
1374 2639 1552 2693 uerba
1578 2638 1867 2693 distribuit
1892 2636 1989 2692 CF
2001 2638 2318 2694 WMueller
2340 2640 2581 2709 prosod.
2600 2639 2791 2693 Plaut.
2821 2637 2995 2694 614:-

677 2723 780 2776 scd
814 2720 1075 2791 fortasse
1119 2725 1271 2777 inter
1312 2719 1588 2794 sperabam
1621 2729 1674 2776 el
1706 2721 1926 2777 consilia
1973 2724 2191 2795 aliquid
2232 2725 2465 2778 excidit.
2512 2721 2791 2796 sperabam
2836 2721 2972 2778 Con·

675 2806 789 2860 silia
835 2847 848 2860 .
900 2847 913 2860 .
962 2850 975 2863 .
1023 2846 1036 2859 .
1079 2806 1351 2877 accesset,
1408 2806 1525 2860 Non
1582 2803 1697 2860 sbre
1766 2808 1894 2862 olim
1962 2809 2272 2863 edideram.
2387 2807 2664 2864 Senarios
2729 2806 2973 2863 Bothius

677 2892 969 2946 exhibuit:
1012 2889 1287 2963 sperabam
1334 2899 1517 2945 nostra
1562 2889 1794 2946 diuidiae
1841 2889 1933 2945 tibi
1978 2891 2239 2961 Consilia,
2286 2908 2405 2946 eum
2450 2900 2594 2946 aetas
2639 2893 2969 2960 accessisset,

676 2991 783 3028 non
843 2973 994 3046 sore,
1035 2977 1214 3045 paulo
1261 2976 1434 3030 aliter
1480 2974 1876 3047 Grauloffius:
1921 2975 2142 3031 consilia
2188 2993 2241 3030 n.
2290 2976 2341 3030 d.
2394 2974 2488 3030 tibi
2522 2974 2806 3048 Sperabam
2851 2991 2970 3030 eum

676 3074 723 3113 e.
772 3077 821 3131 q.
876 3075 920 3117 s,
1028 3059 1094 3114 Vt
1139 3061 1478 3115 rotundiora
1524 3060 1673 3114 llaec
1718 3059 1992 3132 sperabam
2039 3060 2263 3115 consilia
2309 3077 2384 3131 n.‚
2432 3076 2554 3114 cum
2602 3059 2748 3114 aetas
2794 3076 2967 3115 acces-

678 3142 759 3197 set
789 3142 918 3212 tibi,
954 3143 1188 3197 Diuidiae
1218 3159 1327 3198 non
1360 3140 1477 3197 l'bre
1508 3161 1681 3214 prop.
1715 3144 2115 3200 Buechelerus
2289 3144 2361 3200 61
2413 3151 2565 3216 pater
2597 3145 2695 3198 iam
2732 3144 2973 3200 Bolbius

677 3229 775 3280 iam
823 3235 975 3299 pater
1016 3228 1152 3282 libri
1180 3228 1277 3281 iam
1325 3234 1543 3299 praetor
1574 3229 1975 3284 Buechelerus
2147 3227 2306 3301 teque
2352 3229 2535 3283 diuom
2584 3228 2971 3300 hominumque

673 3312 773 3365 iam
832 3321 983 3383 pater
1056 3313 1343 3367 Vsenerus
1398 3315 1656 3367 coniecit.
1760 3314 2038 3369 Fortasse
2104 3314 2157 3367 te
2217 3312 2429 3386 quidem
2488 3314 2808 3385 optimarum
2868 3313 2968 3365 iam

675 3403 827 3467 pater
869 3397 1250 3451 scribendum.
1396 3412 1673 3451 causarum
1708 3398 1951 3453 Bothius
1980 3415 2135 3453 eausa
2168 3414 2280 3453 rem
2325 3399 2460 3452 libri
2629 3394 2708 3451 62
2755 3412 2968 3467 nequeo

676 3480 817 3534 serre
865 3480 1151 3535 Canterus
1197 3481 1342 3536 Nou.
1388 3483 1520 3537 lect.
1587 3482 1633 3536 V
1676 3480 1754 3536 22
1803 3499 1978 3554 neque
2024 3481 2217 3536 offerre
2270 3483 2406 3537 libri
2575 3480 2652 3535 sic
2692 3479 2969 3534 lamentari

674 3568 912 3636 scripsi,
962 3571 1273 3637 postquam
1332 3565 1612 3620 lamentari
1668 3570 2013 3622 monstrauit
2057 3564 2294 3638 Maehly
2339 3583 2475 3621 ann.
2535 3565 2753 3634 philoll.
2807 3563 2964 3620 1861

671 3666 730 3718 p.
769 3648 880 3703 141
920 3647 1041 3720 (qui
1068 3649 1269 3704 diutius
1301 3650 1444 3705 hunc
1476 3646 1852 3720 transposuit)
1890 3652 2054 3705 errari
2098 3651 2235 3705 libri
2263 3666 2440 3704 errare
2474 3650 2757 3706 Canterus
2789 3649 2968 3703 tricari

677 3730 1008 3788 Gulielmius
1056 3734 1236 3789 Veris.
1266 3735 1336 3789 II
1380 3733 1451 3788 21
1504 3736 1762 3790 sectarim·
1805 3735 2192 3805 Kiesslinyius
2235 3734 2524 3789 conuiciari
2576 3733 2971 3789 Buechelerus

674 3833 855 3872 errare
888 3818 1093 3872 tristem
1126 3821 1219 3873 ucl
1251 3826 1575 3874 maerentem
1608 3835 1789 3874 errare
1821 3822 1948 3876 olim
1983 3823 2345 3876 coniecerant
2520 3818 2598 3874 63
2647 3816 2970 3890 obsequelae

670 3903 807 3957 libri
974 3919 1155 3956 errare
1212 3897 1414 3957 diutius
1472 3901 1534 3957 Et
1590 3901 1847 3976 cbuqucri
1905 3921 2013 3960 non
2071 3919 2155 3959 me
2212 3920 2330 3958 esse
2397 3919 2526 3958 suae
2585 3901 2969 3973 obsequentiae

676 3986 1066 4042 Nculrirchius
1109 3989 1290 4041 err-inre
1336 3995 1388 4041 et
1441 4003 1487 4041 e.
1536 4004 1636 4043 nec
1690 4004 1810 4043 esse
1866 4005 1994 4043 suae
2049 4004 2236 4061 parum
2296 3986 2680 4060 obsequentiae
2729 3985 2967 4051 Quiclze-

674 4074 860 4126 ratius
1031 4070 1125 4125 Sdt
1179 4088 1390 4143 nequeo
1454 4071 1594 4126 serre
1652 4072 1794 4128 hune
1851 4089 2032 4128 errare
2089 4071 2292 4127 diutius
2336 4081 2498 4145 atque
2555 4069 2841 4143 cbnqueri:
2888 4067 2968 4123 Me

673 4157 865 4210 secisse
895 4153 995 4210 sibi
1042 4172 1228 4228 parum
1276 4153 1618 4228 obsequellae
1677 4157 2062 4229 Grauloffius.
2166 4157 2434 4213 Nostram
2492 4158 2829 4212 sententiam
2881 4156 2967 4208 sic

673 4241 1221 4296 circumscribimus.
1270 4237 1401 4296 nec
1447 4245 1539 4296 sui
1575 4259 1789 4312 parum
1834 4246 2113 4298 rationem
2159 4242 2366 4297 baberi
2408 4244 2750 4297 clamantem
2797 4237 2969 4309 ferre

667 4325 952 4396 possum&
998 4342 1075 4379 an
1122 4327 1283 4381 aliud
1321 4327 1495 4398 lalct
1543 4341 1589 4381 e.
1625 4343 1674 4382 c.
1725 4325 1810 4381 hic
1856 4326 2012 4381 esse?
