<?xml version="1.0" encoding="UTF-8"?>
<!DOCTYPE html PUBLIC "-//W3C//DTD XHTML 1.0 Transitional//EN"
    "http://www.w3.org/TR/xhtml1/DTD/xhtml1-transitional.dtd">
<html xmlns="http://www.w3.org/1999/xhtml" xml:lang="en" lang="en">
 <head>
  <title>
</title>
<meta http-equiv="Content-Type" content="text/html;charset=utf-8" />
  <meta name='ocr-system' content='tesseract 3.04.00' />
  <meta name='ocr-capabilities' content='ocr_page ocr_carea ocr_par ocr_line ocrx_word'/>
</head>
<body>
  <div class='ocr_page' id='page_1' title='image "./comicorumromano00teregoog_0378.png"; bbox 0 0 3400 5075; ppageno 0'>
   <div class='ocr_carea' id='block_1_1' title="bbox 582 327 2349 392">
    <p class='ocr_par' dir='ltr' id='par_1_1' title="bbox 582 327 2349 392">
     <span class='ocr_line' id='line_1_1' title="bbox 582 327 2349 392; baseline -0.005 0"><span class='ocrx_word' id='word_1_1' title='bbox 582 339 596 351; x_wconf 93' lang='lat'><strong>·</strong></span> <span class='ocrx_word' id='word_1_2' title='bbox 687 327 813 392; x_wconf 80' lang='lat'><strong>236</strong></span> <span class='ocrx_word' id='word_1_3' title='bbox 1301 332 1364 386; x_wconf 88' lang='lat' dir='ltr'><strong>L.</strong></span> <span class='ocrx_word' id='word_1_4' title='bbox 1401 330 1825 384; x_wconf 75' lang='lat' dir='ltr'>POMPONWS</span> <span class='ocrx_word' id='word_1_5' title='bbox 1867 330 2349 385; x_wconf 75' lang='lat' dir='ltr'><strong>ssoNomENsIs</strong></span> 
     </span>
    </p>
   </div>
   <div class='ocr_carea' id='block_1_2' title="bbox 867 487 2514 690">
    <p class='ocr_par' dir='ltr' id='par_1_2' title="bbox 867 487 2514 690">
     <span class='ocr_line' id='line_1_2' title="bbox 1712 489 1927 554; baseline 0.005 -1"><span class='ocrx_word' id='word_1_6' title='bbox 1712 489 1807 553; x_wconf 90' lang='lat' dir='ltr'><strong>IV</strong></span> <span class='ocrx_word' id='word_1_7' title='bbox 1886 491 1927 554; x_wconf 84' lang='lat'>4</span> 
     </span>
     <span class='ocr_line' id='line_1_3' title="bbox 867 487 2514 690; baseline 0.001 -22"><span class='ocrx_word' id='word_1_8' title='bbox 867 603 1089 688; x_wconf 72' lang='lat' dir='ltr'><strong>Incepi</strong></span> <span class='ocrx_word' id='word_1_9' title='bbox 1137 602 1386 669; x_wconf 75' lang='lat' dir='ltr'><strong>contus:</strong></span> <span class='ocrx_word' id='word_1_10' title='bbox 1435 577 1760 688; x_wconf 83' lang='lat' dir='ltr'><strong>conspicio</strong></span> <span class='ocrx_word' id='word_1_11' title='bbox 1809 487 2120 670; x_wconf 49' lang='lat' dir='ltr'><strong>eglgatam</strong></span> <span class='ocrx_word' id='word_1_12' title='bbox 2170 607 2514 690; x_wconf 69' lang='lat' dir='ltr'><strong>cuspidem.</strong></span> 
     </span>
    </p>
   </div>
   <div class='ocr_carea' id='block_1_3' title="bbox 1304 728 2478 795">
    <p class='ocr_par' dir='ltr' id='par_1_3' title="bbox 1304 728 2478 795">
     <span class='ocr_line' id='line_1_4' title="bbox 1304 728 2478 795; baseline 0.002 -2"><span class='ocrx_word' id='word_1_13' title='bbox 1304 728 1576 794; x_wconf 80' lang='lat' dir='ltr'>MACCI</span> <span class='ocrx_word' id='word_1_14' title='bbox 1624 728 1944 794; x_wconf 88' lang='lat' dir='ltr'>GEMINI</span> <span class='ocrx_word' id='word_1_15' title='bbox 1992 729 2362 795; x_wconf 83' lang='lat' dir='ltr'><strong>PRIORES</strong></span> <span class='ocrx_word' id='word_1_16' title='bbox 2468 777 2478 783; x_wconf 77' lang='grc'><strong>-</strong></span> 
     </span>
    </p>
   </div>
   <div class='ocr_carea' id='block_1_4' title="bbox 738 829 2979 931">
    <p class='ocr_par' dir='ltr' id='par_1_4' title="bbox 738 829 2979 931">
     <span class='ocr_line' id='line_1_5' title="bbox 738 829 2979 931; baseline 0.001 -22"><span class='ocrx_word' id='word_1_17' title='bbox 738 847 824 909; x_wconf 83' lang='lat'><strong>70</strong></span> <span class='ocrx_word' id='word_1_18' title='bbox 871 829 1044 923; x_wconf 66' lang='lat' dir='ltr'><strong>Quin</strong></span> <span class='ocrx_word' id='word_1_19' title='bbox 1089 844 1263 911; x_wconf 88' lang='lat' dir='ltr'><strong>bono</strong></span> <span class='ocrx_word' id='word_1_20' title='bbox 1294 846 1509 910; x_wconf 82' lang='lat' dir='ltr'><strong>animo</strong></span> <span class='ocrx_word' id='word_1_21' title='bbox 1539 845 1653 910; x_wconf 75' lang='lat' dir='ltr'><strong>es?</strong></span> <span class='ocrx_word' id='word_1_22' title='bbox 1702 844 1890 910; x_wconf 72' lang='lat' dir='ltr'><strong>uideo</strong></span> <span class='ocrx_word' id='word_1_23' title='bbox 1921 846 2157 931; x_wconf 71' lang='lat' dir='ltr'><strong>erepsti</strong></span> <span class='ocrx_word' id='word_1_24' title='bbox 2184 844 2480 931; x_wconf 75' lang='lat' dir='ltr'><strong>primiter</strong></span> <span class='ocrx_word' id='word_1_25' title='bbox 2531 847 2607 909; x_wconf 87' lang='lat' dir='ltr'><strong>de</strong></span> <span class='ocrx_word' id='word_1_26' title='bbox 2637 847 2979 931; x_wconf 69' lang='lat' dir='ltr'><strong>ptinnibus.</strong></span> 
     </span>
    </p>
   </div>
   <div class='ocr_carea' id='block_1_5' title="bbox 866 968 2501 1358">
    <p class='ocr_par' dir='ltr' id='par_1_5' title="bbox 866 968 2501 1358">
     <span class='ocr_line' id='line_1_6' title="bbox 1501 968 2164 1035; baseline 0 0"><span class='ocrx_word' id='word_1_27' title='bbox 1501 968 1852 1035; x_wconf 82' lang='lat' dir='ltr'>MACCVS</span> <span class='ocrx_word' id='word_1_28' title='bbox 1899 969 2164 1035; x_wconf 82' lang='lat' dir='ltr'>MILES</span> 
     </span>
     <span class='ocr_line' id='line_1_7' title="bbox 1746 1082 1923 1171; baseline 0 -20"><span class='ocrx_word' id='word_1_29' title='bbox 1746 1085 1777 1151; x_wconf 95' lang='lat' dir='ltr'>I</span> <span class='ocrx_word' id='word_1_30' title='bbox 1824 1082 1923 1171; x_wconf 76' lang='lat'><strong>(2)</strong></span> 
     </span>
     <span class='ocr_line' id='line_1_8' title="bbox 2060 1176 2501 1241; baseline 0.005 -2"><span class='ocrx_word' id='word_1_31' title='bbox 2060 1198 2213 1240; x_wconf 85' lang='lat' dir='ltr'><strong>nam</strong></span> <span class='ocrx_word' id='word_1_32' title='bbox 2260 1176 2501 1241; x_wconf 72' lang='lat' dir='ltr'><strong>cibairia</strong></span> 
     </span>
     <span class='ocr_line' id='line_1_9' title="bbox 866 1291 2247 1358; baseline 0.001 -2"><span class='ocrx_word' id='word_1_33' title='bbox 866 1292 1091 1357; x_wconf 71' lang='lat' dir='ltr'><strong>Vicem</strong></span> <span class='ocrx_word' id='word_1_34' title='bbox 1140 1295 1410 1358; x_wconf 82' lang='lat' dir='ltr'><strong>duorum</strong></span> <span class='ocrx_word' id='word_1_35' title='bbox 1458 1295 1559 1358; x_wconf 84' lang='lat' dir='ltr'><strong>me&#39;</strong></span> <span class='ocrx_word' id='word_1_36' title='bbox 1607 1314 1890 1358; x_wconf 77' lang='lat' dir='ltr'><strong>comesse</strong></span> <span class='ocrx_word' id='word_1_37' title='bbox 1940 1291 2247 1357; x_wconf 71' lang='lat' dir='ltr'><strong>condecet</strong></span> 
     </span>
    </p>
   </div>
   <div class='ocr_carea' id='block_1_6' title="bbox 868 1408 1935 1583">
    <p class='ocr_par' dir='ltr' id='par_1_6' title="bbox 868 1408 1935 1583">
     <span class='ocr_line' id='line_1_10' title="bbox 868 1408 1107 1475; baseline 0.013 -3"><span class='ocrx_word' id='word_1_38' title='bbox 868 1408 1107 1475; x_wconf 74' lang='lat' dir='ltr'><strong>Solum.</strong></span> 
     </span>
     <span class='ocr_line' id='line_1_11' title="bbox 1725 1496 1935 1583; baseline 0.005 -21"><span class='ocrx_word' id='word_1_39' title='bbox 1725 1499 1791 1562; x_wconf 97' lang='lat' dir='ltr'><strong>II</strong></span> <span class='ocrx_word' id='word_1_40' title='bbox 1836 1496 1935 1583; x_wconf 89' lang='lat'><strong>(1)</strong></span> 
     </span>
    </p>
   </div>
   <div class='ocr_carea' id='block_1_7' title="bbox 736 1613 2813 1701">
    <p class='ocr_par' dir='ltr' id='par_1_7' title="bbox 736 1613 2813 1701">
     <span class='ocr_line' id='line_1_12' title="bbox 736 1613 2813 1701; baseline -0 -22"><span class='ocrx_word' id='word_1_41' title='bbox 736 1615 818 1680; x_wconf 86' lang='lat'><strong>73</strong></span> <span class='ocrx_word' id='word_1_42' title='bbox 868 1615 1029 1681; x_wconf 85' lang='lat' dir='ltr'><strong>Cum</strong></span> <span class='ocrx_word' id='word_1_43' title='bbox 1077 1617 1536 1681; x_wconf 73' lang='lat' dir='ltr'><strong>contubernale</strong></span> <span class='ocrx_word' id='word_1_44' title='bbox 1584 1613 1901 1701; x_wconf 69' lang='lat' dir='ltr'><strong>pugnaui,</strong></span> <span class='ocrx_word' id='word_1_45' title='bbox 1948 1613 2099 1699; x_wconf 79' lang='lat' dir='ltr'><strong>quia</strong></span> <span class='ocrx_word' id='word_1_46' title='bbox 2143 1615 2353 1678; x_wconf 67' lang='lat' dir='ltr'><strong>meaeim</strong></span> <span class='ocrx_word' id='word_1_47' title='bbox 2400 1635 2623 1679; x_wconf 84' lang='lat' dir='ltr'><strong>cenam</strong></span> <span class='ocrx_word' id='word_1_48' title='bbox 2671 1665 2686 1679; x_wconf 97' lang='lat'><strong>.</strong></span> <span class='ocrx_word' id='word_1_49' title='bbox 2734 1664 2748 1678; x_wconf 95' lang='lat'><strong>.</strong></span> <span class='ocrx_word' id='word_1_50' title='bbox 2798 1664 2813 1678; x_wconf 95' lang='lat'><strong>.</strong></span> 
     </span>
    </p>
   </div>
   <div class='ocr_carea' id='block_1_8' title="bbox 686 1807 2981 2893">
    <p class='ocr_par' dir='ltr' id='par_1_8' title="bbox 686 1807 2981 2081">
     <span class='ocr_line' id='line_1_13' title="bbox 687 1807 2981 1878; baseline 0 -19"><span class='ocrx_word' id='word_1_51' title='bbox 687 1810 861 1861; x_wconf 82' lang='lat' dir='ltr'><strong>Exule</strong></span> <span class='ocrx_word' id='word_1_52' title='bbox 900 1810 966 1877; x_wconf 88' lang='lat'><strong>[1]</strong></span> <span class='ocrx_word' id='word_1_53' title='bbox 1006 1813 1339 1878; x_wconf 80' lang='lat' dir='ltr'><strong>Pomponius</strong></span> <span class='ocrx_word' id='word_1_54' title='bbox 1364 1813 1573 1863; x_wconf 81' lang='lat' dir='ltr'><strong>Maccis</strong></span> <span class='ocrx_word' id='word_1_55' title='bbox 1612 1812 1877 1876; x_wconf 82' lang='lat' dir='ltr'><strong>geminis:</strong></span> <span class='ocrx_word' id='word_1_56' title='bbox 1916 1810 2079 1874; x_wconf 84' lang='lat' dir='ltr'><strong>perii’</strong></span> <span class='ocrx_word' id='word_1_57' title='bbox 2119 1828 2165 1860; x_wconf 90' lang='lat' dir='ltr'><strong>e.</strong></span> <span class='ocrx_word' id='word_1_58' title='bbox 2191 1827 2242 1873; x_wconf 93' lang='lat' dir='ltr'><strong>q.</strong></span> <span class='ocrx_word' id='word_1_59' title='bbox 2270 1825 2313 1859; x_wconf 79' lang='grc' dir='ltr'><strong>ε.</strong></span> <span class='ocrx_word' id='word_1_60' title='bbox 2351 1807 2620 1872; x_wconf 79' lang='lat' dir='ltr'><strong>(mactis</strong></span> <span class='ocrx_word' id='word_1_61' title='bbox 2656 1810 2835 1874; x_wconf 82' lang='lat' dir='ltr'><strong>Harl.)</strong></span> <span class='ocrx_word' id='word_1_62' title='bbox 2894 1809 2981 1860; x_wconf 86' lang='lat' dir='ltr'><strong>Cf.</strong></span> 
     </span>
     <span class='ocr_line' id='line_1_14' title="bbox 686 1878 2981 1945; baseline -0.001 -16"><span class='ocrx_word' id='word_1_63' title='bbox 686 1881 1073 1944; x_wconf 76' lang='lat' dir='ltr'>Aristophanis</span> <span class='ocrx_word' id='word_1_64' title='bbox 1109 1881 1440 1945; x_wconf 84' lang='lat' dir='ltr'><strong>Thesmoph.</strong></span> <span class='ocrx_word' id='word_1_65' title='bbox 1476 1883 1576 1931; x_wconf 82' lang='grc'><strong>643</strong></span> <span class='ocrx_word' id='word_1_66' title='bbox 1614 1895 1692 1943; x_wconf 86' lang='lat' dir='ltr'><strong>sq.</strong></span> <span class='ocrx_word' id='word_1_67' title='bbox 1838 1879 1906 1926; x_wconf 90' lang='lat' dir='ltr'><strong>lv</strong></span> <span class='ocrx_word' id='word_1_68' title='bbox 1947 1878 2155 1927; x_wconf 84' lang='lat' dir='ltr'><strong>Nonius</strong></span> <span class='ocrx_word' id='word_1_69' title='bbox 2191 1880 2308 1937; x_wconf 85' lang='grc'><strong>470,</strong></span> <span class='ocrx_word' id='word_1_70' title='bbox 2346 1881 2406 1928; x_wconf 85' lang='grc'><strong>31</strong></span> <span class='ocrx_word' id='word_1_71' title='bbox 2448 1879 2611 1928; x_wconf 77' lang='lat' dir='ltr'><strong>‘intui</strong></span> <span class='ocrx_word' id='word_1_72' title='bbox 2646 1882 2702 1927; x_wconf 86' lang='lat' dir='ltr'><strong>et</strong></span> <span class='ocrx_word' id='word_1_73' title='bbox 2750 1878 2981 1927; x_wconf 79' lang='lat' dir='ltr'><strong>eontui</strong></span> 
     </span>
     <span class='ocr_line' id='line_1_15' title="bbox 686 1945 2981 2013; baseline 0 -18"><span class='ocrx_word' id='word_1_74' title='bbox 686 1963 784 2011; x_wconf 85' lang='lat' dir='ltr'><strong>pro</strong></span> <span class='ocrx_word' id='word_1_75' title='bbox 810 1949 1013 1997; x_wconf 81' lang='lat' dir='ltr'><strong>intueri</strong></span> <span class='ocrx_word' id='word_1_76' title='bbox 1040 1992 1051 2002; x_wconf 88' lang='lat'><strong>.</strong></span> <span class='ocrx_word' id='word_1_77' title='bbox 1083 1988 1095 2000; x_wconf 92' lang='lat'><strong>.</strong></span> <span class='ocrx_word' id='word_1_78' title='bbox 1124 1986 1136 1997; x_wconf 93' lang='lat'><strong>.</strong></span> <span class='ocrx_word' id='word_1_79' title='bbox 1169 1950 1498 2013; x_wconf 75' lang='lat' dir='ltr'>Pomponius</span> <span class='ocrx_word' id='word_1_80' title='bbox 1534 1947 1838 1997; x_wconf 79' lang='lat' dir='ltr'><strong>Macchis</strong></span> <span class='ocrx_word' id='word_1_81' title='bbox 1876 1946 2136 2010; x_wconf 83' lang='lat' dir='ltr'><strong>geminis:</strong></span> <span class='ocrx_word' id='word_1_82' title='bbox 2177 1946 2413 2010; x_wconf 88' lang='lat' dir='ltr'><strong>incoepi’</strong></span> <span class='ocrx_word' id='word_1_83' title='bbox 2450 1962 2496 1996; x_wconf 92' lang='lat' dir='ltr'><strong>e.</strong></span> <span class='ocrx_word' id='word_1_84' title='bbox 2524 1962 2574 2011; x_wconf 88' lang='lat' dir='ltr'><strong>q.</strong></span> <span class='ocrx_word' id='word_1_85' title='bbox 2604 1961 2647 1996; x_wconf 89' lang='lat' dir='ltr'><strong>s.</strong></span> <span class='ocrx_word' id='word_1_86' title='bbox 2696 1945 2770 2009; x_wconf 86' lang='grc' dir='ltr'><strong>(Μ</strong></span> <span class='ocrx_word' id='word_1_87' title='bbox 2789 1945 2981 1995; x_wconf 77' lang='lat' dir='ltr'><strong>achis</strong></span> 
     </span>
     <span class='ocr_line' id='line_1_16' title="bbox 687 2014 1876 2081; baseline 0.002 -19"><span class='ocrx_word' id='word_1_88' title='bbox 687 2015 906 2077; x_wconf 80' lang='lat' dir='ltr'><strong>Bamb.)</strong></span> <span class='ocrx_word' id='word_1_89' title='bbox 1045 2016 1184 2066; x_wconf 90' lang='lat' dir='ltr'><strong>Vide</strong></span> <span class='ocrx_word' id='word_1_90' title='bbox 1222 2021 1513 2081; x_wconf 80' lang='lat' dir='ltr'><strong>praeterea</strong></span> <span class='ocrx_word' id='word_1_91' title='bbox 1549 2017 1657 2065; x_wconf 89' lang='lat' dir='ltr'><strong>inc.</strong></span> <span class='ocrx_word' id='word_1_92' title='bbox 1698 2014 1809 2063; x_wconf 83' lang='lat' dir='ltr'><strong>fab.</strong></span> <span class='ocrx_word' id='word_1_93' title='bbox 1850 2015 1876 2064; x_wconf 95' lang='lat'>1</span> 
     </span>
    </p>

    <p class='ocr_par' dir='ltr' id='par_1_9' title="bbox 686 2074 2981 2758">
     <span class='ocr_line' id='line_1_17' title="bbox 823 2074 2980 2146; baseline -0 -14"><span class='ocrx_word' id='word_1_94' title='bbox 823 2084 1009 2132; x_wconf 71' lang='grc' dir='ltr'><strong>ΜΛοοι</strong></span> <span class='ocrx_word' id='word_1_95' title='bbox 1039 2085 1254 2134; x_wconf 70' lang='lat' dir='ltr'><strong>Geumi</strong></span> <span class='ocrx_word' id='word_1_96' title='bbox 1278 2085 1561 2134; x_wconf 68' lang='lat' dir='ltr'><strong>Paiones?</strong></span> <span class='ocrx_word' id='word_1_97' title='bbox 1633 2083 1750 2132; x_wconf 86' lang='lat' dir='ltr'><strong>Non</strong></span> <span class='ocrx_word' id='word_1_98' title='bbox 1776 2080 2049 2131; x_wconf 73' lang='lat' dir='ltr'><strong>diuersam</strong></span> <span class='ocrx_word' id='word_1_99' title='bbox 2080 2082 2246 2130; x_wconf 81' lang='lat' dir='ltr'><strong>fuisse</strong></span> <span class='ocrx_word' id='word_1_100' title='bbox 2276 2097 2308 2130; x_wconf 77' lang='lat' dir='ltr'><strong>a</strong></span> <span class='ocrx_word' id='word_1_101' title='bbox 2337 2081 2526 2131; x_wconf 78' lang='lat' dir='ltr'><strong>fabula</strong></span> <span class='ocrx_word' id='word_1_102' title='bbox 2551 2074 2835 2146; x_wconf 80' lang='lat' dir='ltr'><strong>superiore</strong></span> <span class='ocrx_word' id='word_1_103' title='bbox 2857 2082 2980 2145; x_wconf 88' lang='lat' dir='ltr'><strong>ipse</strong></span> 
     </span>
     <span class='ocr_line' id='line_1_18' title="bbox 686 2148 2975 2217; baseline 0.001 -20"><span class='ocrx_word' id='word_1_104' title='bbox 686 2150 996 2200; x_wconf 83' lang='lat' dir='ltr'><strong>uersicuius</strong></span> <span class='ocrx_word' id='word_1_105' title='bbox 1043 2152 1224 2201; x_wconf 79' lang='lat' dir='ltr'><strong>reddit</strong></span> <span class='ocrx_word' id='word_1_106' title='bbox 1269 2151 1576 2217; x_wconf 79' lang='lat' dir='ltr'><strong>probabile.</strong></span> <span class='ocrx_word' id='word_1_107' title='bbox 1660 2149 1745 2202; x_wconf 80' lang='lat' dir='ltr'><strong>Cf.</strong></span> <span class='ocrx_word' id='word_1_108' title='bbox 1796 2148 2133 2199; x_wconf 78' lang='lat' dir='ltr'><strong>Ritschelius</strong></span> <span class='ocrx_word' id='word_1_109' title='bbox 2182 2150 2407 2215; x_wconf 70' lang='lat' dir='ltr'><strong>Parerg.</strong></span> <span class='ocrx_word' id='word_1_110' title='bbox 2455 2149 2483 2198; x_wconf 93' lang='lat'>1</span> <span class='ocrx_word' id='word_1_111' title='bbox 2539 2153 2631 2200; x_wconf 78' lang='lat'><strong>135</strong></span> <span class='ocrx_word' id='word_1_112' title='bbox 2767 2149 2975 2200; x_wconf 84' lang='lat' dir='ltr'><strong>Nonius</strong></span> 
     </span>
     <span class='ocr_line' id='line_1_19' title="bbox 690 2218 2976 2284; baseline 0.001 -18"><span class='ocrx_word' id='word_1_113' title='bbox 690 2219 803 2280; x_wconf 84' lang='lat'>154,</span> <span class='ocrx_word' id='word_1_114' title='bbox 839 2220 906 2267; x_wconf 83' lang='lat'><strong>25</strong></span> <span class='ocrx_word' id='word_1_115' title='bbox 945 2220 1281 2282; x_wconf 85' lang='lat' dir='ltr'><strong>‘primiter</strong></span> <span class='ocrx_word' id='word_1_116' title='bbox 1317 2236 1415 2284; x_wconf 85' lang='lat' dir='ltr'><strong>pro</strong></span> <span class='ocrx_word' id='word_1_117' title='bbox 1454 2219 1652 2283; x_wconf 89' lang='lat' dir='ltr'><strong>prime,</strong></span> <span class='ocrx_word' id='word_1_118' title='bbox 1702 2223 1760 2266; x_wconf 84' lang='lat' dir='ltr'><strong>et</strong></span> <span class='ocrx_word' id='word_1_119' title='bbox 1799 2218 2047 2280; x_wconf 83' lang='lat' dir='ltr'><strong>primitus</strong></span> <span class='ocrx_word' id='word_1_120' title='bbox 2093 2232 2189 2281; x_wconf 85' lang='lat' dir='ltr'><strong>pro</strong></span> <span class='ocrx_word' id='word_1_121' title='bbox 2236 2218 2426 2281; x_wconf 85' lang='lat' dir='ltr'><strong>primo.</strong></span> <span class='ocrx_word' id='word_1_122' title='bbox 2498 2218 2832 2281; x_wconf 77' lang='lat' dir='ltr'><strong>Pomponius</strong></span> <span class='ocrx_word' id='word_1_123' title='bbox 2868 2234 2976 2268; x_wconf 79' lang='lat' dir='ltr'><strong>ac·</strong></span> 
     </span>
     <span class='ocr_line' id='line_1_20' title="bbox 689 2284 2978 2351; baseline 0.001 -17"><span class='ocrx_word' id='word_1_124' title='bbox 689 2286 837 2335; x_wconf 89' lang='lat' dir='ltr'><strong>cius</strong></span> <span class='ocrx_word' id='word_1_125' title='bbox 873 2287 1135 2349; x_wconf 83' lang='lat' dir='ltr'><strong>geminis:</strong></span> <span class='ocrx_word' id='word_1_126' title='bbox 1177 2289 1303 2351; x_wconf 87' lang='lat' dir='ltr'><strong>quin</strong></span> <span class='ocrx_word' id='word_1_127' title='bbox 1341 2289 1505 2337; x_wconf 87' lang='lat' dir='ltr'><strong>bono’</strong></span> <span class='ocrx_word' id='word_1_128' title='bbox 1535 2302 1584 2334; x_wconf 89' lang='lat' dir='ltr'><strong>e.</strong></span> <span class='ocrx_word' id='word_1_129' title='bbox 1612 2301 1661 2349; x_wconf 93' lang='lat' dir='ltr'><strong>q.</strong></span> <span class='ocrx_word' id='word_1_130' title='bbox 1694 2300 1736 2336; x_wconf 77' lang='lat' dir='ltr'><strong>s,</strong></span> <span class='ocrx_word' id='word_1_131' title='bbox 1814 2284 1958 2334; x_wconf 85' lang='lat' dir='ltr'><strong>Idem</strong></span> <span class='ocrx_word' id='word_1_132' title='bbox 1988 2284 2105 2345; x_wconf 84' lang='lat'>488,</span> <span class='ocrx_word' id='word_1_133' title='bbox 2130 2287 2196 2334; x_wconf 88' lang='grc'><strong>30</strong></span> <span class='ocrx_word' id='word_1_134' title='bbox 2231 2285 2594 2349; x_wconf 76' lang='lat' dir='ltr'><strong>‘pannibus</strong></span> <span class='ocrx_word' id='word_1_135' title='bbox 2632 2302 2728 2350; x_wconf 91' lang='lat' dir='ltr'><strong>pro</strong></span> <span class='ocrx_word' id='word_1_136' title='bbox 2765 2286 2978 2350; x_wconf 81' lang='lat' dir='ltr'><strong>pannis.</strong></span> 
     </span>
     <span class='ocr_line' id='line_1_21' title="bbox 689 2352 2979 2418; baseline 0 -17"><span class='ocrx_word' id='word_1_137' title='bbox 689 2354 1020 2418; x_wconf 74' lang='lat' dir='ltr'><strong>Pomponius</strong></span> <span class='ocrx_word' id='word_1_138' title='bbox 1057 2355 1364 2404; x_wconf 80' lang='lat' dir='ltr'><strong>Macchis</strong></span> <span class='ocrx_word' id='word_1_139' title='bbox 1399 2354 1663 2417; x_wconf 79' lang='lat' dir='ltr'><strong>geminis:</strong></span> <span class='ocrx_word' id='word_1_140' title='bbox 1702 2354 1867 2403; x_wconf 83' lang='lat' dir='ltr'><strong>bono&#39;</strong></span> <span class='ocrx_word' id='word_1_141' title='bbox 1909 2368 1955 2400; x_wconf 84' lang='lat' dir='ltr'><strong>e.</strong></span> <span class='ocrx_word' id='word_1_142' title='bbox 1999 2367 2047 2415; x_wconf 88' lang='lat' dir='ltr'><strong>q.</strong></span> <span class='ocrx_word' id='word_1_143' title='bbox 2086 2367 2129 2400; x_wconf 82' lang='lat' dir='ltr'><strong>s.</strong></span> <span class='ocrx_word' id='word_1_144' title='bbox 2176 2352 2602 2417; x_wconf 81' lang='lat' dir='ltr'><strong>(Pomponius</strong></span> <span class='ocrx_word' id='word_1_145' title='bbox 2638 2369 2741 2403; x_wconf 89' lang='lat' dir='ltr'><strong>om.</strong></span> <span class='ocrx_word' id='word_1_146' title='bbox 2784 2356 2908 2404; x_wconf 75' lang='lat' dir='ltr'><strong>Par.</strong></span> <span class='ocrx_word' id='word_1_147' title='bbox 2937 2355 2979 2402; x_wconf 92' lang='lat' dir='ltr'><strong>P</strong></span> 
     </span>
     <span class='ocr_line' id='line_1_22' title="bbox 688 2420 2981 2490; baseline 0 -22"><span class='ocrx_word' id='word_1_148' title='bbox 688 2421 948 2471; x_wconf 78' lang='lat' dir='ltr'><strong>Machis</strong></span> <span class='ocrx_word' id='word_1_149' title='bbox 994 2423 1184 2471; x_wconf 84' lang='lat' dir='ltr'><strong>Bamb.</strong></span> <span class='ocrx_word' id='word_1_150' title='bbox 1225 2421 1380 2471; x_wconf 73' lang='lat' dir='ltr'><strong>Harl.</strong></span> <span class='ocrx_word' id='word_1_151' title='bbox 1421 2423 1545 2471; x_wconf 83' lang='lat' dir='ltr'><strong>Par.</strong></span> <span class='ocrx_word' id='word_1_152' title='bbox 1585 2420 1651 2485; x_wconf 78' lang='grc' dir='ltr'><strong>Ρ)</strong></span> <span class='ocrx_word' id='word_1_153' title='bbox 1712 2422 1863 2471; x_wconf 82' lang='lat' dir='ltr'><strong>Idem</strong></span> <span class='ocrx_word' id='word_1_154' title='bbox 1890 2421 2008 2490; x_wconf 75' lang='grc'><strong>506,</strong></span> <span class='ocrx_word' id='word_1_155' title='bbox 2043 2423 2110 2468; x_wconf 72' lang='grc'><strong>24</strong></span> <span class='ocrx_word' id='word_1_156' title='bbox 2147 2424 2239 2469; x_wconf 82' lang='lat' dir='ltr'><strong>‘es</strong></span> <span class='ocrx_word' id='word_1_157' title='bbox 2279 2437 2373 2484; x_wconf 87' lang='lat' dir='ltr'><strong>pro</strong></span> <span class='ocrx_word' id='word_1_158' title='bbox 2412 2421 2981 2487; x_wconf 83' lang='lat' dir='ltr'><strong>esto...Pomponius</strong></span> 
     </span>
     <span class='ocr_line' id='line_1_23' title="bbox 687 2487 2979 2554; baseline 0 -15"><span class='ocrx_word' id='word_1_159' title='bbox 687 2489 907 2553; x_wconf 78' lang='lat' dir='ltr'><strong>Magis</strong></span> <span class='ocrx_word' id='word_1_160' title='bbox 946 2491 1209 2554; x_wconf 71' lang='lat' dir='ltr'><strong>geminisz</strong></span> <span class='ocrx_word' id='word_1_161' title='bbox 1247 2491 1412 2540; x_wconf 87' lang='lat' dir='ltr'><strong>bono&#39;</strong></span> <span class='ocrx_word' id='word_1_162' title='bbox 1452 2506 1498 2540; x_wconf 87' lang='lat' dir='ltr'><strong>e.</strong></span> <span class='ocrx_word' id='word_1_163' title='bbox 1527 2505 1576 2554; x_wconf 88' lang='lat' dir='ltr'><strong>q.</strong></span> <span class='ocrx_word' id='word_1_164' title='bbox 1602 2505 1644 2539; x_wconf 82' lang='lat' dir='ltr'><strong>s.</strong></span> <span class='ocrx_word' id='word_1_165' title='bbox 1703 2488 1989 2539; x_wconf 74' lang='lat' dir='ltr'><strong>Charisius</strong></span> <span class='ocrx_word' id='word_1_166' title='bbox 2024 2487 2077 2535; x_wconf 93' lang='lat'><strong>11</strong></span> <span class='ocrx_word' id='word_1_167' title='bbox 2117 2503 2166 2552; x_wconf 87' lang='lat' dir='ltr'><strong>p.</strong></span> <span class='ocrx_word' id='word_1_168' title='bbox 2198 2490 2293 2539; x_wconf 88' lang='grc'><strong>188</strong></span> <span class='ocrx_word' id='word_1_169' title='bbox 2322 2489 2381 2537; x_wconf 87' lang='lat' dir='ltr'><strong>P.</strong></span> <span class='ocrx_word' id='word_1_170' title='bbox 2420 2489 2776 2554; x_wconf 74' lang='lat' dir='ltr'><strong>‘primiterz</strong></span> <span class='ocrx_word' id='word_1_171' title='bbox 2820 2490 2979 2540; x_wconf 86' lang='lat' dir='ltr'><strong>Pom·</strong></span> 
     </span>
     <span class='ocr_line' id='line_1_24' title="bbox 686 2556 2979 2624; baseline 0.002 -19"><span class='ocrx_word' id='word_1_172' title='bbox 686 2559 883 2621; x_wconf 83' lang='lat' dir='ltr'><strong>ponius</strong></span> <span class='ocrx_word' id='word_1_173' title='bbox 907 2558 962 2606; x_wconf 91' lang='lat' dir='ltr'><strong>in</strong></span> <span class='ocrx_word' id='word_1_174' title='bbox 991 2558 1244 2607; x_wconf 76' lang='lat' dir='ltr'><strong>Mat-,cis</strong></span> <span class='ocrx_word' id='word_1_175' title='bbox 1271 2559 1557 2621; x_wconf 80' lang='lat' dir='ltr'><strong>geminis</strong></span> <span class='ocrx_word' id='word_1_176' title='bbox 1586 2558 1957 2621; x_wconf 86' lang='lat' dir='ltr'><strong>prioribus:</strong></span> <span class='ocrx_word' id='word_1_177' title='bbox 1996 2556 2136 2605; x_wconf 94' lang='lat' dir='ltr'><strong>bono</strong></span> <span class='ocrx_word' id='word_1_178' title='bbox 2163 2557 2345 2606; x_wconf 77' lang='lat' dir='ltr'><strong>animo</strong></span> <span class='ocrx_word' id='word_1_179' title='bbox 2373 2573 2456 2618; x_wconf 87' lang='lat' dir='ltr'><strong>es,</strong></span> <span class='ocrx_word' id='word_1_180' title='bbox 2483 2558 2654 2621; x_wconf 85' lang='lat' dir='ltr'><strong>eripis</strong></span> <span class='ocrx_word' id='word_1_181' title='bbox 2681 2558 2979 2624; x_wconf 84' lang='lat' dir='ltr'><strong>primiter.’</strong></span> 
     </span>
     <span class='ocr_line' id='line_1_25' title="bbox 689 2624 2981 2691; baseline 0 -18"><span class='ocrx_word' id='word_1_182' title='bbox 689 2626 745 2688; x_wconf 84' lang='lat' dir='ltr'><strong>(p</strong></span> <span class='ocrx_word' id='word_1_183' title='bbox 764 2624 1063 2675; x_wconf 86' lang='lat' dir='ltr'><strong>rioribus</strong></span> <span class='ocrx_word' id='word_1_184' title='bbox 1101 2642 1129 2674; x_wconf 94' lang='lat' dir='ltr'><strong>e</strong></span> <span class='ocrx_word' id='word_1_185' title='bbox 1172 2626 1507 2689; x_wconf 82' lang='lat' dir='ltr'><strong>pannibus</strong></span> <span class='ocrx_word' id='word_1_186' title='bbox 1544 2631 1722 2675; x_wconf 83' lang='lat' dir='ltr'><strong>ortum</strong></span> <span class='ocrx_word' id='word_1_187' title='bbox 1750 2633 1805 2674; x_wconf 86' lang='lat' dir='ltr'><strong>et</strong></span> <span class='ocrx_word' id='word_1_188' title='bbox 1839 2624 2233 2688; x_wconf 80' lang='lat' dir='ltr'><strong>transpositum</strong></span> <span class='ocrx_word' id='word_1_189' title='bbox 2260 2641 2383 2675; x_wconf 84' lang='lat' dir='ltr'><strong>esse</strong></span> <span class='ocrx_word' id='word_1_190' title='bbox 2422 2626 2714 2691; x_wconf 75' lang='lat' dir='ltr'><strong>ingeniosa</strong></span> <span class='ocrx_word' id='word_1_191' title='bbox 2740 2625 2981 2676; x_wconf 85' lang='lat' dir='ltr'><strong>Bueche-</strong></span> 
     </span>
     <span class='ocr_line' id='line_1_26' title="bbox 693 2689 1221 2758; baseline 0 -16"><span class='ocrx_word' id='word_1_192' title='bbox 693 2693 796 2742; x_wconf 86' lang='lat' dir='ltr'><strong>leri</strong></span> <span class='ocrx_word' id='word_1_193' title='bbox 833 2693 1074 2756; x_wconf 86' lang='lat' dir='ltr'><strong>suspicio</strong></span> <span class='ocrx_word' id='word_1_194' title='bbox 1113 2689 1221 2758; x_wconf 80' lang='lat' dir='ltr'><strong>est)</strong></span> 
     </span>
    </p>

    <p class='ocr_par' dir='ltr' id='par_1_10' title="bbox 688 2759 2980 2893">
     <span class='ocr_line' id='line_1_27' title="bbox 822 2759 2980 2826; baseline 0 -18"><span class='ocrx_word' id='word_1_195' title='bbox 822 2760 1051 2809; x_wconf 54' lang='lat' dir='ltr'><strong>Miccvs</strong></span> <span class='ocrx_word' id='word_1_196' title='bbox 1097 2760 1283 2809; x_wconf 61' lang='lat' dir='ltr'><strong>Mass</strong></span> <span class='ocrx_word' id='word_1_197' title='bbox 1389 2760 1416 2810; x_wconf 95' lang='lat'>1</span> <span class='ocrx_word' id='word_1_198' title='bbox 1463 2760 1745 2810; x_wconf 82' lang='lat' dir='ltr'><strong>Charisius</strong></span> <span class='ocrx_word' id='word_1_199' title='bbox 1783 2760 1809 2809; x_wconf 95' lang='lat'>1</span> <span class='ocrx_word' id='word_1_200' title='bbox 1855 2776 1904 2823; x_wconf 88' lang='lat' dir='ltr'><strong>p.</strong></span> <span class='ocrx_word' id='word_1_201' title='bbox 1948 2762 2039 2809; x_wconf 86' lang='lat'><strong>101</strong></span> <span class='ocrx_word' id='word_1_202' title='bbox 2078 2759 2140 2808; x_wconf 90' lang='grc' dir='ltr'><strong>Ρ.</strong></span> <span class='ocrx_word' id='word_1_203' title='bbox 2203 2759 2509 2810; x_wconf 85' lang='lat' dir='ltr'><strong>‘duorum</strong></span> <span class='ocrx_word' id='word_1_204' title='bbox 2558 2762 2888 2826; x_wconf 85' lang='lat' dir='ltr'><strong>Pomponius</strong></span> <span class='ocrx_word' id='word_1_205' title='bbox 2923 2761 2980 2810; x_wconf 87' lang='lat' dir='ltr'><strong>in</strong></span> 
     </span>
     <span class='ocr_line' id='line_1_28' title="bbox 688 2826 2980 2893; baseline 0 -16"><span class='ocrx_word' id='word_1_206' title='bbox 688 2829 881 2877; x_wconf 81' lang='lat' dir='ltr'><strong>Macco</strong></span> <span class='ocrx_word' id='word_1_207' title='bbox 929 2827 1133 2877; x_wconf 81' lang='lat' dir='ltr'><strong>milite=</strong></span> <span class='ocrx_word' id='word_1_208' title='bbox 1181 2832 1330 2877; x_wconf 78' lang='lat' dir='ltr'><strong>nam&#39;</strong></span> <span class='ocrx_word' id='word_1_209' title='bbox 1368 2844 1416 2881; x_wconf 89' lang='lat' dir='ltr'><strong>e.</strong></span> <span class='ocrx_word' id='word_1_210' title='bbox 1454 2844 1504 2893; x_wconf 90' lang='lat' dir='ltr'><strong>q.</strong></span> <span class='ocrx_word' id='word_1_211' title='bbox 1542 2844 1585 2877; x_wconf 83' lang='lat' dir='ltr'><strong>s.</strong></span> <span class='ocrx_word' id='word_1_212' title='bbox 1814 2828 1867 2877; x_wconf 94' lang='lat'><strong>11</strong></span> <span class='ocrx_word' id='word_1_213' title='bbox 1907 2826 2192 2876; x_wconf 77' lang='lat' dir='ltr'><strong>Charisius</strong></span> <span class='ocrx_word' id='word_1_214' title='bbox 2227 2826 2255 2876; x_wconf 92' lang='grc' dir='ltr'>Ι</span> <span class='ocrx_word' id='word_1_215' title='bbox 2293 2843 2343 2892; x_wconf 84' lang='lat' dir='ltr'><strong>p,</strong></span> <span class='ocrx_word' id='word_1_216' title='bbox 2381 2831 2446 2878; x_wconf 82' lang='lat'><strong>99</strong></span> <span class='ocrx_word' id='word_1_217' title='bbox 2483 2830 2544 2878; x_wconf 90' lang='grc' dir='ltr'><strong>Ρ.</strong></span> <span class='ocrx_word' id='word_1_218' title='bbox 2592 2829 2980 2879; x_wconf 79' lang='lat' dir='ltr'><strong>‘contuber-</strong></span> 
     </span>
    </p>
   </div>
   <div class='ocr_carea' id='block_1_9' title="bbox 688 2894 3067 2961">
    <p class='ocr_par' dir='ltr' id='par_1_11' title="bbox 688 2894 3067 2961">
     <span class='ocr_line' id='line_1_29' title="bbox 688 2894 3067 2961; baseline 0.001 -18"><span class='ocrx_word' id='word_1_219' title='bbox 688 2895 844 2944; x_wconf 85' lang='lat' dir='ltr'><strong>nale</strong></span> <span class='ocrx_word' id='word_1_220' title='bbox 882 2895 1214 2960; x_wconf 84' lang='lat' dir='ltr'><strong>Pomponius</strong></span> <span class='ocrx_word' id='word_1_221' title='bbox 1249 2896 1305 2945; x_wconf 91' lang='lat' dir='ltr'><strong>in</strong></span> <span class='ocrx_word' id='word_1_222' title='bbox 1341 2897 1532 2946; x_wconf 80' lang='lat' dir='ltr'><strong>Macco</strong></span> <span class='ocrx_word' id='word_1_223' title='bbox 1571 2894 1770 2945; x_wconf 87' lang='lat' dir='ltr'><strong>milite:</strong></span> <span class='ocrx_word' id='word_1_224' title='bbox 1810 2910 1929 2944; x_wconf 83' lang='lat' dir='ltr'><strong>cum</strong></span> <span class='ocrx_word' id='word_1_225' title='bbox 1966 2911 2032 2959; x_wconf 92' lang='lat' dir='ltr'><strong>c.‚</strong></span> <span class='ocrx_word' id='word_1_226' title='bbox 2072 2897 2278 2959; x_wconf 83' lang='lat' dir='ltr'><strong>inquit,</strong></span> <span class='ocrx_word' id='word_1_227' title='bbox 2328 2897 2598 2961; x_wconf 82' lang='lat' dir='ltr'><strong>pugnaui,</strong></span> <span class='ocrx_word' id='word_1_228' title='bbox 2637 2897 2769 2959; x_wconf 76' lang='lat' dir='ltr'><strong>quia</strong></span> <span class='ocrx_word' id='word_1_229' title='bbox 2805 2912 2872 2946; x_wconf 88' lang='lat' dir='ltr'><strong>m.</strong></span> <span class='ocrx_word' id='word_1_230' title='bbox 2910 2898 2977 2946; x_wconf 66' lang='grc' dir='ltr'><strong>α’</strong></span> <span class='ocrx_word' id='word_1_231' title='bbox 3061 2934 3067 2945; x_wconf 96' lang='grc'><em>.</em></span> 
     </span>
    </p>
   </div>
   <div class='ocr_carea' id='block_1_10' title="bbox 687 3010 1110 3017">
    <p class='ocr_par' dir='ltr' id='par_1_12' title="bbox 687 3010 1110 3017">
     <span class='ocr_line' id='line_1_30' title="bbox 687 3010 1110 3017; baseline 0 2058"><span class='ocrx_word' id='word_1_232' title='bbox 687 3010 1110 3017; x_wconf 95' lang='lat' dir='ltr'><strong> </strong></span> 
     </span>
    </p>
   </div>
   <div class='ocr_carea' id='block_1_11' title="bbox 683 3073 2987 4418">
    <p class='ocr_par' dir='ltr' id='par_1_13' title="bbox 683 3073 2984 3572">
     <span class='ocr_line' id='line_1_31' title="bbox 684 3073 2977 3149; baseline 0.001 -21"><span class='ocrx_word' id='word_1_233' title='bbox 684 3073 864 3129; x_wconf 80' lang='lat' dir='ltr'><strong>didisti</strong></span> <span class='ocrx_word' id='word_1_234' title='bbox 910 3073 1260 3145; x_wconf 77' lang='lat' dir='ltr'><strong>(abscondisti</strong></span> <span class='ocrx_word' id='word_1_235' title='bbox 1305 3076 1447 3131; x_wconf 89' lang='lat' dir='ltr'><strong>Par.</strong></span> <span class='ocrx_word' id='word_1_236' title='bbox 1494 3074 1565 3145; x_wconf 88' lang='lat' dir='ltr'><strong>P)</strong></span> <span class='ocrx_word' id='word_1_237' title='bbox 1606 3075 1744 3131; x_wconf 87' lang='lat' dir='ltr'><strong>libri</strong></span> <span class='ocrx_word' id='word_1_238' title='bbox 1784 3091 1911 3129; x_wconf 87' lang='lat' dir='ltr'><strong>num</strong></span> <span class='ocrx_word' id='word_1_239' title='bbox 1959 3075 2085 3149; x_wconf 81' lang='lat' dir='ltr'><strong>quid</strong></span> <span class='ocrx_word' id='word_1_240' title='bbox 2143 3074 2472 3131; x_wconf 80' lang='lat' dir='ltr'><strong>abscondisti</strong></span> <span class='ocrx_word' id='word_1_241' title='bbox 2517 3076 2724 3133; x_wconf 82' lang='lat' dir='ltr'><strong>Aldina</strong></span> <span class='ocrx_word' id='word_1_242' title='bbox 2900 3075 2977 3133; x_wconf 87' lang='grc'><strong>69</strong></span> 
     </span>
     <span class='ocr_line' id='line_1_32' title="bbox 685 3160 2874 3233; baseline 0.001 -19"><span class='ocrx_word' id='word_1_243' title='bbox 685 3161 897 3233; x_wconf 82' lang='lat' dir='ltr'><strong>incoepi</strong></span> <span class='ocrx_word' id='word_1_244' title='bbox 953 3161 1089 3217; x_wconf 82' lang='lat' dir='ltr'><strong>libri</strong></span> <span class='ocrx_word' id='word_1_245' title='bbox 1261 3161 1341 3217; x_wconf 84' lang='lat'><strong>70</strong></span> <span class='ocrx_word' id='word_1_246' title='bbox 1387 3160 1514 3232; x_wconf 88' lang='lat' dir='ltr'><strong>quin</strong></span> <span class='ocrx_word' id='word_1_247' title='bbox 1557 3179 1663 3216; x_wconf 90' lang='lat' dir='ltr'><strong>om.</strong></span> <span class='ocrx_word' id='word_1_248' title='bbox 1708 3160 1846 3217; x_wconf 86' lang='lat' dir='ltr'><strong>libri</strong></span> <span class='ocrx_word' id='word_1_249' title='bbox 1890 3161 2036 3217; x_wconf 85' lang='lat' dir='ltr'><strong>Non.</strong></span> <span class='ocrx_word' id='word_1_250' title='bbox 2078 3179 2138 3231; x_wconf 90' lang='lat' dir='ltr'><strong>p.</strong></span> <span class='ocrx_word' id='word_1_251' title='bbox 2190 3161 2336 3218; x_wconf 86' lang='grc'>488.</span> <span class='ocrx_word' id='word_1_252' title='bbox 2383 3161 2527 3229; x_wconf 84' lang='grc'><strong>506,</strong></span> <span class='ocrx_word' id='word_1_253' title='bbox 2575 3161 2874 3217; x_wconf 77' lang='lat' dir='ltr'><strong>Charisius</strong></span> 
     </span>
     <span class='ocr_line' id='line_1_33' title="bbox 684 3243 2981 3318; baseline 0 -20"><span class='ocrx_word' id='word_1_254' title='bbox 684 3251 769 3298; x_wconf 86' lang='lat' dir='ltr'><strong>est</strong></span> <span class='ocrx_word' id='word_1_255' title='bbox 810 3245 949 3300; x_wconf 80' lang='lat' dir='ltr'><strong>libri</strong></span> <span class='ocrx_word' id='word_1_256' title='bbox 995 3244 1139 3300; x_wconf 82' lang='lat' dir='ltr'><strong>Non.</strong></span> <span class='ocrx_word' id='word_1_257' title='bbox 1182 3263 1245 3316; x_wconf 86' lang='lat' dir='ltr'><strong>p.</strong></span> <span class='ocrx_word' id='word_1_258' title='bbox 1284 3243 1397 3301; x_wconf 85' lang='grc'><strong>154</strong></span> <span class='ocrx_word' id='word_1_259' title='bbox 1533 3245 1692 3299; x_wconf 77' lang='lat' dir='ltr'><strong>uideo</strong></span> <span class='ocrx_word' id='word_1_260' title='bbox 1740 3262 1844 3300; x_wconf 87' lang='lat' dir='ltr'><strong>om.</strong></span> <span class='ocrx_word' id='word_1_261' title='bbox 1881 3247 2177 3302; x_wconf 80' lang='lat' dir='ltr'><strong>Charisius</strong></span> <span class='ocrx_word' id='word_1_262' title='bbox 2349 3246 2548 3318; x_wconf 84' lang='lat' dir='ltr'><strong>erepsti</strong></span> <span class='ocrx_word' id='word_1_263' title='bbox 2586 3245 2981 3301; x_wconf 74' lang='lat' dir='ltr'><strong>Buecheler-us</strong></span> 
     </span>
     <span class='ocr_line' id='line_1_34' title="bbox 683 3328 2984 3404; baseline 0.001 -21"><span class='ocrx_word' id='word_1_264' title='bbox 683 3330 829 3384; x_wconf 79' lang='lat' dir='ltr'><strong>decl.</strong></span> <span class='ocrx_word' id='word_1_265' title='bbox 871 3332 975 3384; x_wconf 86' lang='lat' dir='ltr'><strong>lat.</strong></span> <span class='ocrx_word' id='word_1_266' title='bbox 1026 3329 1104 3386; x_wconf 89' lang='grc'><strong>66</strong></span> <span class='ocrx_word' id='word_1_267' title='bbox 1151 3329 1358 3404; x_wconf 82' lang='lat' dir='ltr'><strong>eripisti</strong></span> <span class='ocrx_word' id='word_1_268' title='bbox 1399 3330 1538 3385; x_wconf 82' lang='lat' dir='ltr'><strong>libri</strong></span> <span class='ocrx_word' id='word_1_269' title='bbox 1582 3330 1725 3385; x_wconf 83' lang='lat' dir='ltr'><strong>Non.</strong></span> <span class='ocrx_word' id='word_1_270' title='bbox 1772 3347 1830 3399; x_wconf 87' lang='lat' dir='ltr'><strong>p.</strong></span> <span class='ocrx_word' id='word_1_271' title='bbox 1872 3328 1995 3386; x_wconf 90' lang='grc'><strong>488</strong></span> <span class='ocrx_word' id='word_1_272' title='bbox 2042 3330 2204 3403; x_wconf 80' lang='lat' dir='ltr'><strong>eripis</strong></span> <span class='ocrx_word' id='word_1_273' title='bbox 2246 3331 2384 3386; x_wconf 84' lang='lat' dir='ltr'><strong>libri</strong></span> <span class='ocrx_word' id='word_1_274' title='bbox 2418 3347 2483 3400; x_wconf 86' lang='lat' dir='ltr'><strong>p.</strong></span> <span class='ocrx_word' id='word_1_275' title='bbox 2536 3329 2686 3401; x_wconf 83' lang='lat'>154,</span> <span class='ocrx_word' id='word_1_276' title='bbox 2735 3329 2984 3386; x_wconf 72' lang='lat' dir='ltr'><strong>Charisii</strong></span> 
     </span>
     <span class='ocr_line' id='line_1_35' title="bbox 685 3412 2982 3488; baseline 0.001 -21"><span class='ocrx_word' id='word_1_277' title='bbox 685 3414 810 3471; x_wconf 84' lang='lat' dir='ltr'><strong>cod.</strong></span> <span class='ocrx_word' id='word_1_278' title='bbox 869 3413 1082 3488; x_wconf 72' lang='lat' dir='ltr'><strong>det-epis</strong></span> <span class='ocrx_word' id='word_1_279' title='bbox 1144 3414 1316 3470; x_wconf 83' lang='lat' dir='ltr'><strong>Nonii</strong></span> <span class='ocrx_word' id='word_1_280' title='bbox 1374 3416 1511 3470; x_wconf 86' lang='lat' dir='ltr'><strong>libri</strong></span> <span class='ocrx_word' id='word_1_281' title='bbox 1559 3432 1618 3485; x_wconf 80' lang='lat' dir='ltr'><strong>p.</strong></span> <span class='ocrx_word' id='word_1_282' title='bbox 1680 3413 1805 3471; x_wconf 90' lang='grc'><strong>506</strong></span> <span class='ocrx_word' id='word_1_283' title='bbox 1874 3415 2097 3487; x_wconf 82' lang='lat' dir='ltr'><strong>erepisti</strong></span> <span class='ocrx_word' id='word_1_284' title='bbox 2169 3415 2399 3471; x_wconf 78' lang='lat' dir='ltr'><strong>Vossius</strong></span> <span class='ocrx_word' id='word_1_285' title='bbox 2466 3415 2710 3488; x_wconf 73' lang='lat' dir='ltr'><strong>eripuisti</strong></span> <span class='ocrx_word' id='word_1_286' title='bbox 2775 3412 2982 3471; x_wconf 77' lang='lat' dir='ltr'><strong>Iunius</strong></span> 
     </span>
     <span class='ocr_line' id='line_1_36' title="bbox 685 3495 2808 3572; baseline 0.001 -19"><span class='ocrx_word' id='word_1_287' title='bbox 685 3500 987 3555; x_wconf 77' lang='lat' dir='ltr'><strong>Animadu.</strong></span> <span class='ocrx_word' id='word_1_288' title='bbox 1056 3500 1131 3555; x_wconf 77' lang='lat' dir='ltr'><strong>Vl</strong></span> <span class='ocrx_word' id='word_1_289' title='bbox 1167 3499 1244 3557; x_wconf 95' lang='grc'><strong>10</strong></span> <span class='ocrx_word' id='word_1_290' title='bbox 1290 3515 1367 3554; x_wconf 80' lang='lat' dir='ltr'><strong>ex</strong></span> <span class='ocrx_word' id='word_1_291' title='bbox 1411 3507 1634 3556; x_wconf 81' lang='lat' dir='ltr'><strong>uetusto</strong></span> <span class='ocrx_word' id='word_1_292' title='bbox 1680 3499 1876 3557; x_wconf 83' lang='lat' dir='ltr'><strong>codice</strong></span> <span class='ocrx_word' id='word_1_293' title='bbox 2062 3495 2271 3572; x_wconf 65' lang='lat' dir='ltr'><strong>primit‘</strong></span> <span class='ocrx_word' id='word_1_294' title='bbox 2320 3500 2522 3555; x_wconf 85' lang='lat' dir='ltr'><strong>Bamb.</strong></span> <span class='ocrx_word' id='word_1_295' title='bbox 2573 3516 2635 3570; x_wconf 85' lang='lat' dir='ltr'><strong>p.</strong></span> <span class='ocrx_word' id='word_1_296' title='bbox 2685 3498 2808 3556; x_wconf 87' lang='grc'><strong>488</strong></span> 
     </span>
    </p>

    <p class='ocr_par' dir='ltr' id='par_1_14' title="bbox 685 3582 2987 4418">
     <span class='ocr_line' id='line_1_37' title="bbox 685 3582 2979 3656; baseline 0.002 -20"><span class='ocrx_word' id='word_1_297' title='bbox 685 3582 749 3636; x_wconf 78' lang='lat' dir='ltr'><strong>«ia</strong></span> <span class='ocrx_word' id='word_1_298' title='bbox 795 3582 1022 3656; x_wconf 76' lang='lat' dir='ltr'><strong>panibus</strong></span> <span class='ocrx_word' id='word_1_299' title='bbox 1069 3584 1139 3637; x_wconf 91' lang='lat' dir='ltr'><em>W</em></span> <span class='ocrx_word' id='word_1_300' title='bbox 1175 3601 1235 3654; x_wconf 85' lang='lat' dir='ltr'><strong>p.</strong></span> <span class='ocrx_word' id='word_1_301' title='bbox 1274 3582 1391 3640; x_wconf 79' lang='lat'><strong>154</strong></span> <span class='ocrx_word' id='word_1_302' title='bbox 1569 3584 1643 3639; x_wconf 85' lang='lat'><strong>71</strong></span> <span class='ocrx_word' id='word_1_303' title='bbox 1695 3600 1813 3640; x_wconf 82' lang='lat' dir='ltr'><strong>nam</strong></span> <span class='ocrx_word' id='word_1_304' title='bbox 1844 3586 1891 3640; x_wconf 88' lang='lat' dir='ltr'><strong>si</strong></span> <span class='ocrx_word' id='word_1_305' title='bbox 1935 3583 2128 3639; x_wconf 75' lang='lat' dir='ltr'><strong>cibaria</strong></span> <span class='ocrx_word' id='word_1_306' title='bbox 2175 3586 2259 3640; x_wconf 82' lang='lat' dir='ltr'><strong>ed.</strong></span> <span class='ocrx_word' id='word_1_307' title='bbox 2293 3602 2387 3655; x_wconf 80' lang='lat' dir='ltr'><strong>pr.</strong></span> <span class='ocrx_word' id='word_1_308' title='bbox 2523 3582 2756 3639; x_wconf 82' lang='lat' dir='ltr'><strong>duorum</strong></span> <span class='ocrx_word' id='word_1_309' title='bbox 2803 3584 2979 3640; x_wconf 87' lang='lat' dir='ltr'><strong>solum</strong></span> 
     </span>
     <span class='ocr_line' id='line_1_38' title="bbox 688 3668 2982 3741; baseline 0.003 -21"><span class='ocrx_word' id='word_1_310' title='bbox 688 3683 770 3721; x_wconf 86' lang='lat' dir='ltr'><strong>me</strong></span> <span class='ocrx_word' id='word_1_311' title='bbox 813 3686 859 3723; x_wconf 91' lang='lat' dir='ltr'><strong>c.</strong></span> <span class='ocrx_word' id='word_1_312' title='bbox 905 3684 951 3723; x_wconf 90' lang='lat' dir='ltr'><strong>c.</strong></span> <span class='ocrx_word' id='word_1_313' title='bbox 1001 3669 1150 3738; x_wconf 60' lang='lat' dir='ltr'><strong>cod„</strong></span> <span class='ocrx_word' id='word_1_314' title='bbox 1196 3672 1535 3740; x_wconf 77' lang='lat' dir='ltr'><strong>transposui</strong></span> <span class='ocrx_word' id='word_1_315' title='bbox 1577 3668 1785 3739; x_wconf 82' lang='lat' dir='ltr'><strong>solum,</strong></span> <span class='ocrx_word' id='word_1_316' title='bbox 1830 3673 1945 3726; x_wconf 84' lang='lat' dir='ltr'><strong>nisi</strong></span> <span class='ocrx_word' id='word_1_317' title='bbox 1982 3671 2262 3741; x_wconf 75' lang='lat' dir='ltr'><strong>qlossema</strong></span> <span class='ocrx_word' id='word_1_318' title='bbox 2300 3673 2497 3740; x_wconf 79' lang='lat' dir='ltr'><strong>potius</strong></span> <span class='ocrx_word' id='word_1_319' title='bbox 2539 3671 2982 3725; x_wconf 72' lang='lat' dir='ltr'><strong>existimandam</strong></span> 
     </span>
     <span class='ocr_line' id='line_1_39' title="bbox 686 3751 2981 3825; baseline 0.002 -20"><span class='ocrx_word' id='word_1_320' title='bbox 686 3756 813 3807; x_wconf 85' lang='lat' dir='ltr'><strong>erit.</strong></span> <span class='ocrx_word' id='word_1_321' title='bbox 862 3751 1093 3807; x_wconf 84' lang='lat' dir='ltr'><strong>duorum</strong></span> <span class='ocrx_word' id='word_1_322' title='bbox 1124 3752 1302 3808; x_wconf 81' lang='lat' dir='ltr'><strong>solum</strong></span> <span class='ocrx_word' id='word_1_323' title='bbox 1347 3770 1431 3808; x_wconf 85' lang='lat' dir='ltr'><strong>me</strong></span> <span class='ocrx_word' id='word_1_324' title='bbox 1477 3770 1594 3809; x_wconf 86' lang='lat' dir='ltr'><strong>esse</strong></span> <span class='ocrx_word' id='word_1_325' title='bbox 1640 3753 1900 3810; x_wconf 83' lang='lat' dir='ltr'><strong>condecet</strong></span> <span class='ocrx_word' id='word_1_326' title='bbox 1944 3754 2180 3825; x_wconf 75' lang='lat' dir='ltr'><strong>Maelzly</strong></span> <span class='ocrx_word' id='word_1_327' title='bbox 2353 3752 2431 3809; x_wconf 84' lang='lat'><strong>73</strong></span> <span class='ocrx_word' id='word_1_328' title='bbox 2477 3757 2848 3825; x_wconf 80' lang='lat' dir='ltr'><strong>septenarius</strong></span> <span class='ocrx_word' id='word_1_329' title='bbox 2889 3756 2981 3810; x_wconf 81' lang='lat' dir='ltr'><strong>uel</strong></span> 
     </span>
     <span class='ocr_line' id='line_1_40' title="bbox 685 3837 2981 3910; baseline -0 -19"><span class='ocrx_word' id='word_1_330' title='bbox 685 3838 963 3892; x_wconf 81' lang='lat' dir='ltr'><strong>iambicus</strong></span> <span class='ocrx_word' id='word_1_331' title='bbox 1006 3839 1099 3893; x_wconf 81' lang='lat' dir='ltr'><strong>uel</strong></span> <span class='ocrx_word' id='word_1_332' title='bbox 1143 3842 1563 3908; x_wconf 78' lang='lat' dir='ltr'><strong>anapaesticus</strong></span> <span class='ocrx_word' id='word_1_333' title='bbox 1742 3838 2129 3894; x_wconf 79' lang='lat' dir='ltr'><strong>contubernale</strong></span> <span class='ocrx_word' id='word_1_334' title='bbox 2185 3840 2307 3895; x_wconf 81' lang='lat' dir='ltr'><strong>cod.</strong></span> <span class='ocrx_word' id='word_1_335' title='bbox 2369 3839 2524 3910; x_wconf 83' lang='lat' dir='ltr'><strong>quod</strong></span> <span class='ocrx_word' id='word_1_336' title='bbox 2574 3837 2981 3893; x_wconf 79' lang='lat' dir='ltr'><strong>contubernalei</strong></span> 
     </span>
     <span class='ocr_line' id='line_1_41' title="bbox 687 3921 2982 3995; baseline 0.001 -20"><span class='ocrx_word' id='word_1_337' title='bbox 687 3921 815 3976; x_wconf 85' lang='lat' dir='ltr'><strong>olim</strong></span> <span class='ocrx_word' id='word_1_338' title='bbox 859 3924 1279 3991; x_wconf 82' lang='lat' dir='ltr'><strong>interpretatus</strong></span> <span class='ocrx_word' id='word_1_339' title='bbox 1323 3938 1515 3988; x_wconf 84' lang='lat' dir='ltr'><strong>eram,</strong></span> <span class='ocrx_word' id='word_1_340' title='bbox 1562 3930 1624 3977; x_wconf 81' lang='lat' dir='ltr'><strong>at</strong></span> <span class='ocrx_word' id='word_1_341' title='bbox 1667 3923 1879 3978; x_wconf 78' lang='lat' dir='ltr'><strong>annalei</strong></span> <span class='ocrx_word' id='word_1_342' title='bbox 1927 3924 2072 3978; x_wconf 80' lang='lat' dir='ltr'><strong>idem</strong></span> <span class='ocrx_word' id='word_1_343' title='bbox 2120 3922 2413 3978; x_wconf 82' lang='lat' dir='ltr'><strong>Romanus</strong></span> <span class='ocrx_word' id='word_1_344' title='bbox 2453 3940 2513 3995; x_wconf 93' lang='lat' dir='ltr'><strong>p.</strong></span> <span class='ocrx_word' id='word_1_345' title='bbox 2561 3921 2640 3978; x_wconf 83' lang='lat'><strong>97</strong></span> <span class='ocrx_word' id='word_1_346' title='bbox 2686 3930 2982 3990; x_wconf 85' lang='lat' dir='ltr'><strong>memorat,</strong></span> 
     </span>
     <span class='ocr_line' id='line_1_42' title="bbox 686 4006 2982 4079; baseline 0 -18"><span class='ocrx_word' id='word_1_347' title='bbox 686 4006 959 4062; x_wconf 82' lang='lat' dir='ltr'><strong>disertum</strong></span> <span class='ocrx_word' id='word_1_348' title='bbox 1015 4012 1205 4061; x_wconf 78' lang='lat' dir='ltr'><strong>autem</strong></span> <span class='ocrx_word' id='word_1_349' title='bbox 1248 4009 1319 4061; x_wconf 83' lang='lat' dir='ltr'><strong>de</strong></span> <span class='ocrx_word' id='word_1_350' title='bbox 1365 4008 1559 4062; x_wconf 83' lang='lat' dir='ltr'><strong>uocati</strong></span> <span class='ocrx_word' id='word_1_351' title='bbox 1601 4008 1976 4064; x_wconf 82' lang='lat' dir='ltr'><strong>testimoniam</strong></span> <span class='ocrx_word' id='word_1_352' title='bbox 2023 4008 2181 4063; x_wconf 84' lang='lat' dir='ltr'><strong>deest</strong></span> <span class='ocrx_word' id='word_1_353' title='bbox 2236 4014 2480 4079; x_wconf 81' lang='lat' dir='ltr'><strong>utroque</strong></span> <span class='ocrx_word' id='word_1_354' title='bbox 2522 4009 2678 4077; x_wconf 83' lang='lat' dir='ltr'><strong>loco,</strong></span> <span class='ocrx_word' id='word_1_355' title='bbox 2735 4022 2843 4061; x_wconf 83' lang='lat' dir='ltr'><strong>nec</strong></span> <span class='ocrx_word' id='word_1_356' title='bbox 2886 4008 2982 4062; x_wconf 81' lang='lat' dir='ltr'><strong>de·</strong></span> 
     </span>
     <span class='ocr_line' id='line_1_43' title="bbox 688 4091 2987 4165; baseline 0.001 -21"><span class='ocrx_word' id='word_1_357' title='bbox 688 4094 855 4146; x_wconf 83' lang='lat' dir='ltr'><strong>cerni</strong></span> <span class='ocrx_word' id='word_1_358' title='bbox 890 4098 1079 4161; x_wconf 86' lang='lat' dir='ltr'><strong>potest</strong></span> <span class='ocrx_word' id='word_1_359' title='bbox 1110 4091 1356 4146; x_wconf 82' lang='lat' dir='ltr'><strong>ablatim&#39;</strong></span> <span class='ocrx_word' id='word_1_360' title='bbox 1397 4094 1855 4148; x_wconf 82' lang='lat' dir='ltr'><strong>terminationem</strong></span> <span class='ocrx_word' id='word_1_361' title='bbox 1901 4099 2092 4148; x_wconf 82' lang='lat' dir='ltr'><strong>utrum</strong></span> <span class='ocrx_word' id='word_1_362' title='bbox 2136 4094 2363 4165; x_wconf 76' lang='lat' dir='ltr'><strong>lonyam</strong></span> <span class='ocrx_word' id='word_1_363' title='bbox 2396 4109 2472 4146; x_wconf 84' lang='lat' dir='ltr'><strong>an</strong></span> <span class='ocrx_word' id='word_1_364' title='bbox 2506 4092 2733 4147; x_wconf 82' lang='lat' dir='ltr'><strong>breuem</strong></span> <span class='ocrx_word' id='word_1_365' title='bbox 2779 4091 2987 4147; x_wconf 75' lang='lat' dir='ltr'><strong>haberi</strong></span> 
     </span>
     <span class='ocr_line' id='line_1_44' title="bbox 687 4174 2982 4248; baseline -0 -18"><span class='ocrx_word' id='word_1_366' title='bbox 687 4177 934 4231; x_wconf 78' lang='lat' dir='ltr'><strong>uoluerit</strong></span> <span class='ocrx_word' id='word_1_367' title='bbox 961 4183 1155 4245; x_wconf 82' lang='lat' dir='ltr'><strong>poeta.</strong></span> <span class='ocrx_word' id='word_1_368' title='bbox 1203 4174 1589 4231; x_wconf 77' lang='lat' dir='ltr'><strong>contubernale</strong></span> <span class='ocrx_word' id='word_1_369' title='bbox 1635 4193 1742 4248; x_wconf 82' lang='lat' dir='ltr'><strong>ego</strong></span> <span class='ocrx_word' id='word_1_370' title='bbox 1779 4177 2020 4233; x_wconf 75' lang='lat' dir='ltr'><strong>Bothius</strong></span> <span class='ocrx_word' id='word_1_371' title='bbox 2063 4180 2121 4233; x_wconf 83' lang='lat' dir='ltr'><strong>in</strong></span> <span class='ocrx_word' id='word_1_372' title='bbox 2169 4180 2402 4234; x_wconf 86' lang='lat' dir='ltr'><strong>senario</strong></span> <span class='ocrx_word' id='word_1_373' title='bbox 2575 4192 2615 4246; x_wconf 81' lang='lat' dir='ltr'><strong>q</strong></span> <span class='ocrx_word' id='word_1_374' title='bbox 2658 4176 2713 4231; x_wconf 74' lang='lat' dir='ltr'><strong>h.</strong></span> <span class='ocrx_word' id='word_1_375' title='bbox 2763 4189 2813 4230; x_wconf 89' lang='lat' dir='ltr'><strong>e.</strong></span> <span class='ocrx_word' id='word_1_376' title='bbox 2861 4176 2982 4248; x_wconf 85' lang='lat' dir='ltr'><strong>quia</strong></span> 
     </span>
     <span class='ocr_line' id='line_1_45' title="bbox 687 4258 2982 4334; baseline 0 -20"><span class='ocrx_word' id='word_1_377' title='bbox 687 4261 810 4315; x_wconf 84' lang='lat' dir='ltr'><strong>cod.</strong></span> <span class='ocrx_word' id='word_1_378' title='bbox 860 4258 1005 4333; x_wconf 85' lang='lat' dir='ltr'><strong>quod</strong></span> <span class='ocrx_word' id='word_1_379' title='bbox 1051 4262 1139 4314; x_wconf 87' lang='lat' dir='ltr'><strong>ed.</strong></span> <span class='ocrx_word' id='word_1_380' title='bbox 1181 4278 1277 4330; x_wconf 86' lang='lat' dir='ltr'><strong>pr.</strong></span> <span class='ocrx_word' id='word_1_381' title='bbox 1323 4261 1413 4333; x_wconf 88' lang='lat' dir='ltr'><strong>qui</strong></span> <span class='ocrx_word' id='word_1_382' title='bbox 1445 4262 1592 4316; x_wconf 82' lang='lat' dir='ltr'><strong>coni.</strong></span> <span class='ocrx_word' id='word_1_383' title='bbox 1629 4261 1883 4331; x_wconf 67' lang='lat' dir='ltr'><strong>Kailios,</strong></span> <span class='ocrx_word' id='word_1_384' title='bbox 1928 4278 2039 4316; x_wconf 83' lang='lat' dir='ltr'><strong>non</strong></span> <span class='ocrx_word' id='word_1_385' title='bbox 2070 4264 2236 4317; x_wconf 86' lang='lat' dir='ltr'><strong>male.</strong></span> <span class='ocrx_word' id='word_1_386' title='bbox 2287 4259 2463 4334; x_wconf 79' lang='lat' dir='ltr'><strong>quoad</strong></span> <span class='ocrx_word' id='word_1_387' title='bbox 2496 4258 2740 4316; x_wconf 66' lang='lat' dir='ltr'><strong>Baebius</strong></span> <span class='ocrx_word' id='word_1_388' title='bbox 2909 4260 2982 4315; x_wconf 83' lang='lat' dir='ltr'><strong>In</strong></span> 
     </span>
     <span class='ocr_line' id='line_1_46' title="bbox 687 4344 2981 4418; baseline 0 -20"><span class='ocrx_word' id='word_1_389' title='bbox 687 4346 847 4403; x_wconf 75' lang='lat' dir='ltr'><strong>exitu</strong></span> <span class='ocrx_word' id='word_1_390' title='bbox 906 4360 1116 4403; x_wconf 80' lang='lat' dir='ltr'><strong>uersus</strong></span> <span class='ocrx_word' id='word_1_391' title='bbox 1159 4346 1370 4400; x_wconf 81' lang='lat' dir='ltr'><strong>cenauit</strong></span> <span class='ocrx_word' id='word_1_392' title='bbox 1415 4346 1682 4416; x_wconf 81' lang='lat' dir='ltr'><strong>suppleri</strong></span> <span class='ocrx_word' id='word_1_393' title='bbox 1723 4353 1935 4418; x_wconf 83' lang='lat' dir='ltr'><strong>potest.</strong></span> <span class='ocrx_word' id='word_1_394' title='bbox 2197 4346 2576 4402; x_wconf 76' lang='lat' dir='ltr'><strong>senariorum</strong></span> <span class='ocrx_word' id='word_1_395' title='bbox 2615 4344 2815 4418; x_wconf 78' lang='lat' dir='ltr'><strong>frusta</strong></span> <span class='ocrx_word' id='word_1_396' title='bbox 2861 4360 2981 4399; x_wconf 84' lang='lat' dir='ltr'><strong>cum</strong></span> 
     </span>
    </p>
   </div>
  </div>
 </body>
</html>
