3400 5075
1439 252 1798 307 ADDENDA
2162 216 2169 221 ’
2616 255 2790 311 ox1x
2896 278 2901 281 -

488 417 729 482 banum
774 417 1106 502 leguntur,
1152 438 1230 480 ex
1276 416 1632 501 integriore
1679 417 2094 503 grammatici
2138 417 2310 482 libro
2351 420 2609 482 servata
2646 440 2787 483 esse

486 523 612 588 tibi
666 522 1113 607 persuadebis:
1179 522 1312 586 ‘est
1378 543 1532 607 ergo
1595 524 1914 587 sermonis
1972 523 2319 587 cuiuslibet
2374 524 2589 587 motus
2647 523 2786 589 sine

484 630 847 695 reverentia
910 628 1013 693 vel
1072 628 1395 693 factorum
1455 631 1520 693 et
1577 630 1867 714 turpium
1930 652 2075 694 cum
2132 629 2406 695 lascivia
2465 630 2785 695 imitatio'

485 734 665 823 (nam
736 737 830 800 sic
899 739 974 799 ut
1033 735 1102 799 in
1168 736 1412 800 nostris
1475 736 1952 821 exemplaribus
2014 736 2321 802 mutilata
2378 736 2473 801 ibi
2533 758 2785 820 quoque

485 842 765 931 extant),
826 843 1004 925 ‘quia
1067 844 1370 923 quaedam
1425 844 1677 924 fabulae
1731 865 1772 907 a
1819 844 2022 926 poetis
2065 864 2420 927 yraecorum
2474 844 2566 907 ita
2624 864 2783 908 com-

470 951 889 1033 ponebantur,
935 954 1005 1013 ut
1047 950 1406 1031 aptissimae
1450 956 1646 1015 essent
1686 952 1915 1013 mortui
1960 949 2280 1031 corporis'.
2325 950 2445 1013 tali
2473 951 2781 1035 nugatori

483 1058 628 1140 quis
675 1055 934 1121 credet?
980 1078 1184 1139 neque
1233 1055 1507 1120 credidit
1534 1055 1942 1141 WelckeruS,
1990 1057 2099 1140 qui
2128 1057 2197 1120 in
2225 1057 2392 1121 libro
2424 1056 2500 1120 de
2528 1061 2781 1142 tragoe-

483 1162 606 1226 diis
652 1161 750 1226 111
803 1162 972 1226 1346
1023 1161 1400 1228 Africanum
1449 1184 1637 1227 suum
1683 1108 1950 1246 reliquit
1996 1162 2334 1229 RhabanO.

659 1268 916 1354 Augere
972 1269 1227 1353 tragica
1281 1267 1481 1332 Ennii
1538 1269 1907 1355 fragmenta
1961 1268 2283 1353 Bergkius
2342 1269 2592 1335 studuit
2646 1194 2782 1334 lau-

482 1375 651 1440 datis
700 1376 781 1440 ab
831 1377 1093 1440 auctore
1135 1374 1292 1439 belli
1321 1374 1784 1459 Hispaniensis
1814 1398 1865 1440 c.
1896 1376 1975 1439 31
2008 1376 2254 1460 verbiS,
2300 1398 2464 1459 quae
2491 1377 2779 1443 numeris

477 1482 723 1547 talibus
770 1483 1020 1547 scilicet
1065 1481 1392 1546 dimensus
1440 1484 1541 1547 est
1587 1480 1850 1568 (Philol.
1894 1480 2178 1546 XXXIII
2226 1427 2414 1568 294)ε

843 1591 956 1673 pes
1004 1588 1165 1672 pede
1212 1589 1557 1673 premittit,
1602 1592 1902 1653 teruntur
1949 1588 2147 1652 armis
2196 1610 2394 1653 arma.

481 1693 607 1759 Sed
660 1695 938 1778 prudens
994 1717 1184 1759 nemo
1253 1695 1578 1759 dubitabit
1637 1695 1794 1779 quin
1852 1694 2193 1758 annalibus
2242 1692 2329 1779 (V.
2378 1692 2538 1781 559)
2587 1696 2776 1759 relin-

478 1800 730 1884 quenda
777 1801 924 1864 sint.
1016 1799 1284 1864 Eisdem
1331 1801 1614 1885 dempsit
1659 1801 1876 1866 locum
1924 1824 1962 1864 a
2006 1799 2302 1864 Varrone
2351 1801 2427 1865 de
2472 1801 2601 1865 1.·1.
2649 1801 2777 1867 VH

476 1908 561 1972 48
602 1907 1027 1991 explicatum,
1073 1930 1264 1992 quem
1295 1906 1367 1971 O.
1395 1907 1763 1972 Muellerus·
1781 1908 2158 1972 hexametro
2188 1908 2506 1972 conclusit
2534 1905 2776 1995 (annal.

477 2010 575 2100 9),
647 2013 756 2077 ille
821 2010 908 2099 (p.
974 2012 1134 2100 275)
1209 2015 1580 2098 anapaestis
1656 2018 1814 2099 apta
1884 2036 2026 2078 esse
2101 2017 2337 2079 censet.
2426 2036 2631 2099 neque
2697 2015 2774 2080 de

472 2120 758 2185 numeris
803 2141 1053 2206 pugno:
1098 2120 1167 2185 id
1210 2124 1433 2186 tamen
1480 2121 1640 2207 scio,
1687 2122 1758 2186 in
1799 2121 1904 2185 his
1953 2143 2115 2204 quae
2163 2122 2506 2206 proposuit

880 2248 1168 2312 quaeque
1215 2228 1282 2292 in
1328 2250 1597 2311 corpore
1643 2250 1805 2293 cava
1850 2227 2145 2292 caeruleo

994 2336 1141 2400 coeli
1186 2335 1437 2400 cortina
1481 2337 1773 2418 receptat

474 2440 802 2505 adversari
819 2440 1489 2507 Varronisdoctrinae
1509 2439 1725 2527 (‘cava
1743 2441 2011 2524 cortina,
2032 2441 2202 2525 quod
2223 2444 2323 2505 est
2340 2441 2510 2506 inter
2528 2445 2771 2510 terram
2910 2442 2919 2449 ‘

473 2552 538 2614 et
584 2546 895 2636 caelum')
940 2548 1113 2613 istud
1159 2550 1327 2628 coeli,
1373 2550 1443 2613 in
1480 2549 1660 2614 cuius
1705 2549 1922 2615 locum
1962 2548 2270 2613 substitui
2304 2550 2517 2633 possit
2556 2551 2771 2631 [undo.

647 2759 1348 2858 Apud'PACVVIVM
1395 2785 1452 2826 v.
1500 2763 1587 2826 20
1632 2763 1754 2828 mei
1798 2759 2167 2846 Madvigius
2207 2759 2477 2829 Advers.
2522 2763 2589 2828 Π
2636 2765 2764 2831 659

468 2871 799 2955 praecepit
842 2891 1012 2936 vana
1060 2869 1458 2954 coniectura,
1501 2891 1657 2933 nam
1702 2891 1821 2952 pro
1868 2890 1998 2933 una
2032 2868 2299 2934 notione
2329 2873 2429 2934 est
2461 2890 2768 2955 propaqes

455 2978 804 3061 -sanyuims,
2362 3061 2365 3064 Ι
2512 3061 2517 3066 A

645 3085 731 3148 30
804 3080 1135 3168 Sermonis
1219 3082 1412 3165 prisci
1489 3081 1938 3147 consuetudini
2012 3083 2356 3147 convenire
2440 3084 2540 3148 dic
2607 3085 2766 3150 mihi

467 3191 722 3256 monuit
765 3188 888 3254 Ed.
926 3187 1174 3253 Becker
1220 3189 1384 3253 stud.
1430 3183 1656 3254 1'128.
1747 3187 2115 3254 Monstrum
2163 3188 2650 3275 Savelsbergius
2696 3193 2765 3256 in

465 3296 711 3361 Kuhnii
782 3296 1030 3379 ephem.
1091 3295 1544 3379 comparandis
1604 3296 1845 3381 linguis
1908 3297 2124 3360 dicata
2187 3296 2313 3360 vol.
2372 3294 2529 3359 XXI
2588 3295 2762 3382 (nov.

466 3425 586 3467 ser.
631 3401 691 3489 Ι)
745 3426 808 3486 p.
871 3403 996 3467 184
1051 3401 1528 3466 commendavit
1578 3402 1729 3466 hoc:
1792 3404 1891 3467 dic
1943 3404 2097 3483 quid
2141 3401 2410 3482 faciam:
2465 3404 2619 3483 quid
2667 3425 2763 3468 me
2875 3470 2883 3484 ,

462 3511 747 3576 moneris.
837 3507 1142 3593 Idemque
1187 3508 1257 3571 in
1301 3531 1360 3571 v.
1413 3509 1538 3572 112
1584 3510 1650 3573 da·
1693 3505 2001 3574 mouerint
2043 3507 2452 3590 pronuntiari
2498 3509 2743 3576 iussit<

640 3614 719 3679 V.
780 3615 865 3679 53
930 3615 996 3676 et
1058 3612 1239 3678 Accii
1303 3615 1428 3679 118
1493 3614 1663 3698 quod
1724 3612 2056 3678 Leidensis
2120 3613 2393 3696 praebet
2451 3616 2761 3696 familitds

462 3722 628 3786 miro
674 3719 992 3786 lenocinio
1040 3720 1358 3805 quendam
1403 3742 1611 3805 nuper
1657 3720 1941 3786 adlicuit.

640 3828 724 3893 59
784 3828 1006 3911 alliyat
1063 3849 1220 3910 quae
1282 3827 1521 3891 mutari
1575 3829 1760 3892 vetat
1814 3825 2135 3913 Bergkius
2188 3825 2421 3893 Philol.
2476 3826 2759 3893 XXXIII

461 3935 621 4019 253,
668 3934 974 4024 astrictae
1021 3935 1255 4000 frontis
1301 3935 1461 4024 puto
1511 3934 1933 3999 similitudine
1981 3937 2215 4000 motus

639 4042 723 4104 62
769 4046 906 4104 uter
947 4045 1035 4122 est
1077 4041 1395 4106 violenter
1440 4041 1682 4105 mutari
1722 4041 1903 4105 iubet
1930 4040 2047 4105 Ed.
2076 4040 2323 4106 Becker
2353 4041 2519 4106 stud.
2545 4040 2577 4104 I
2610 4041 2753 4107 158.

637 4147 995 4214 Idolorestes
1037 4148 1296 4231 titulus,
1342 4169 1532 4230 quem
1559 4145 1880 4232 Bergkius
1917 4147 1959 4211 l.
1984 4147 2027 4211 l.
2055 4148 2186 4212 295
2230 4147 2512 4232 flagitat,
2558 4170 2752 4232 quam

456 4251 650 4340 longe
671 4276 707 4318 a
729 4254 986 4319 fabulae
1008 4255 1391 4341 argumento
1413 4253 1782 4339 abhorreat,
1803 4275 1918 4318 suo
1938 4254 2082 4319 loco
2104 4276 2254 4318 mox
2274 4252 2750 4322 demonstrabo,
