<?xml version="1.0" encoding="UTF-8"?>
<!DOCTYPE html PUBLIC "-//W3C//DTD XHTML 1.0 Transitional//EN"
    "http://www.w3.org/TR/xhtml1/DTD/xhtml1-transitional.dtd">
<html xmlns="http://www.w3.org/1999/xhtml" xml:lang="en" lang="en">
 <head>
  <title>
</title>
<meta http-equiv="Content-Type" content="text/html;charset=utf-8" />
  <meta name='ocr-system' content='tesseract 3.04.00' />
  <meta name='ocr-capabilities' content='ocr_page ocr_carea ocr_par ocr_line ocrx_word'/>
</head>
<body>
  <div class='ocr_page' id='page_1' title='image "./comicorumromano00teregoog_0030.png"; bbox 0 0 3400 5075; ppageno 0'>
   <div class='ocr_carea' id='block_1_1' title="bbox 638 316 2051 376">
    <p class='ocr_par' dir='ltr' id='par_1_1' title="bbox 638 316 2051 376">
     <span class='ocr_line' id='line_1_1' title="bbox 638 316 2051 376; baseline -0.002 -2"><span class='ocrx_word' id='word_1_1' title='bbox 638 322 872 376; x_wconf 86' lang='lat' dir='ltr'><strong>XXVIII</strong></span> <span class='ocrx_word' id='word_1_2' title='bbox 1518 316 2051 373; x_wconf 78' lang='lat' dir='ltr'><strong>COROLLARIVM</strong></span> 
     </span>
    </p>
   </div>
   <div class='ocr_carea' id='block_1_2' title="bbox 632 479 2935 2181">
    <p class='ocr_par' dir='ltr' id='par_1_2' title="bbox 632 479 2935 2181">
     <span class='ocr_line' id='line_1_2' title="bbox 814 479 2929 568; baseline -0.001 -19"><span class='ocrx_word' id='word_1_3' title='bbox 814 484 909 549; x_wconf 78' lang='lat' dir='ltr'>sta</span> <span class='ocrx_word' id='word_1_4' title='bbox 937 479 1254 568; x_wconf 88' lang='lat' dir='ltr'>plorando</span> <span class='ocrx_word' id='word_1_5' title='bbox 1285 483 1528 548; x_wconf 76' lang='lat' dir='ltr'>orando</span> <span class='ocrx_word' id='word_1_6' title='bbox 1559 481 1863 545; x_wconf 85' lang='lat' dir='ltr'>instando</span> <span class='ocrx_word' id='word_1_7' title='bbox 1894 484 2087 563; x_wconf 86' lang='lat' dir='ltr'>atque</span> <span class='ocrx_word' id='word_1_8' title='bbox 2108 481 2511 564; x_wconf 73' lang='lat' dir='ltr'>obiurgando</span> <span class='ocrx_word' id='word_1_9' title='bbox 2533 504 2635 545; x_wconf 91' lang='lat' dir='ltr'>me</span> <span class='ocrx_word' id='word_1_10' title='bbox 2656 484 2929 566; x_wconf 76' lang='lat' dir='ltr'>optudit,</span> 
     </span>
     <span class='ocr_line' id='line_1_3' title="bbox 817 578 2932 671; baseline -0.001 -15"><span class='ocrx_word' id='word_1_11' title='bbox 817 616 960 656; x_wconf 89' lang='lat' dir='ltr'>eam</span> <span class='ocrx_word' id='word_1_12' title='bbox 1013 590 1116 655; x_wconf 78' lang='lat' dir='ltr'>uti</span> <span class='ocrx_word' id='word_1_13' title='bbox 1150 578 1524 655; x_wconf 61' lang='lat' dir='ltr'>&#39;venderela</span> <span class='ocrx_word' id='word_1_14' title='bbox 1608 611 1778 654; x_wconf 88' lang='lat' dir='ltr'>nunc</span> <span class='ocrx_word' id='word_1_15' title='bbox 1835 589 2025 652; x_wconf 90' lang='lat' dir='ltr'>credo</span> <span class='ocrx_word' id='word_1_16' title='bbox 2085 587 2257 652; x_wconf 77' lang='lat' dir='ltr'>inter</span> <span class='ocrx_word' id='word_1_17' title='bbox 2316 589 2465 651; x_wconf 73' lang='lat' dir='ltr'>suas</span> <span class='ocrx_word' id='word_1_18' title='bbox 2529 589 2815 671; x_wconf 78' lang='lat' dir='ltr'>aequalis</span> <span class='ocrx_word' id='word_1_19' title='bbox 2876 596 2932 654; x_wconf 73' lang='lat' dir='ltr'>et</span> 
     </span>
     <span class='ocr_line' id='line_1_4' title="bbox 1917 698 2229 780; baseline 0.003 -21"><span class='ocrx_word' id='word_1_20' title='bbox 1917 698 2229 780; x_wconf 76' lang='lat' dir='ltr'>cognatas</span> 
     </span>
     <span class='ocr_line' id='line_1_5' title="bbox 816 801 2930 889; baseline -0.001 -19"><span class='ocrx_word' id='word_1_21' title='bbox 816 808 1179 870; x_wconf 79' lang='lat' dir='ltr'>sermonem</span> <span class='ocrx_word' id='word_1_22' title='bbox 1241 802 1422 868; x_wconf 73' lang='lat' dir='ltr'>serit:</span> <span class='ocrx_word' id='word_1_23' title='bbox 1472 802 1647 887; x_wconf 76' lang='lat' dir='ltr'>‘quis</span> <span class='ocrx_word' id='word_1_24' title='bbox 1706 805 2074 867; x_wconf 71' lang='lat' dir='ltr'>vostrarum</span> <span class='ocrx_word' id='word_1_25' title='bbox 2128 801 2255 866; x_wconf 82' lang='lat' dir='ltr'>ful&#39;t</span> <span class='ocrx_word' id='word_1_26' title='bbox 2309 802 2565 887; x_wconf 82' lang='lat' dir='ltr'>integra</span> <span class='ocrx_word' id='word_1_27' title='bbox 2625 805 2930 889; x_wconf 75' lang='lat' dir='ltr'>aetatula,</span> 
     </span>
     <span class='ocr_line' id='line_1_6' title="bbox 1914 909 2251 994; baseline -0.006 -19"><span class='ocrx_word' id='word_1_28' title='bbox 1914 932 2078 994; x_wconf 90' lang='lat' dir='ltr'>quae</span> <span class='ocrx_word' id='word_1_29' title='bbox 2125 909 2251 975; x_wconf 91' lang='lat' dir='ltr'>hoc</span> 
     </span>
     <span class='ocr_line' id='line_1_7' title="bbox 814 1016 2935 1101; baseline -0.001 -16"><span class='ocrx_word' id='word_1_30' title='bbox 814 1021 985 1085; x_wconf 90' lang='lat' dir='ltr'>idem</span> <span class='ocrx_word' id='word_1_31' title='bbox 1035 1021 1073 1084; x_wconf 75' lang='lat' dir='ltr'>a</span> <span class='ocrx_word' id='word_1_32' title='bbox 1120 1018 1261 1083; x_wconf 87' lang='lat' dir='ltr'>viro</span> <span class='ocrx_word' id='word_1_33' title='bbox 1310 1016 1682 1100; x_wconf 71' lang='lat' dir='ltr'>impetrarit</span> <span class='ocrx_word' id='word_1_34' title='bbox 1729 1019 1865 1099; x_wconf 86' lang='lat' dir='ltr'>su6,</span> <span class='ocrx_word' id='word_1_35' title='bbox 1909 1017 2078 1100; x_wconf 89' lang='lat' dir='ltr'>quod</span> <span class='ocrx_word' id='word_1_36' title='bbox 2127 1036 2247 1101; x_wconf 86' lang='lat' dir='ltr'>ego</span> <span class='ocrx_word' id='word_1_37' title='bbox 2296 1021 2458 1080; x_wconf 85' lang='lat' dir='ltr'>amis</span> <span class='ocrx_word' id='word_1_38' title='bbox 2506 1019 2698 1083; x_wconf 93' lang='lat' dir='ltr'>modo</span> <span class='ocrx_word' id='word_1_39' title='bbox 2749 1017 2935 1083; x_wconf 75' lang='lat' dir='ltr'>effeci</span> 
     </span>
     <span class='ocr_line' id='line_1_8' title="bbox 1915 1123 2541 1205; baseline -0.002 -18"><span class='ocrx_word' id='word_1_40' title='bbox 1915 1123 2161 1205; x_wconf 84' lang='lat' dir='ltr'>paelice</span> <span class='ocrx_word' id='word_1_41' title='bbox 2207 1127 2283 1186; x_wconf 72' lang='lat' dir='ltr'>lit</span> <span class='ocrx_word' id='word_1_42' title='bbox 2327 1146 2541 1187; x_wconf 89' lang='lat' dir='ltr'>meum</span> 
     </span>
     <span class='ocr_line' id='line_1_9' title="bbox 813 1229 2686 1317; baseline -0.001 -21"><span class='ocrx_word' id='word_1_43' title='bbox 813 1233 1139 1317; x_wconf 74' lang='lat' dir='ltr'>privarem</span> <span class='ocrx_word' id='word_1_44' title='bbox 1187 1229 1472 1295; x_wconf 51' lang='lat' dir='ltr'>virum?</span> <span class='ocrx_word' id='word_1_45' title='bbox 1520 1229 1681 1295; x_wconf 75' lang='lat' dir='ltr'>haec</span> <span class='ocrx_word' id='word_1_46' title='bbox 1726 1229 1879 1295; x_wconf 88' lang='lat' dir='ltr'>huic</span> <span class='ocrx_word' id='word_1_47' title='bbox 1927 1234 2114 1295; x_wconf 72' lang='lat' dir='ltr'>erunt</span> <span class='ocrx_word' id='word_1_48' title='bbox 2159 1230 2435 1295; x_wconf 89' lang='lat' dir='ltr'>concilia</span> <span class='ocrx_word' id='word_1_49' title='bbox 2479 1231 2686 1295; x_wconf 75' lang='lat' dir='ltr'>hodie.</span> 
     </span>
     <span class='ocr_line' id='line_1_10' title="bbox 812 1338 1719 1405; baseline -0.002 -2"><span class='ocrx_word' id='word_1_50' title='bbox 812 1338 1073 1405; x_wconf 77' lang='lat' dir='ltr'>differor</span> <span class='ocrx_word' id='word_1_51' title='bbox 1120 1342 1416 1403; x_wconf 77' lang='lat' dir='ltr'>sermone</span> <span class='ocrx_word' id='word_1_52' title='bbox 1466 1339 1719 1403; x_wconf 77' lang='lat' dir='ltr'><strong>misere.</strong></span> 
     </span>
     <span class='ocr_line' id='line_1_11' title="bbox 635 1446 2928 1532; baseline -0 -21"><span class='ocrx_word' id='word_1_53' title='bbox 635 1448 731 1511; x_wconf 90' lang='lat' dir='ltr'>Ac</span> <span class='ocrx_word' id='word_1_54' title='bbox 790 1469 1011 1511; x_wconf 85' lang='lat' dir='ltr'>verum</span> <span class='ocrx_word' id='word_1_55' title='bbox 1076 1446 1333 1532; x_wconf 90' lang='lat' dir='ltr'>quidem</span> <span class='ocrx_word' id='word_1_56' title='bbox 1396 1450 1496 1509; x_wconf 86' lang='lat' dir='ltr'>est</span> <span class='ocrx_word' id='word_1_57' title='bbox 1554 1447 1946 1528; x_wconf 75' lang='lat' dir='ltr'>anapaestos</span> <span class='ocrx_word' id='word_1_58' title='bbox 2007 1467 2308 1508; x_wconf 87' lang='lat' dir='ltr'>versuum</span> <span class='ocrx_word' id='word_1_59' title='bbox 2367 1447 2559 1509; x_wconf 75' lang='grc'>2-4</span> <span class='ocrx_word' id='word_1_60' title='bbox 2614 1449 2679 1508; x_wconf 86' lang='lat' dir='ltr'>et</span> <span class='ocrx_word' id='word_1_61' title='bbox 2725 1448 2765 1508; x_wconf 78' lang='lat'>6</span> <span class='ocrx_word' id='word_1_62' title='bbox 2825 1451 2928 1510; x_wconf 88' lang='lat' dir='ltr'>sat</span> 
     </span>
     <span class='ocr_line' id='line_1_12' title="bbox 633 1552 2923 1637; baseline -0.001 -19"><span class='ocrx_word' id='word_1_63' title='bbox 633 1554 812 1618; x_wconf 89' lang='lat' dir='ltr'>facili</span> <span class='ocrx_word' id='word_1_64' title='bbox 863 1576 1061 1637; x_wconf 88' lang='lat' dir='ltr'>opera</span> <span class='ocrx_word' id='word_1_65' title='bbox 1116 1555 1372 1636; x_wconf 89' lang='lat' dir='ltr'>confici,</span> <span class='ocrx_word' id='word_1_66' title='bbox 1432 1554 1560 1617; x_wconf 89' lang='lat' dir='ltr'>nisi</span> <span class='ocrx_word' id='word_1_67' title='bbox 1618 1552 1789 1636; x_wconf 91' lang='lat' dir='ltr'>quod</span> <span class='ocrx_word' id='word_1_68' title='bbox 1851 1575 1906 1615; x_wconf 86' lang='lat' dir='ltr'>v.</span> <span class='ocrx_word' id='word_1_69' title='bbox 1955 1553 1995 1615; x_wconf 86' lang='lat'>4</span> <span class='ocrx_word' id='word_1_70' title='bbox 2043 1552 2292 1615; x_wconf 87' lang='lat' dir='ltr'>numeri</span> <span class='ocrx_word' id='word_1_71' title='bbox 2340 1575 2465 1616; x_wconf 91' lang='lat' dir='ltr'>non</span> <span class='ocrx_word' id='word_1_72' title='bbox 2529 1575 2757 1635; x_wconf 86' lang='lat' dir='ltr'>aeque,</span> <span class='ocrx_word' id='word_1_73' title='bbox 2814 1553 2923 1616; x_wconf 87' lang='lat' dir='ltr'>sed</span> 
     </span>
     <span class='ocr_line' id='line_1_13' title="bbox 634 1659 2923 1745; baseline -0.001 -20"><span class='ocrx_word' id='word_1_74' title='bbox 634 1663 840 1726; x_wconf 90' lang='lat' dir='ltr'>multo</span> <span class='ocrx_word' id='word_1_75' title='bbox 907 1662 1119 1745; x_wconf 83' lang='lat' dir='ltr'>magis</span> <span class='ocrx_word' id='word_1_76' title='bbox 1186 1661 1516 1745; x_wconf 70' lang='lat' dir='ltr'>elegantes</span> <span class='ocrx_word' id='word_1_77' title='bbox 1582 1659 1900 1724; x_wconf 78' lang='lat' dir='ltr'>trochaici</span> <span class='ocrx_word' id='word_1_78' title='bbox 1965 1659 2305 1723; x_wconf 87' lang='lat' dir='ltr'>habentur.</span> <span class='ocrx_word' id='word_1_79' title='bbox 2370 1662 2466 1723; x_wconf 82' lang='lat' dir='ltr'>·at</span> <span class='ocrx_word' id='word_1_80' title='bbox 2527 1660 2724 1723; x_wconf 89' lang='lat' dir='ltr'>nimis</span> <span class='ocrx_word' id='word_1_81' title='bbox 2781 1682 2923 1724; x_wconf 90' lang='lat' dir='ltr'>meo</span> 
     </span>
     <span class='ocr_line' id='line_1_14' title="bbox 632 1765 2924 1853; baseline 0 -22"><span class='ocrx_word' id='word_1_82' title='bbox 632 1769 890 1853; x_wconf 79' lang='lat' dir='ltr'>quidem</span> <span class='ocrx_word' id='word_1_83' title='bbox 936 1790 1126 1831; x_wconf 86' lang='lat' dir='ltr'>sensu</span> <span class='ocrx_word' id='word_1_84' title='bbox 1176 1771 1404 1852; x_wconf 83' lang='lat' dir='ltr'>argute</span> <span class='ocrx_word' id='word_1_85' title='bbox 1452 1768 1521 1830; x_wconf 91' lang='lat' dir='ltr'>in</span> <span class='ocrx_word' id='word_1_86' title='bbox 1567 1789 1623 1830; x_wconf 84' lang='lat' dir='ltr'>v.</span> <span class='ocrx_word' id='word_1_87' title='bbox 1672 1767 1714 1830; x_wconf 78' lang='lat'>2</span> <span class='ocrx_word' id='word_1_88' title='bbox 1756 1766 1959 1846; x_wconf 77' lang='lat' dir='ltr'>facere</span> <span class='ocrx_word' id='word_1_89' title='bbox 2003 1767 2096 1829; x_wconf 75' lang='lat' dir='ltr'>ita</span> <span class='ocrx_word' id='word_1_90' title='bbox 2141 1765 2353 1830; x_wconf 85' lang='lat' dir='ltr'>virum</span> <span class='ocrx_word' id='word_1_91' title='bbox 2399 1767 2556 1848; x_wconf 81' lang='lat' dir='ltr'>vult,</span> <span class='ocrx_word' id='word_1_92' title='bbox 2594 1767 2702 1849; x_wconf 90' lang='lat' dir='ltr'>qui</span> <span class='ocrx_word' id='word_1_93' title='bbox 2754 1767 2924 1849; x_wconf 88' lang='lat' dir='ltr'>quod</span> 
     </span>
     <span class='ocr_line' id='line_1_15' title="bbox 634 1873 2922 1957; baseline -0 -18"><span class='ocrx_word' id='word_1_94' title='bbox 634 1876 957 1939; x_wconf 87' lang='lat' dir='ltr'>occultare</span> <span class='ocrx_word' id='word_1_95' title='bbox 1003 1876 1285 1956; x_wconf 89' lang='lat' dir='ltr'>nequeat</span> <span class='ocrx_word' id='word_1_96' title='bbox 1331 1874 1598 1957; x_wconf 89' lang='lat' dir='ltr'>patitur,</span> <span class='ocrx_word' id='word_1_97' title='bbox 1645 1875 1715 1937; x_wconf 90' lang='lat' dir='ltr'>in</span> <span class='ocrx_word' id='word_1_98' title='bbox 1743 1874 1785 1938; x_wconf 83' lang='lat'>5</span> <span class='ocrx_word' id='word_1_99' title='bbox 1826 1877 2047 1946; x_wconf 49' lang='lat' dir='ltr'>,autem</span> <span class='ocrx_word' id='word_1_100' title='bbox 2087 1873 2256 1937; x_wconf 89' lang='lat' dir='ltr'>hanc</span> <span class='ocrx_word' id='word_1_101' title='bbox 2295 1873 2504 1937; x_wconf 86' lang='lat' dir='ltr'>inesse</span> <span class='ocrx_word' id='word_1_102' title='bbox 2535 1874 2922 1938; x_wconf 84' lang='lat' dir='ltr'>sententiam</span> 
     </span>
     <span class='ocr_line' id='line_1_16' title="bbox 634 1978 2923 2064; baseline -0 -19"><span class='ocrx_word' id='word_1_103' title='bbox 634 1981 889 2045; x_wconf 84' lang='lat' dir='ltr'>statuit:</span> <span class='ocrx_word' id='word_1_104' title='bbox 920 1980 1209 2064; x_wconf 75' lang='lat' dir='ltr'>‘privans</span> <span class='ocrx_word' id='word_1_105' title='bbox 1239 1978 1360 2042; x_wconf 87' lang='lat' dir='ltr'>ait&#39;</span> <span class='ocrx_word' id='word_1_106' title='bbox 1391 1981 1490 2043; x_wconf 86' lang='lat' dir='ltr'>vel</span> <span class='ocrx_word' id='word_1_107' title='bbox 1521 1981 1814 2045; x_wconf 74' lang='lat' dir='ltr'>‘simulat</span> <span class='ocrx_word' id='word_1_108' title='bbox 1842 2004 1944 2044; x_wconf 89' lang='lat' dir='ltr'>me</span> <span class='ocrx_word' id='word_1_109' title='bbox 1975 1978 2348 2061; x_wconf 85' lang='lat' dir='ltr'>servatum’,</span> <span class='ocrx_word' id='word_1_110' title='bbox 2386 1980 2668 2043; x_wconf 86' lang='lat' dir='ltr'>otiosum</span> <span class='ocrx_word' id='word_1_111' title='bbox 2709 1985 2923 2045; x_wconf 88' lang='lat' dir='ltr'>autem</span> 
     </span>
     <span class='ocr_line' id='line_1_17' title="bbox 632 2085 2923 2181; baseline -0.001 -28"><span class='ocrx_word' id='word_1_112' title='bbox 632 2090 699 2153; x_wconf 90' lang='lat' dir='ltr'>in</span> <span class='ocrx_word' id='word_1_113' title='bbox 748 2090 788 2153; x_wconf 89' lang='grc'><strong>6</strong></span> <span class='ocrx_word' id='word_1_114' title='bbox 844 2088 1119 2151; x_wconf 85' lang='lat' dir='ltr'>inseruit</span> <span class='ocrx_word' id='word_1_115' title='bbox 1169 2108 1323 2170; x_wconf 71' lang='lat' dir='ltr'>erqo.</span> <span class='ocrx_word' id='word_1_116' title='bbox 1409 2085 1712 2152; x_wconf 87' lang='lat' dir='ltr'>Ceterum</span> <span class='ocrx_word' id='word_1_117' title='bbox 1769 2090 2161 2171; x_wconf 74' lang='lat' dir='ltr'>anapaestos</span> <span class='ocrx_word' id='word_1_118' title='bbox 2219 2086 2326 2181; x_wconf 86' lang='lat' dir='ltr'>qui</span> <span class='ocrx_word' id='word_1_119' title='bbox 2384 2086 2668 2170; x_wconf 85' lang='lat' dir='ltr'>flagitat,</span> <span class='ocrx_word' id='word_1_120' title='bbox 2728 2087 2923 2151; x_wconf 87' lang='lat' dir='ltr'>hosce</span> 
     </span>
    </p>
   </div>
   <div class='ocr_carea' id='block_1_3' title="bbox 530 2194 1121 2259">
    <p class='ocr_par' dir='ltr' id='par_1_3' title="bbox 530 2194 1121 2259">
     <span class='ocr_line' id='line_1_18' title="bbox 530 2194 1121 2259; baseline -0.002 -1"><span class='ocrx_word' id='word_1_121' title='bbox 530 2236 542 2253; x_wconf 61' lang='grc' dir='ltr'><strong>ι</strong></span> <span class='ocrx_word' id='word_1_122' title='bbox 636 2195 763 2259; x_wconf 86' lang='lat' dir='ltr'>sibi</span> <span class='ocrx_word' id='word_1_123' title='bbox 811 2194 1121 2258; x_wconf 52' lang='lat' dir='ltr'>habetor</span> 
     </span>
    </p>
   </div>
   <div class='ocr_carea' id='block_1_4' title="bbox 627 2300 2925 3771">
    <p class='ocr_par' dir='ltr' id='par_1_4' title="bbox 627 2300 2925 3771">
     <span class='ocr_line' id='line_1_19' title="bbox 756 2300 2880 2385; baseline 0 -22"><span class='ocrx_word' id='word_1_124' title='bbox 756 2300 813 2364; x_wconf 87' lang='lat' dir='ltr'>is</span> <span class='ocrx_word' id='word_1_125' title='bbox 852 2301 1107 2364; x_wconf 75' lang='lat' dir='ltr'>demum</span> <span class='ocrx_word' id='word_1_126' title='bbox 1138 2301 1336 2365; x_wconf 89' lang='lat' dir='ltr'>miser</span> <span class='ocrx_word' id='word_1_127' title='bbox 1364 2305 1480 2385; x_wconf 85' lang='lat' dir='ltr'>est,</span> <span class='ocrx_word' id='word_1_128' title='bbox 1518 2301 1627 2385; x_wconf 90' lang='lat' dir='ltr'>qui</span> <span class='ocrx_word' id='word_1_129' title='bbox 1658 2303 2032 2364; x_wconf 74' lang='lat' dir='ltr'>aerumnam</span> <span class='ocrx_word' id='word_1_130' title='bbox 2073 2324 2255 2364; x_wconf 88' lang='lat' dir='ltr'>suam</span> <span class='ocrx_word' id='word_1_131' title='bbox 2292 2300 2524 2364; x_wconf 58' lang='lat' dir='ltr'>nesciat</span> <span class='ocrx_word' id='word_1_132' title='bbox 2558 2300 2880 2364; x_wconf 73' lang='lat' dir='ltr'>occulitdre</span> 
     </span>
     <span class='ocr_line' id='line_1_20' title="bbox 754 2404 2924 2491; baseline 0 -20"><span class='ocrx_word' id='word_1_133' title='bbox 754 2408 930 2488; x_wconf 78' lang='lat' dir='ltr'>foris.</span> <span class='ocrx_word' id='word_1_134' title='bbox 991 2406 1087 2472; x_wconf 89' lang='lat' dir='ltr'>1&#39;ta</span> <span class='ocrx_word' id='word_1_135' title='bbox 1131 2410 1221 2472; x_wconf 83' lang='lat' dir='ltr'>mi</span> <span class='ocrx_word' id='word_1_136' title='bbox 1264 2431 1426 2473; x_wconf 85' lang='lat' dir='ltr'>uxor</span> <span class='ocrx_word' id='word_1_137' title='bbox 1472 2409 1683 2473; x_wconf 87' lang='lat' dir='ltr'>forma</span> <span class='ocrx_word' id='word_1_138' title='bbox 1721 2409 1788 2470; x_wconf 77' lang='lat' dir='ltr'>et</span> <span class='ocrx_word' id='word_1_139' title='bbox 1822 2408 2016 2470; x_wconf 86' lang='lat' dir='ltr'>factis</span> <span class='ocrx_word' id='word_1_140' title='bbox 2064 2407 2240 2489; x_wconf 84' lang='lat' dir='ltr'>facit,</span> <span class='ocrx_word' id='word_1_141' title='bbox 2289 2404 2350 2469; x_wconf 77' lang='lat' dir='ltr'>ss</span> <span class='ocrx_word' id='word_1_142' title='bbox 2389 2410 2659 2491; x_wconf 86' lang='lat' dir='ltr'>taceam,</span> <span class='ocrx_word' id='word_1_143' title='bbox 2707 2411 2924 2472; x_wconf 90' lang='lat' dir='ltr'>tamen</span> 
     </span>
     <span class='ocr_line' id='line_1_21' title="bbox 1910 2512 2236 2579; baseline 0.003 -2"><span class='ocrx_word' id='word_1_144' title='bbox 1910 2512 2236 2579; x_wconf 75' lang='lat' dir='ltr'>indicium.</span> 
     </span>
     <span class='ocr_line' id='line_1_22' title="bbox 764 2621 2918 2707; baseline 0 -21"><span class='ocrx_word' id='word_1_145' title='bbox 764 2645 926 2706; x_wconf 88' lang='lat' dir='ltr'>quae</span> <span class='ocrx_word' id='word_1_146' title='bbox 976 2621 1103 2686; x_wconf 83' lang='lat' dir='ltr'>m&#39;si</span> <span class='ocrx_word' id='word_1_147' title='bbox 1149 2622 1367 2686; x_wconf 90' lang='lat' dir='ltr'>dotem</span> <span class='ocrx_word' id='word_1_148' title='bbox 1425 2623 1644 2687; x_wconf 88' lang='lat' dir='ltr'>omnia</span> <span class='ocrx_word' id='word_1_149' title='bbox 1698 2623 1863 2706; x_wconf 75' lang='lat' dir='ltr'>quae</span> <span class='ocrx_word' id='word_1_150' title='bbox 1908 2622 2079 2685; x_wconf 90' lang='lat' dir='ltr'>nolis</span> <span class='ocrx_word' id='word_1_151' title='bbox 2127 2621 2352 2685; x_wconf 88' lang='lat' dir='ltr'>habet:</span> <span class='ocrx_word' id='word_1_152' title='bbox 2401 2621 2516 2705; x_wconf 77' lang='lat' dir='ltr'>qus</span> <span class='ocrx_word' id='word_1_153' title='bbox 2557 2623 2794 2707; x_wconf 77' lang='lat' dir='ltr'>sapiet,</span> <span class='ocrx_word' id='word_1_154' title='bbox 2842 2623 2918 2686; x_wconf 91' lang='lat' dir='ltr'>de</span> 
     </span>
     <span class='ocr_line' id='line_1_23' title="bbox 990 2728 2280 2807; baseline -0.001 -15"><span class='ocrx_word' id='word_1_155' title='bbox 990 2804 995 2807; x_wconf 6' lang='lat' dir='ltr'>p</span> <span class='ocrx_word' id='word_1_156' title='bbox 1893 2729 2014 2792; x_wconf 57' lang='lat' dir='ltr'>‘me</span> <span class='ocrx_word' id='word_1_157' title='bbox 2060 2728 2280 2792; x_wconf 79' lang='lat' dir='ltr'>discet.</span> 
     </span>
     <span class='ocr_line' id='line_1_24' title="bbox 628 2835 2921 2920; baseline -0 -21"><span class='ocrx_word' id='word_1_158' title='bbox 628 2857 1020 2920; x_wconf 90' lang='lat' dir='ltr'>quamquam</span> <span class='ocrx_word' id='word_1_159' title='bbox 1079 2836 1159 2900; x_wconf 91' lang='lat' dir='ltr'>ad</span> <span class='ocrx_word' id='word_1_160' title='bbox 1215 2837 1574 2900; x_wconf 89' lang='lat' dir='ltr'>sententiae</span> <span class='ocrx_word' id='word_1_161' title='bbox 1632 2836 1915 2900; x_wconf 88' lang='lat' dir='ltr'>colorem</span> <span class='ocrx_word' id='word_1_162' title='bbox 1963 2838 2030 2897; x_wconf 90' lang='lat' dir='ltr'>et</span> <span class='ocrx_word' id='word_1_163' title='bbox 2073 2835 2424 2899; x_wconf 85' lang='lat' dir='ltr'>transitum</span> <span class='ocrx_word' id='word_1_164' title='bbox 2485 2835 2921 2918; x_wconf 84' lang='lat' dir='ltr'>cogitatorum</span> 
     </span>
     <span class='ocr_line' id='line_1_25' title="bbox 630 2940 2919 3026; baseline -0.001 -20"><span class='ocrx_word' id='word_1_165' title='bbox 630 2943 989 3026; x_wconf 87' lang='lat' dir='ltr'>parandum</span> <span class='ocrx_word' id='word_1_166' title='bbox 1047 2944 1209 3006; x_wconf 89' lang='lat' dir='ltr'>bene</span> <span class='ocrx_word' id='word_1_167' title='bbox 1268 2942 1550 3025; x_wconf 87' lang='lat' dir='ltr'>adpositi</span> <span class='ocrx_word' id='word_1_168' title='bbox 1609 2946 1795 3005; x_wconf 88' lang='lat' dir='ltr'>erant</span> <span class='ocrx_word' id='word_1_169' title='bbox 1853 2940 2118 3005; x_wconf 88' lang='lat' dir='ltr'>bacchei</span> <span class='ocrx_word' id='word_1_170' title='bbox 2181 2964 2237 3004; x_wconf 85' lang='lat' dir='ltr'>v.</span> <span class='ocrx_word' id='word_1_171' title='bbox 2292 2942 2434 3004; x_wconf 83' lang='lat'>145.</span> <span class='ocrx_word' id='word_1_172' title='bbox 2526 2941 2617 3004; x_wconf 83' lang='lat' dir='ltr'>At</span> <span class='ocrx_word' id='word_1_173' title='bbox 2660 2941 2729 3004; x_wconf 89' lang='lat' dir='ltr'>in</span> <span class='ocrx_word' id='word_1_174' title='bbox 2776 2942 2919 3004; x_wconf 90' lang='lat' dir='ltr'>reli-</span> 
     </span>
     <span class='ocr_line' id='line_1_26' title="bbox 629 3047 2923 3131; baseline 0.001 -21"><span class='ocrx_word' id='word_1_175' title='bbox 629 3047 772 3130; x_wconf 89' lang='lat' dir='ltr'>quis</span> <span class='ocrx_word' id='word_1_176' title='bbox 832 3051 1002 3110; x_wconf 89' lang='lat' dir='ltr'>certe</span> <span class='ocrx_word' id='word_1_177' title='bbox 1058 3048 1402 3112; x_wconf 88' lang='lat' dir='ltr'>trochaeos</span> <span class='ocrx_word' id='word_1_178' title='bbox 1461 3049 1680 3131; x_wconf 85' lang='lat' dir='ltr'>utique</span> <span class='ocrx_word' id='word_1_179' title='bbox 1737 3049 1996 3130; x_wconf 83' lang='lat' dir='ltr'>tenebo3</span> <span class='ocrx_word' id='word_1_180' title='bbox 2060 3071 2210 3111; x_wconf 89' lang='lat' dir='ltr'>nam</span> <span class='ocrx_word' id='word_1_181' title='bbox 2278 3048 2344 3111; x_wconf 88' lang='lat' dir='ltr'>in</span> <span class='ocrx_word' id='word_1_182' title='bbox 2402 3049 2580 3111; x_wconf 81' lang='lat' dir='ltr'>sexto</span> <span class='ocrx_word' id='word_1_183' title='bbox 2637 3051 2711 3110; x_wconf 86' lang='lat' dir='ltr'>ut</span> <span class='ocrx_word' id='word_1_184' title='bbox 2764 3050 2923 3112; x_wconf 75' lang='lat' dir='ltr'>inter</span> 
     </span>
     <span class='ocr_line' id='line_1_27' title="bbox 628 3154 2925 3234; baseline 0 -17"><span class='ocrx_word' id='word_1_185' title='bbox 628 3155 793 3218; x_wconf 74' lang='lat' dir='ltr'>vivos</span> <span class='ocrx_word' id='word_1_186' title='bbox 838 3154 971 3217; x_wconf 79' lang='lat' dir='ltr'>vivo</span> <span class='ocrx_word' id='word_1_187' title='bbox 1018 3159 1295 3218; x_wconf 75' lang='lat' dir='ltr'>mortuus</span> <span class='ocrx_word' id='word_1_188' title='bbox 1341 3157 1567 3217; x_wconf 87' lang='lat' dir='ltr'>contra</span> <span class='ocrx_word' id='word_1_189' title='bbox 1613 3154 1818 3218; x_wconf 88' lang='lat' dir='ltr'>libros</span> <span class='ocrx_word' id='word_1_190' title='bbox 1866 3155 2216 3234; x_wconf 85' lang='lat' dir='ltr'>ordinetur,</span> <span class='ocrx_word' id='word_1_191' title='bbox 2264 3154 2362 3216; x_wconf 86' lang='lat' dir='ltr'>vel</span> <span class='ocrx_word' id='word_1_192' title='bbox 2410 3154 2809 3220; x_wconf 87' lang='lat' dir='ltr'>adlitteratio</span> <span class='ocrx_word' id='word_1_193' title='bbox 2858 3159 2925 3218; x_wconf 88' lang='lat' dir='ltr'>et</span> 
     </span>
     <span class='ocr_line' id='line_1_28' title="bbox 627 3260 2920 3345; baseline 0 -21"><span class='ocrx_word' id='word_1_194' title='bbox 627 3262 872 3344; x_wconf 84' lang='lat' dir='ltr'>figurae</span> <span class='ocrx_word' id='word_1_195' title='bbox 949 3260 1353 3324; x_wconf 83' lang='lat' dir='ltr'>concinnitas</span> <span class='ocrx_word' id='word_1_196' title='bbox 1429 3260 1697 3325; x_wconf 89' lang='lat' dir='ltr'>suadere</span> <span class='ocrx_word' id='word_1_197' title='bbox 1775 3261 2043 3324; x_wconf 86' lang='lat' dir='ltr'>videtur.</span> <span class='ocrx_word' id='word_1_198' title='bbox 2146 3261 2587 3345; x_wconf 84' lang='lat' dir='ltr'>Baccheorum</span> <span class='ocrx_word' id='word_1_199' title='bbox 2664 3262 2920 3325; x_wconf 87' lang='lat' dir='ltr'>ordines</span> 
     </span>
     <span class='ocr_line' id='line_1_29' title="bbox 627 3367 2919 3451; baseline 0 -21"><span class='ocrx_word' id='word_1_200' title='bbox 627 3389 788 3451; x_wconf 87' lang='lat' dir='ltr'>quos</span> <span class='ocrx_word' id='word_1_201' title='bbox 844 3367 1209 3431; x_wconf 84' lang='lat' dir='ltr'>continuari</span> <span class='ocrx_word' id='word_1_202' title='bbox 1257 3367 1690 3431; x_wconf 88' lang='lat' dir='ltr'>Buechelerus</span> <span class='ocrx_word' id='word_1_203' title='bbox 1748 3368 1940 3431; x_wconf 87' lang='lat' dir='ltr'>iussit</span> <span class='ocrx_word' id='word_1_204' title='bbox 1984 3390 2139 3430; x_wconf 89' lang='lat' dir='ltr'>num</span> <span class='ocrx_word' id='word_1_205' title='bbox 2196 3369 2358 3431; x_wconf 90' lang='lat' dir='ltr'>meis</span> <span class='ocrx_word' id='word_1_206' title='bbox 2404 3368 2689 3430; x_wconf 90' lang='lat' dir='ltr'>numeris</span> <span class='ocrx_word' id='word_1_207' title='bbox 2736 3388 2919 3450; x_wconf 88' lang='lat' dir='ltr'>prae-</span> 
     </span>
     <span class='ocr_line' id='line_1_30' title="bbox 628 3473 2158 3556; baseline -0.001 -20"><span class='ocrx_word' id='word_1_208' title='bbox 628 3475 803 3537; x_wconf 86' lang='lat' dir='ltr'>stent</span> <span class='ocrx_word' id='word_1_209' title='bbox 846 3473 1158 3537; x_wconf 87' lang='lat' dir='ltr'>iudicium</span> <span class='ocrx_word' id='word_1_210' title='bbox 1206 3474 1483 3538; x_wconf 89' lang='lat' dir='ltr'>aliorum</span> <span class='ocrx_word' id='word_1_211' title='bbox 1534 3474 1799 3539; x_wconf 86' lang='lat' dir='ltr'>auribus</span> <span class='ocrx_word' id='word_1_212' title='bbox 1847 3474 2158 3556; x_wconf 88' lang='lat' dir='ltr'>relinquo.</span> 
     </span>
     <span class='ocr_line' id='line_1_31' title="bbox 805 3578 2920 3664; baseline 0.002 -21"><span class='ocrx_word' id='word_1_213' title='bbox 805 3580 1151 3644; x_wconf 75' lang='lat' dir='ltr'>Menandri</span> <span class='ocrx_word' id='word_1_214' title='bbox 1196 3602 1419 3644; x_wconf 87' lang='lat' dir='ltr'>versus</span> <span class='ocrx_word' id='word_1_215' title='bbox 1467 3581 1796 3664; x_wconf 87' lang='lat' dir='ltr'>Hauptius</span> <span class='ocrx_word' id='word_1_216' title='bbox 1844 3581 1911 3642; x_wconf 88' lang='lat' dir='ltr'>in</span> <span class='ocrx_word' id='word_1_217' title='bbox 1959 3578 2294 3661; x_wconf 90' lang='lat' dir='ltr'>prooemio</span> <span class='ocrx_word' id='word_1_218' title='bbox 2332 3578 2742 3644; x_wconf 89' lang='lat' dir='ltr'>Berolinensi</span> <span class='ocrx_word' id='word_1_219' title='bbox 2787 3581 2920 3648; x_wconf 88' lang='lat' dir='ltr'>hib.</span> 
     </span>
     <span class='ocr_line' id='line_1_32' title="bbox 627 3683 2919 3771; baseline 0.002 -22"><span class='ocrx_word' id='word_1_220' title='bbox 627 3709 683 3749; x_wconf 89' lang='lat' dir='ltr'>a.</span> <span class='ocrx_word' id='word_1_221' title='bbox 726 3683 983 3769; x_wconf 44' lang='grc' dir='ltr'>ς1855ίὸ</span> <span class='ocrx_word' id='word_1_222' title='bbox 1040 3709 1116 3749; x_wconf 85' lang='lat' dir='ltr'>ex</span> <span class='ocrx_word' id='word_1_223' title='bbox 1163 3692 1348 3769; x_wconf 86' lang='lat' dir='ltr'>parte</span> <span class='ocrx_word' id='word_1_224' title='bbox 1405 3689 1746 3752; x_wconf 89' lang='lat' dir='ltr'>emendare</span> <span class='ocrx_word' id='word_1_225' title='bbox 1807 3689 2075 3750; x_wconf 88' lang='lat' dir='ltr'>conatus</span> <span class='ocrx_word' id='word_1_226' title='bbox 2126 3687 2225 3747; x_wconf 89' lang='lat' dir='ltr'>est</span> <span class='ocrx_word' id='word_1_227' title='bbox 2271 3707 2521 3769; x_wconf 90' lang='lat' dir='ltr'>eorum,</span> <span class='ocrx_word' id='word_1_228' title='bbox 2576 3710 2741 3771; x_wconf 88' lang='lat' dir='ltr'>quae</span> <span class='ocrx_word' id='word_1_229' title='bbox 2787 3689 2919 3754; x_wconf 89' lang='lat' dir='ltr'>iam</span> 
     </span>
    </p>
   </div>
   <div class='ocr_carea' id='block_1_5' title="bbox 627 3793 3022 3876">
    <p class='ocr_par' dir='ltr' id='par_1_5' title="bbox 627 3793 3022 3876">
     <span class='ocr_line' id='line_1_33' title="bbox 627 3793 3022 3876; baseline 0.003 -22"><span class='ocrx_word' id='word_1_230' title='bbox 627 3795 777 3855; x_wconf 87' lang='lat' dir='ltr'>ante</span> <span class='ocrx_word' id='word_1_231' title='bbox 812 3813 980 3868; x_wconf 24' lang='lat' dir='ltr'>,eum</span> <span class='ocrx_word' id='word_1_232' title='bbox 1027 3793 1095 3856; x_wconf 90' lang='lat' dir='ltr'>in</span> <span class='ocrx_word' id='word_1_233' title='bbox 1150 3795 1490 3876; x_wconf 88' lang='lat' dir='ltr'>proecdosi</span> <span class='ocrx_word' id='word_1_234' title='bbox 1541 3795 1764 3859; x_wconf 90' lang='lat' dir='ltr'>eodem</span> <span class='ocrx_word' id='word_1_235' title='bbox 1828 3793 2019 3857; x_wconf 88' lang='lat' dir='ltr'>modo</span> <span class='ocrx_word' id='word_1_236' title='bbox 2068 3813 2497 3874; x_wconf 85' lang='lat' dir='ltr'>correxeram,</span> <span class='ocrx_word' id='word_1_237' title='bbox 2555 3795 2627 3857; x_wconf 89' lang='lat' dir='ltr'>ut</span> <span class='ocrx_word' id='word_1_238' title='bbox 2672 3796 2925 3860; x_wconf 87' lang='lat' dir='ltr'>adsolet</span> <span class='ocrx_word' id='word_1_239' title='bbox 3018 3864 3022 3868; x_wconf 65' lang='grc'>,</span> 
     </span>
    </p>
   </div>
   <div class='ocr_carea' id='block_1_6' title="bbox 625 3898 2921 4410">
    <p class='ocr_par' dir='ltr' id='par_1_6' title="bbox 625 3898 2921 4410">
     <span class='ocr_line' id='line_1_34' title="bbox 625 3898 2921 3981; baseline 0.003 -21"><span class='ocrx_word' id='word_1_240' title='bbox 625 3898 738 3961; x_wconf 89' lang='lat' dir='ltr'>ubi</span> <span class='ocrx_word' id='word_1_241' title='bbox 785 3898 1129 3963; x_wconf 81' lang='lat' dir='ltr'>vellicandi</span> <span class='ocrx_word' id='word_1_242' title='bbox 1178 3901 1358 3965; x_wconf 90' lang='lat' dir='ltr'>locus</span> <span class='ocrx_word' id='word_1_243' title='bbox 1405 3923 1536 3965; x_wconf 90' lang='lat' dir='ltr'>non</span> <span class='ocrx_word' id='word_1_244' title='bbox 1585 3903 1709 3981; x_wconf 82' lang='lat' dir='ltr'>est,</span> <span class='ocrx_word' id='word_1_245' title='bbox 1766 3900 2102 3962; x_wconf 88' lang='lat' dir='ltr'>inmemor.</span> <span class='ocrx_word' id='word_1_246' title='bbox 2192 3920 2342 3961; x_wconf 85' lang='lat' dir='ltr'>nam</span> <span class='ocrx_word' id='word_1_247' title='bbox 2392 3899 2562 3963; x_wconf 88' lang='lat' dir='ltr'>inter</span> <span class='ocrx_word' id='word_1_248' title='bbox 2609 3902 2739 3965; x_wconf 90' lang='lat' dir='ltr'>tria</span> <span class='ocrx_word' id='word_1_249' title='bbox 2785 3903 2921 3967; x_wconf 84' lang='lat' dir='ltr'>eius</span> 
     </span>
     <span class='ocr_line' id='line_1_35' title="bbox 626 4002 2918 4092; baseline 0.001 -23"><span class='ocrx_word' id='word_1_250' title='bbox 626 4005 891 4069; x_wconf 81' lang='lat' dir='ltr'>inventa</span> <span class='ocrx_word' id='word_1_251' title='bbox 937 4002 1182 4089; x_wconf 87' lang='lat' dir='ltr'>(cetera</span> <span class='ocrx_word' id='word_1_252' title='bbox 1238 4008 1409 4071; x_wconf 92' lang='lat' dir='ltr'>enim</span> <span class='ocrx_word' id='word_1_253' title='bbox 1458 4006 1589 4070; x_wconf 88' lang='lat' dir='ltr'>iam</span> <span class='ocrx_word' id='word_1_254' title='bbox 1638 4029 1677 4069; x_wconf 89' lang='lat' dir='ltr'>a</span> <span class='ocrx_word' id='word_1_255' title='bbox 1724 4005 2050 4069; x_wconf 90' lang='lat' dir='ltr'>Meinekio</span> <span class='ocrx_word' id='word_1_256' title='bbox 2105 4004 2410 4069; x_wconf 86' lang='lat' dir='ltr'>restituta</span> <span class='ocrx_word' id='word_1_257' title='bbox 2466 4006 2678 4090; x_wconf 87' lang='lat' dir='ltr'>erant)</span> <span class='ocrx_word' id='word_1_258' title='bbox 2726 4008 2918 4092; x_wconf 86' lang='lat' dir='ltr'>longe</span> 
     </span>
     <span class='ocr_line' id='line_1_36' title="bbox 629 4105 2918 4196; baseline -0 -20"><span class='ocrx_word' id='word_1_259' title='bbox 629 4112 975 4194; x_wconf 88' lang='lat' dir='ltr'>optimum,</span> <span class='ocrx_word' id='word_1_260' title='bbox 1031 4135 1157 4196; x_wconf 91' lang='lat' dir='ltr'>quo</span> <span class='ocrx_word' id='word_1_261' title='bbox 1213 4115 1281 4177; x_wconf 89' lang='lat' dir='ltr'>in</span> <span class='ocrx_word' id='word_1_262' title='bbox 1341 4113 1536 4196; x_wconf 90' lang='lat' dir='ltr'>primi</span> <span class='ocrx_word' id='word_1_263' title='bbox 1605 4134 1829 4176; x_wconf 82' lang='lat' dir='ltr'>versus</span> <span class='ocrx_word' id='word_1_264' title='bbox 1893 4112 2019 4175; x_wconf 89' lang='lat' dir='ltr'>fine</span> <span class='ocrx_word' id='word_1_265' title='bbox 2083 4105 2124 4195; x_wconf 84' lang='grc' dir='ltr'>ἡ</span> <span class='ocrx_word' id='word_1_266' title='bbox 2176 4105 2576 4195; x_wconf 78' lang='grc' dir='ltr'><strong><em>’πίκληρος</em></strong></span> <span class='ocrx_word' id='word_1_267' title='bbox 2629 4107 2670 4194; x_wconf 85' lang='grc' dir='ltr'>ἡ</span> <span class='ocrx_word' id='word_1_268' title='bbox 2725 4108 2918 4194; x_wconf 78' lang='grc' dir='ltr'><em>καλὴ</em></span> 
     </span>
     <span class='ocr_line' id='line_1_37' title="bbox 627 4217 2918 4302; baseline -0.001 -20"><span class='ocrx_word' id='word_1_269' title='bbox 627 4219 952 4301; x_wconf 87' lang='lat' dir='ltr'>scribitur,</span> <span class='ocrx_word' id='word_1_270' title='bbox 999 4218 1272 4284; x_wconf 87' lang='lat' dir='ltr'>totidem</span> <span class='ocrx_word' id='word_1_271' title='bbox 1310 4218 1547 4281; x_wconf 87' lang='lat' dir='ltr'>litteris</span> <span class='ocrx_word' id='word_1_272' title='bbox 1584 4218 1835 4301; x_wconf 90' lang='lat' dir='ltr'>pridem</span> <span class='ocrx_word' id='word_1_273' title='bbox 1873 4219 1942 4282; x_wconf 90' lang='grc'>111</span> <span class='ocrx_word' id='word_1_274' title='bbox 1979 4241 2125 4283; x_wconf 85' lang='grc'><strong>11160</strong></span> <span class='ocrx_word' id='word_1_275' title='bbox 2166 4219 2518 4302; x_wconf 83' lang='lat' dir='ltr'>exemplari</span> <span class='ocrx_word' id='word_1_276' title='bbox 2565 4217 2918 4301; x_wconf 85' lang='lat' dir='ltr'>legebatur,</span> 
     </span>
     <span class='ocr_line' id='line_1_38' title="bbox 630 4322 2921 4410; baseline -0.002 -20"><span class='ocrx_word' id='word_1_277' title='bbox 630 4325 741 4390; x_wconf 87' lang='lat' dir='ltr'>ubi</span> <span class='ocrx_word' id='word_1_278' title='bbox 804 4325 1003 4390; x_wconf 86' lang='lat' dir='ltr'>etiam</span> <span class='ocrx_word' id='word_1_279' title='bbox 1064 4324 1372 4389; x_wconf 80' lang='lat' dir='ltr'>Meinekii</span> <span class='ocrx_word' id='word_1_280' title='bbox 1422 4347 1726 4406; x_wconf 51' lang='lat' dir='ltr'>¹errorem</span> <span class='ocrx_word' id='word_1_281' title='bbox 1786 4324 2102 4410; x_wconf 88' lang='lat' dir='ltr'>quendam</span> <span class='ocrx_word' id='word_1_282' title='bbox 2168 4324 2550 4388; x_wconf 85' lang='lat' dir='ltr'>brevissime</span> <span class='ocrx_word' id='word_1_283' title='bbox 2612 4325 2688 4388; x_wconf 89' lang='lat' dir='ltr'>ut</span> <span class='ocrx_word' id='word_1_284' title='bbox 2751 4322 2921 4386; x_wconf 86' lang='lat' dir='ltr'>inter</span> 
     </span>
    </p>
   </div>
  </div>
 </body>
</html>
