3400 5075
1248 240 1573 293 Dsscmvs
1610 243 1973 294 malamve
2634 244 2759 307 293

1480 397 1579 460 III
1669 401 1692 461 l

643 510 918 575 Ecastor
964 515 1248 575 mustum
1296 562 1557 576 .....
1607 396 2138 578 εἷιιίιιιίοιιΙόειιιιιέ

1293 623 1904 692 STAMINARIAE

627 739 843 804 lelat
886 740 1060 804 bona
1104 742 1229 805 fide
1276 764 1392 807 uos
1441 740 1896 821 Orcusmidas
1944 744 2011 807 in
2059 745 2412 808 catomum.

1325 863 1874 931 STRIOTVRAE

638 977 787 1043 Sine
835 977 1062 1064 lingua
1108 984 1303 1064 caput
1347 979 1593 1065 pedarii
1643 981 1966 1046 sententia
2011 985 2127 1046 est.

1426 1094 1781 1160 TAVRVS

640 1258 1292 1274 .......
1383 1210 1716 1275 hietantlir
1759 1211 1931 1276 fores

456 1410 583 1469 post
620 1405 888 1469 Guyetum
928 1404 1321 1455 Lachmannus
1356 1405 1412 1455 in
1451 1406 1614 1459 Lucr.
1645 1408 1742 1455 140
1777 1405 1958 1454 ‘dicit'
1993 1406 2143 1468 libri)
2183 1409 2501 1458 ‘Lucretius
2537 1407 2633 1459 lib.
2661 1409 2744 1459 Ῑῐ·

455 1472 690 1537 denique
730 1472 1112 1522 adulescendi'
1151 1472 1507 1551 (‘alescendi'
1549 1472 1797 1534 Lachm.)
1846 1477 2130 1522 ‘summum
2179 1476 2416 1538 tetigere
2468 1491 2745 1525 cacumen.

453 1541 723 1590 Laberius
759 1540 816 1590 in
853 1539 1168 1589 Sororibus:
1217 1531 1354 1590 laus'
1396 1556 1441 1589 e.
1479 1555 1528 1602 q.
1567 1555 1611 1589 s,
1788 1540 1866 1589 111
1906 1540 2118 1590 Gellius
2156 1542 2231 1590 IX
2272 1544 2644 1600 12‚11‘item
2684 1545 2746 1593 O.

358 1638 370 1646 -
453 1606 658 1657 Caluus
693 1608 750 1656 in
795 1608 1066 1670 poematis
1114 1607 1422 1657 laboriosus
1468 1607 1629 1668 dicit,
1678 1623 1787 1656 non
1825 1613 1885 1656 ut
1923 1607 2090 1672 uulgo
2140 1609 2341 1658 dicitur
2377 1610 2470 1673 qui
2507 1609 2744 1674 laborat,

452 1674 550 1725 sed
589 1675 644 1724 in
684 1690 787 1738 quo
836 1673 1156 1724 laboratur.
1213 1675 1438 1726 ‚eadem
1486 1675 1699 1724 ratione
1750 1675 2019 1725 Laberius
2068 1690 2279 1740 quoque
2330 1677 2385 1724 in
2426 1678 2744 1727 Sororibus·

451 1748 687 1806 ecastor,
730 1743 926 1806 inquit,
964 1758 1032 1791 ιιι
1062 1741 1130 1794 s.’
1179 1741 1464 1805 Noniusp
1493 1745 1606 1804 172,
1633 1745 1699 1792 30
1737 1743 2286 1806 ‘somniculosus‚
2325 1744 2466 1807 quod
2506 1744 2575 1793 ad
2604 1760 2746 1794 som·

451 1825 550 1860 nos
586 1814 786 1862 uocet.’
826 1806 929 1873 (sic
967 1809 1255 1859 Mercerus.
1295 1814 1504 1860 ‘uacet’
1545 1809 1693 1870 libri)

585 1876 964 1927 Smumamsn
1062 1876 1209 1926 Nihil
1260 1877 1399 1926 lucis
1447 1877 1612 1927 titulo
1663 1876 1905 1926 Petronii
1950 1878 2137 1926 uerbis
2182 1893 2228 1926 c.
2274 1880 2336 1926 41
2388 1879 2744 1929 ‘staminatas

450 1944 603 1994 duxi’
642 1945 878 1994 accedit.
953 1944 1169 1995 Gellius
1208 1944 1335 1995 XVI
1373 1947 1420 2003 7,
1456 1947 1489 1993 4
1534 1944 1865 1994 ‘Laba-ius.
1920 1960 2126 2008 ,neque
2176 1959 2280 1993 non
2321 1945 2571 1995 obsoleta
2610 1962 2742 2010 quo-

451 2027 556 2076 que
603 2018 659 2060 et
703 2010 1040 2061 maculantia
1087 2027 1155 2062 ex
1201 2011 1503 2062 sordidiore
1549 2009 1707 2075 uulgi
1754 2025 1852 2060 usu
1890 2013 2072 2076 ponit,
2125 2012 2286 2075 quale
2326 2018 2412 2062 est
2448 2014 2503 2062 iu
2543 2013 2740 2063 Stami-

450 2080 650 2128 uariis.
691 2079 871 2129 tollet'
909 2096 954 2130 e.
994 2095 1044 2144 q.
1081 2095 1126 2131 s.
1198 2080 1266 2129 cf.
1307 2079 1503 2129 Cicero
1551 2078 1618 2126 ad
1657 2078 1926 2128 fam.V11
1965 2082 2030 2129 25
2074 2083 2294 2129 ‘uereor
2338 2096 2407 2128 ne
2455 2081 2512 2130 in
2559 2088 2743 2132 cato-

450 2148 628 2196 nium
668 2146 994 2196 Catoniuos’
1033 2145 1138 2208 (sic
1174 2146 1294 2196 edd.
1333 2147 1776 2210 antiquissimae.
1850 2147 2201 2196 catomium
2239 2146 2404 2211 Med.)

585 2213 947 2277 Sralc'rvass,
987 2214 1130 2278 quod
1158 2230 1353 2263 nomen
1392 2213 1588 2262 salsum
1616 2228 1738 2263 esse
1778 2213 2107 2263 confidenter
2143 2213 2433 2264 adfirmans
2468 2215 2744 2280 Bergkius

451 2281 657 2331 annall.
699 2281 910 2345 philoll.
953 2283 1082 2332 1870
1117 2297 1166 2346 p.
1193 2282 1295 2331 830
1338 2281 1702 2344 Scriptura
1739 2282 1929 2344 reponi
1967 2281 2146 2331 iussit.
2216 2281 2335 2346 Ego
2372 2284 2428 2331 in
2465 2281 2552 2332 bis
2589 2287 2741 2332 tene-

453 2349 568 2399 bris
607 2349 892 2399 adflrmare
928 2347 1066 2398 nihil
1105 2349 1307 2398 ausim:
1346 2348 1634 2398 ariolaudo
1672 2348 1908 2412 proferri
1946 2353 2239 2413 praeterea
2276 2349 2447 2398 multa
2495 2356 2741 2413 possunt,

450 2432 499 2468 e.
529 2433 574 2466 c.
627 2418 961 2467 Secturae
1001 2417 1422 2467 structurae.
1495 2415 1702 2465 Gellius
1727 2416 1811 2466 111
1840 2417 1917 2477 18,
1946 2419 2019 2465 9‘
2026 2432 2243 2465 uersum
2271 2432 2484 2482 quoque
2515 2419 2736 2480 Laberi,

446 2483 502 2532 in
541 2499 645 2550 quo
684 2484 740 2533 id
778 2483 1130 2534 uocabulum'
1169 2482 1535 2551 (pedarius)
1575 2483 1835 2548 ‘positum
1875 2488 1985 2546 est,
2034 2485 2215 2534 notari
2252 2484 2542 2546 iussimus,
2581 2500 2741 2551 quem

446 2551 678 2618 legimus
726 2554 782 2601 in
829 2554 1014 2615 mimo,
1064 2552 1158 2615 qui
1202 2553 1512 2602 Stricturae
1560 2552 1858 2617 inscriptus
1906 2558 2018 2608 est:
2066 2557 2290 2616 caput'
2331 2568 2377 2602 e.
2424 2569 2474 2618 q.
2514 2570 2557 2607 s.
2604 2552 2740 2620 (qui

450 2671 783 2720 stricture
820 2671 947 2720 Vat.
996 2618 1067 2733 qis
1106 2618 1332 2721 iteture
1369 2669 1541 2729 Rott)
1875 2687 1904 2711 ὀ

583 2737 812 2789 ΤΑνιινε
884 2737 1182 2787 Diomedes
1209 2754 1259 2803 p.
1287 2740 1385 2788 336
1412 2738 1470 2786 Ρ.
1509 2738 1802 2788 ‘hietare
1832 2742 1889 2786 et
1912 2737 2128 2787 liiatare
2156 2774 2168 2788 .
2192 2778 2203 2790 .
2231 2777 2244 2791 .
2272 2739 2547 2789 Laberius
2575 2742 2739 2791 etiam

451 2806 506 2854 in
543 2805 725 2854 Tauro
762 2806 987 2869 passiuo
1036 2805 1191 2855 modo
1240 2806 1579 2854 enuntiauit:
1625 2805 1980 2854 hietantur
2027 2805 2235 2864 sores,
2282 2806 2488 2869 inquit,
2539 2823 2633 2871 pro
2672 2826 2735 2858 co

444 2888 606 2932 saue,
646 2873 787 2935 quod
822 2879 905 2922 est
941 2873 1184 2936 hiel-ant,
1222 2872 1275 2922 id
1298 2878 1381 2921 est
1418 2876 1650 2937 patent.’
1710 2872 2035 2936 (lauerius
2075 2872 2276 2925 Par-ise.
2304 2875 2396 2924 AB
2437 2875 2672 2937 Monac.)

446 3050 600 3106 lescit
643 3054 829 3105 ceteri
869 3052 1031 3124 libri,
1080 3054 1194 3106 nisi
1234 3052 1389 3122 quod
1438 3048 1665 3105 ‹lolcscit
1711 3051 1848 3119 Par.
1895 3052 1949 3107 P
2116 3051 2232 3107 laus
2290 3051 2410 3107 crim
2457 3051 2734 3124 adolescit,

445 3136 754 3190 nominatur
798 3134 973 3207 gloria
1020 3134 1263 3191 Bolhius
1310 3133 1377 3189 2.·
1423 3136 1622 3189 eadem
1666 3139 1949 3192 sententia
1996 3140 2077 3193 eis
2121 3153 2271 3209 quae
2316 3140 2372 3191 in
2433 3143 2595 3192 textu
2633 3155 2739 3207 po-

442 3223 534 3275 sui
561 3222 926 3290 exprimitur.
1098 3218 1177 3275 86
1224 3221 1545 3290 septenarii
1571 3221 1800 3275 iambici
1819 3220 2076 3292 frustum
2108 3224 2338 3289 notaui,
2386 3222 2490 3275 sed
2515 3226 2742 3276 numeri
2771 3237 2778 3244 ·

436 3306 618 3374 plane
663 3306 877 3359 incerti
917 3310 1066 3359 sunt.
1160 3304 1386 3359 multum
1438 3302 1606 3358 Nonii
1643 3305 1779 3358 libri
2034 3304 2113 3360 87
2160 3305 2460 3359 iambicum
2506 3312 2736 3360 octona-

445 3391 590 3444 rium
648 3403 776 3444 cum
827 3387 1029 3443 Bomio
1075 3387 1367 3459 Berylcius
1424 3389 1640 3442 annali.
1681 3388 1904 3457 philoll.
1955 3387 2119 3444 1870
2169 3405 2228 3459 p.
2278 3387 2399 3444 845
2459 3405 2735 3445 commen-

442 3474 603 3527 dauit
819 3480 972 3526 ortus
1019 3471 1196 3545 Mayl.
1244 3472 1421 3545 Luyd.
1483 3486 1644 3526 corus
1698 3473 1972 3527 Aemilius
2018 3472 2323 3527 Baehrens
2376 3475 2528 3528 lecu.
2585 3474 2734 3529 Lau.

359 3558 372 3565 '
443 3554 710 3628 (Bonnae
760 3555 943 3626 1870)
1005 3557 1143 3612 thes.
1210 3556 1254 3611 V
1431 3562 1643 3611 catomfi
1688 3555 1891 3612 Peleu.
1942 3555 2118 3627 Mayl.
2165 3557 2344 3628 Luyd.
2394 3556 2533 3630 Req.
2592 3566 2737 3613 cato·

442 3657 585 3695 mum
638 3641 937 3697 Turnebus
965 3642 1110 3697 Adu.
1142 3640 1180 3695 1
1208 3639 1285 3697 28
1331 3641 1601 3695 eutonium
1647 3644 1818 3713 quasi
1857 3634 2152 3697 παιώνιον
2194 3647 2387 3696 tuetur
2418 3640 2738 3699 Salmasius

442 3727 521 3781 ad
562 3726 685 3780 Aet.
720 3725 917 3795 Spart.
966 3730 1064 3779 uia
1099 3725 1396 3781 Hadriani
1423 3741 1472 3779 c.
1512 3724 1588 3780 18
1634 3726 1921 3779 catomium
1952 3725 2217 3791 Iuntina,
2258 3724 2520 3796 sortasse
2560 3734 2733 3796 recte,

440 3816 495 3866 ec
536 3810 809 3880 probauit
837 3809 1136 3865 Prellerus
1181 3811 1407 3881 mythol.
1441 3810 1601 3865 Rom.
1635 3809 1781 3865 454.
1830 3807 1918 3879 Cf.
1950 3809 2166 3865 Isidori
2202 3810 2373 3881 yloss.
2424 3807 2736 3877 ‘catoniaim

440 3890 823 3967 ergastulum!
871 3901 925 3948 ee
973 3893 1279 3961 catomain,
1326 3892 1709 3966 ergastulurn’,
1759 3908 1910 3965 quae
1953 3894 2241 3948 catomium
2288 3897 2546 3950 correxit
2579 3894 2731 3950 Nan·

439 3982 576 4034 sius,
664 3977 867 4047 (schol.
923 3977 1226 4034 quenalis
1281 3977 1554 4034 11·142:
1614 3975 1869 4033 ‘catomis
1928 3972 2349 4049 caedebantur')
2408 3977 2732 4034 Charonium

438 4063 676 4119 Loensis
720 4060 890 4117 Misc.
949 4064 1139 4132 epiph.
1190 4061 1290 4119 111
1334 4063 1370 4118 5
1588 4061 1668 4119 88
1713 4063 1830 4117 sine
1885 4061 2065 4131 lingua
2112 4069 2274 4134 eaput
2320 4061 2734 4118 Fleckeisenus

439 4150 602 4218 epist.
662 4150 793 4202 crit.
855 4149 933 4201 acl
974 4147 1055 4201 M.
1100 4147 1400 4202 Herizium
1453 4164 1511 4216 p.
1562 4145 1639 4200 24
1696 4153 1859 4217 caput
1916 4145 2107 4218 (capud
2172 4145 2319 4215 Vat.)
2374 4147 2489 4201 sine
2546 4145 2732 4220 lingua

439 4231 607 4304 (linga
669 4229 820 4301 Vat.)
875 4230 1009 4287 libri
1217 4230 1411 4306 pedani
1474 4232 1594 4287 ναι.
1641 4231 1785 4304 Req.
1846 4229 2080 4303 pedarii,
2136 4232 2241 4286 sed
2292 4238 2354 4287 ul
2410 4232 2472 4287 rii
2522 4248 2635 4303 pro
2679 4232 2733 4288 ni
