3400 5075
580 313 785 367 LXXH
1444 308 1978 363 COROLLARIVM

583 476 677 540 sic
733 496 960 538 censeo
1019 474 1100 537 ad
1157 496 1382 537 sanam
1441 472 1830 535 sententiam
1886 471 2305 556 redigendum
2365 492 2529 553 esse,
2595 474 2667 534 ut
2721 471 2872 534 scri-

584 582 802 644 batur:
846 581 1000 661 quid
1040 579 1238 644 diois?
1295 600 1405 643 cur
1449 584 1536 643 cst
1577 579 1870 657 furtu-m?
1925 598 2080 659 quor
2124 578 2301 641 coicis
2343 577 2543 643 istuc?
2607 574 2874 661 (factum

486 715 503 729 ·
586 691 651 750 et
693 688 857 770 quod
897 684 1079 772 libri)

768 793 893 857 192
949 791 1195 857 Verum
1241 796 1342 855 est
1386 792 1813 873 expeierabant
1854 790 2094 873 forma,
2147 790 2225 853 de
2271 812 2400 873 qua
2446 791 2589 854 vide
2637 790 2876 855 Vsene-

586 922 729 963 rum
784 900 854 964 111
911 900 1147 963 annall.
1194 897 1447 982 philoll.
1501 898 1668 962 1865
1716 921 1777 981 p.
1825 899 1954 961 226
2002 919 2113 980 sq„
2168 897 2492 960 senarium
2548 897 2739 980 plane
2797 897 2877 961 ad

589 1005 901 1071 Graecam
948 1027 1245 1069 normam
1293 1005 1592 1090 astringi.

770 1113 894 1175 194
954 1112 1248 1193 inp-imis
1293 1111 1539 1174 servari
1583 1134 1718 1175 non
1762 1113 2022 1194 poterat
2063 1110 2193 1173 nisi
2248 1109 2344 1173 ita
2387 1110 2880 1194 transpositum,

589 1222 662 1282 ut
708 1241 854 1282 cum
900 1217 1098 1282 verbo
1145 1223 1439 1281 memento
1487 1218 2009 1302 coniungeretur,
2073 1240 2146 1280 ac
2192 1215 2472 1280 fortasse
2519 1217 2874 1281 addendum

589 1325 659 1388 in
702 1325 829 1387 fine
876 1324 1092 1408 ipsum
1121 1346 1374 1407 quoque
1422 1325 1868 1405 inffludmztius,
1915 1327 1988 1387 ut
2031 1323 2140 1387 hic
2178 1322 2412 1385 evadat
2447 1324 2880 1406 septenarius:

770 1431 932 1495 illud
972 1435 1267 1494 memento
1312 1431 1622 1512 inprimis
1668 1451 1746 1494 ne
1790 1432 1943 1512 quid
1984 1429 2236 1493 bldtcres
2280 1429 2729 1512 imprudentius.

773 1537 897 1600 201
962 1535 1305 1600 Constanti
1362 1537 1733 1601 comoediae
1780 1560 1899 1601 usu
1956 1559 2102 1600 cum
2148 1556 2258 1618 aye
2304 1535 2403 1597 vel
2450 1538 2611 1618 aqite
2657 1536 2880 1601 exhor-

592 1643 909 1708 tationem
939 1644 1223 1727 excipiat
1251 1644 1415 1706 alter
1463 1643 1887 1727 imperativus
1925 1643 2106 1707 nulla
2152 1641 2477 1725 particula
2524 1644 2882 1725 adiunctuS‚

589 1773 722 1815 non
766 1749 1167 1814 dubitassem
1213 1755 1271 1813 et
1314 1750 1528 1813 delere
1576 1746 1677 1835 (ut
1723 1773 1920 1833 supra
1967 1772 2022 1812 v.
2075 1747 2247 1833 175),
2293 1748 2423 1811 nisi
2470 1750 2884 1831 praecederet

591 1878 950 1940 pronomen
1012 1855 1147 1934 hoc,
1203 1878 1329 1939 quo
1380 1857 1761 1940 ambiguum
1808 1858 1906 1940 fit,
1961 1859 2180 1919 utrum
2237 1854 2741 1939 intellegendum
2799 1857 2886 1919 sit

594 1961 741 2026 ‘hoc
780 1962 985 2048 igitur
1023 1960 1222 2046 agite'
1270 1960 1370 2047 (h.
1421 1984 1471 2024 e.
1522 1963 1811 2026 animum
1861 1962 2203 2027 advertite:
2251 1960 2330 2025 cf.
2379 1961 2518 2024 Ter.
2568 1983 2708 2025 eun.
2761 1963 2886 2026 130

595 2092 739 2133 cum
794 2068 1039 2133 Donati
1101 2066 1393 2153 interpr.)
1443 2067 1539 2131 ‘et
1596 2069 1664 2131 in
1721 2068 1842 2133 hac
1889 2092 1957 2133 re
2016 2090 2118 2131 me
2176 2065 2595 2131 adiutamini'
2654 2091 2736 2131 an
2784 2068 2883 2132 ‘in

593 2176 717 2240 hac
765 2175 968 2260 igitur
1012 2196 1082 2237 re
1131 2174 1306 2259 agite
1354 2197 1455 2238 me
1503 2174 1933 2239 adiutamini’.

773 2281 919 2344 204.
977 2280 1148 2356 Quas
1211 2282 1573 2346 Afraniano
1639 2282 1817 2346 vocis
1871 2283 2206 2362 poscestrix
2270 2280 2568 2363 exemplo
2633 2279 2887 2344 Nonius

597 2387 846 2450 addidit
899 2387 1153 2471 glossas
1210 2386 1313 2451 his
1363 2387 1489 2450 ‘ita
1534 2389 1840 2471 tonstrix,
1897 2388 1991 2450 ita
2037 2387 2399 2469 inpulstrelzs,
2452 2387 2549 2449 ita
2602 2389 2886 2465 curstrix,

596 2493 692 2556 ita
726 2494 1063 2575 plaustr-ias,
1110 2494 1207 2557 ita
1253 2492 1621 2577 adsestrix',
1667 2496 1932 2557 cunctas
1980 2493 2262 2559 comicas
2310 2514 2450 2556 esse
2497 2493 2891 2558 confidenter

594 2600 814 2663 nescio
862 2600 1006 2682 quis
1044 2600 1260 2664 edixit.
1319 2604 1384 2663 et
1417 2600 1796 2664 Plautinum
1843 2603 1943 2662 est
1988 2601 2266 2676 tonstrix,
2314 2599 2572 2663 Afranii
2618 2596 2703 2684 (v.
2737 2599 2889 2686 181)

597 2708 915 2771 adse-strix.
1008 2709 1079 2769 at
1125 2703 1351 2770 Cicero
1409 2707 1476 2769 si·
1512 2691 1677 2770 dixit
1731 2707 2041 2788 expultrix
2085 2707 2268 2770 Tusc.
2317 2706 2376 2769 V
2423 2708 2492 2788 2,
2539 2707 2580 2768 5
2637 2710 2892 2770 mutata

600 2812 661 2876 ‘s
706 2813 777 2876 in
823 2810 876 2875 t'
923 2815 1089 2875 teste
1136 2813 1472 2878 Prisciano
1521 2835 1581 2894 p.
1631 2813 1758 2875 784
1807 2813 2157 2897 eodemque
2205 2837 2263 2895 p.
2317 2813 2479 2876 1221
2541 2814 2890 2892 defenstrioe,

598 2941 679 2982 ne
726 2919 1065 2998 infflclstrioe
1109 2918 1366 3002 quidem
1415 2915 1578 3002 (sive
1610 2919 1847 2982 rectius
1877 2917 2209 3002 inpulerit)
2257 2919 2340 2981 ab
2378 2919 2516 2981 eius
2547 2919 2646 2981 vel
2679 2923 2891 2983 aetate

602 3024 702 3088 vel
764 3024 1087 3088 scribendi
1150 3046 1382 3109 genere
1445 3025 1727 3087 alienum
1789 3025 1915 3087 erit
1972 3024 2359 3088 habendum.
2451 3024 2626 3109 Ergo
2694 3026 2892 3090 etiam

600 3130 726 3194 duo
774 3151 940 3213 quae
996 3134 1246 3195 restant
1291 3130 1611 3194 vocabula
1657 3131 1975 3194 incertum
2021 3131 2278 3214 quando
2335 3134 2400 3194 et
2447 3153 2486 3194 a
2531 3153 2658 3214 quo
2714 3154 2891 3195 usur-

602 3240 759 3320 pata
804 3237 960 3301 sint:
1009 3238 1331 3320 plaustris
1376 3237 1442 3299 in
1506 3237 1984 3318 exemplaribus
2045 3237 2385 3321 inpressis,
2448 3239 2661 3302 minus
2721 3242 2892 3302 recte

592 3345 880 3425 plautrix
926 3343 995 3408 in
1041 3345 1224 3407 libris
1271 3342 1530 3426 legitur.
1595 3341 1884 3407 Curstria:
1929 3366 2046 3427 pro
2096 3368 2170 3408 eo
2219 3345 2388 3427 quod
2436 3344 2747 3408 traditum
2797 3348 2895 3408 est

601 3451 882 3515 curatrix
935 3454 1108 3514 recte
1166 3450 1420 3514 videtur
1475 3449 1851 3513 restitutum
1908 3472 2065 3515 esse.
2156 3473 2308 3513 nam
2369 3452 2667 3533 quamvis
2724 3451 2892 3514 Pris-

604 3557 827 3621 cianus
876 3578 936 3638 p.
970 3558 1097 3620 784
1144 3557 1382 3619 diserte
1428 3560 1623 3640 neget
1667 3577 1880 3620 cursor
1923 3579 2162 3620 nomen
2207 3556 2592 3620 femininum
2638 3557 2894 3640 habere,

604 3666 825 3728 tamen
871 3663 1014 3745 ipso
1062 3664 1304 3726 συνετὴ·
1350 3663 1644 3745 exemplo
1691 3662 1900 3726 utitur
1946 3660 2282 3726 Charisius
2329 3685 2391 3746 p.
2421 3663 2506 3725 30
2537 3662 2602 3725 Ρ.
2669 3664 2895 3747 quodsi

608 3770 737 3833 alio
783 3769 928 3832 loco
976 3791 1038 3851 p.
1090 3770 1255 3833 1221
1304 3769 1373 3832 Ρ.
1462 3769 1837 3832 Priscianus
1881 3770 2203 3853 praecipit
2252 3768 2471 3833 ‘nemo
2520 3769 2692 3833 enim
2739 3770 2898 3833 dicit

595 3876 904 3956 pransm'x
947 3876 1190 3939 cursrix
1236 3877 1473 3939 tonsria:
1519 3878 1786 3958 propter
1833 3875 2256 3958 asperitatem
2301 3875 2897 3959 pronuntiationis’,

604 4004 737 4045 non
791 3981 939 4064 ipsa
984 3982 1277 4064 nomina,
1334 3982 1442 4044 sed
1498 3981 1618 4043 has
1665 4004 1887 4045 earum
1942 3981 2188 4045 formas
2245 3981 2543 4065 quamvis
2593 3982 2898 4066 analogia
2949 4059 2950 4062 Ἴ

605 4088 815 4152 factas
875 4111 913 4151 a
961 4087 1420 4152 consuetudine
1478 4087 1726 4150 alienas
1782 4109 1920 4151 esse
1977 4089 2180 4152 docet.
2270 4111 2476 4171 neque
2526 4076 2697 4151 enim
2744 4110 2896 4150 sane

609 4196 871 4277 tonsrix,
926 4196 999 4256 ut
1044 4194 1445 4276 praecipitur
1509 4193 1679 4276 apud
1739 4191 2111 4257 Charisium
2166 4219 2226 4277 p.
2274 4196 2386 4278 30,
2453 4194 2564 4257 sed
2620 4194 2897 4268 ton-strix,

609 4300 777 4383 quod
841 4298 1094 4364 Probus
1156 4322 1220 4382 p.
1274 4299 1392 4382 91,
1455 4299 1533 4362 19
1581 4299 1660 4364 K.
1727 4301 2159 4383 commendat,
2223 4300 2495 4365 Plautus
2561 4298 2898 4381 scripsisse
