<?xml version="1.0" encoding="UTF-8"?>
<!DOCTYPE html PUBLIC "-//W3C//DTD XHTML 1.0 Transitional//EN"
    "http://www.w3.org/TR/xhtml1/DTD/xhtml1-transitional.dtd">
<html xmlns="http://www.w3.org/1999/xhtml" xml:lang="en" lang="en">
 <head>
  <title>
</title>
<meta http-equiv="Content-Type" content="text/html;charset=utf-8" />
  <meta name='ocr-system' content='tesseract 3.04.00' />
  <meta name='ocr-capabilities' content='ocr_page ocr_carea ocr_par ocr_line ocrx_word'/>
</head>
<body>
  <div class='ocr_page' id='page_1' title='image "./comicorumromano00teregoog_0342.png"; bbox 0 0 3400 5075; ppageno 0'>
   <div class='ocr_carea' id='block_1_1' title="bbox 643 387 2023 452">
    <p class='ocr_par' dir='ltr' id='par_1_1' title="bbox 643 387 2023 452">
     <span class='ocr_line' id='line_1_1' title="bbox 643 387 2023 452; baseline -0.006 0"><span class='ocrx_word' id='word_1_1' title='bbox 643 387 768 452; x_wconf 78' lang='lat'>‘202</span> <span class='ocrx_word' id='word_1_2' title='bbox 1563 393 1626 443; x_wconf 82' lang='lat'><strong>1..</strong></span> <span class='ocrx_word' id='word_1_3' title='bbox 1663 392 2023 446; x_wconf 71' lang='lat' dir='ltr'><strong>AFRAmvs</strong></span> 
     </span>
    </p>
   </div>
   <div class='ocr_carea' id='block_1_2' title="bbox 1660 549 1901 635">
    <p class='ocr_par' dir='ltr' id='par_1_2' title="bbox 1660 549 1901 635">
     <span class='ocr_line' id='line_1_2' title="bbox 1660 549 1901 635; baseline 0 -21"><span class='ocrx_word' id='word_1_4' title='bbox 1660 550 1756 614; x_wconf 81' lang='lat' dir='ltr'><strong>vl</strong></span> <span class='ocrx_word' id='word_1_5' title='bbox 1802 549 1901 635; x_wconf 82' lang='lat'><strong>(2)</strong></span> 
     </span>
    </p>
   </div>
   <div class='ocr_carea' id='block_1_3' title="bbox 1487 658 2664 743">
    <p class='ocr_par' dir='ltr' id='par_1_3' title="bbox 1487 658 2664 743">
     <span class='ocr_line' id='line_1_3' title="bbox 1487 658 2664 743; baseline 0.003 -22"><span class='ocrx_word' id='word_1_6' title='bbox 1487 679 1605 743; x_wconf 83' lang='lat' dir='ltr'><strong>age</strong></span> <span class='ocrx_word' id='word_1_7' title='bbox 1655 662 1836 722; x_wconf 77' lang='lat' dir='ltr'><strong>mirre</strong></span> <span class='ocrx_word' id='word_1_8' title='bbox 1884 659 2116 723; x_wconf 81' lang='lat' dir='ltr'><strong>cursim</strong></span> <span class='ocrx_word' id='word_1_9' title='bbox 2164 659 2244 723; x_wconf 84' lang='lat' dir='ltr'><strong>ad</strong></span> <span class='ocrx_word' id='word_1_10' title='bbox 2294 658 2664 724; x_wconf 71' lang='lat' dir='ltr'><strong>Numisium</strong></span> 
     </span>
    </p>
   </div>
   <div class='ocr_carea' id='block_1_4' title="bbox 1646 833 1923 922">
    <p class='ocr_par' dir='ltr' id='par_1_4' title="bbox 1646 833 1923 922">
     <span class='ocr_line' id='line_1_4' title="bbox 1646 833 1923 922; baseline 0 -22"><span class='ocrx_word' id='word_1_11' title='bbox 1646 835 1775 900; x_wconf 90' lang='lat' dir='ltr'><strong>v11</strong></span> <span class='ocrx_word' id='word_1_12' title='bbox 1823 833 1923 922; x_wconf 83' lang='lat'><strong>(4)</strong></span> 
     </span>
    </p>
   </div>
   <div class='ocr_carea' id='block_1_5' title="bbox 1911 944 2421 1030">
    <p class='ocr_par' dir='ltr' id='par_1_5' title="bbox 1911 944 2421 1030">
     <span class='ocr_line' id='line_1_5' title="bbox 1911 944 2421 1030; baseline 0.004 -23"><span class='ocrx_word' id='word_1_13' title='bbox 1911 945 2193 1030; x_wconf 79' lang='lat' dir='ltr'><strong>pauxillo</strong></span> <span class='ocrx_word' id='word_1_14' title='bbox 2242 944 2421 1029; x_wconf 81' lang='lat' dir='ltr'><strong>prius</strong></span> 
     </span>
    </p>
   </div>
   <div class='ocr_carea' id='block_1_6' title="bbox 636 717 1099 810">
    <p class='ocr_par' dir='ltr' id='par_1_6' title="bbox 636 717 1099 810">
     <span class='ocr_line' id='line_1_6' title="bbox 636 717 1099 810; baseline 0.006 -3"><span class='ocrx_word' id='word_1_15' title='bbox 636 743 767 807; x_wconf 79' lang='lat'><strong>295</strong></span> <span class='ocrx_word' id='word_1_16' title='bbox 816 717 1099 810; x_wconf 61' lang='grc' dir='ltr'>οοοιὶιιο.</span> 
     </span>
    </p>
   </div>
   <div class='ocr_carea' id='block_1_7' title="bbox 814 1030 1941 1208">
    <p class='ocr_par' dir='ltr' id='par_1_7' title="bbox 814 1030 1941 1208">
     <span class='ocr_line' id='line_1_7' title="bbox 814 1030 1287 1095; baseline 0 -1"><span class='ocrx_word' id='word_1_17' title='bbox 814 1030 921 1094; x_wconf 70' lang='lat' dir='ltr'><strong>Me</strong></span> <span class='ocrx_word' id='word_1_18' title='bbox 967 1031 1287 1095; x_wconf 74' lang='lat' dir='ltr'><strong>conuenit.</strong></span> 
     </span>
     <span class='ocr_line' id='line_1_8' title="bbox 1630 1121 1941 1208; baseline 0.006 -23"><span class='ocrx_word' id='word_1_19' title='bbox 1630 1121 1791 1185; x_wconf 93' lang='lat' dir='ltr'>VIII</span> <span class='ocrx_word' id='word_1_20' title='bbox 1840 1121 1941 1208; x_wconf 74' lang='lat'><strong>(8)</strong></span> 
     </span>
    </p>
   </div>
   <div class='ocr_carea' id='block_1_8' title="bbox 634 1231 2929 1552">
    <p class='ocr_par' dir='ltr' id='par_1_8' title="bbox 634 1231 2929 1552">
     <span class='ocr_line' id='line_1_9' title="bbox 810 1231 2926 1321; baseline 0.002 -23"><span class='ocrx_word' id='word_1_21' title='bbox 810 1234 1043 1299; x_wconf 78' lang='lat' dir='ltr'><strong>Festus</strong></span> <span class='ocrx_word' id='word_1_22' title='bbox 1090 1259 1150 1320; x_wconf 86' lang='lat' dir='ltr'><strong>p.</strong></span> <span class='ocrx_word' id='word_1_23' title='bbox 1199 1237 1330 1300; x_wconf 78' lang='lat'><strong>334</strong></span> <span class='ocrx_word' id='word_1_24' title='bbox 1377 1236 1461 1299; x_wconf 94' lang='lat' dir='ltr'><strong>M.</strong></span> <span class='ocrx_word' id='word_1_25' title='bbox 1499 1231 1981 1321; x_wconf 78' lang='lat' dir='ltr'><strong>‘sexagenarios</strong></span> <span class='ocrx_word' id='word_1_26' title='bbox 2028 1238 2105 1302; x_wconf 90' lang='lat' dir='ltr'><strong>de</strong></span> <span class='ocrx_word' id='word_1_27' title='bbox 2154 1242 2352 1321; x_wconf 79' lang='lat' dir='ltr'><strong>ponte</strong></span> <span class='ocrx_word' id='word_1_28' title='bbox 2402 1276 2483 1283; x_wconf 93' lang='lat'><strong>—-</strong></span> <span class='ocrx_word' id='word_1_29' title='bbox 2534 1275 2615 1284; x_wconf 91' lang='lat'>—</span> <span class='ocrx_word' id='word_1_30' title='bbox 2666 1276 2749 1284; x_wconf 90' lang='lat'>—</span> <span class='ocrx_word' id='word_1_31' title='bbox 2799 1263 2926 1303; x_wconf 83' lang='lat' dir='ltr'><strong>ua-</strong></span> 
     </span>
     <span class='ocr_line' id='line_1_10' title="bbox 634 1352 2929 1451; baseline 0.002 -38"><span class='ocrx_word' id='word_1_32' title='bbox 634 1372 805 1413; x_wconf 89' lang='lat' dir='ltr'><strong>nam</strong></span> <span class='ocrx_word' id='word_1_33' title='bbox 851 1355 1104 1414; x_wconf 78' lang='lat' dir='ltr'><strong>autem</strong></span> <span class='ocrx_word' id='word_1_34' title='bbox 1135 1352 1579 1436; x_wconf 82' lang='lat' dir='ltr'>opinionem</span> <span class='ocrx_word' id='word_1_35' title='bbox 1610 1353 1695 1416; x_wconf 91' lang='lat' dir='ltr'><strong>de</strong></span> <span class='ocrx_word' id='word_1_36' title='bbox 1743 1356 1975 1438; x_wconf 65' lang='lat' dir='ltr'><strong>ponsse</strong></span> <span class='ocrx_word' id='word_1_37' title='bbox 2007 1353 2375 1418; x_wconf 84' lang='lat' dir='ltr'><strong>Tiberino</strong></span> <span class='ocrx_word' id='word_1_38' title='bbox 2423 1354 2929 1451; x_wconf 57' lang='lat' dir='ltr'><strong>confirmauit</strong></span> 
     </span>
     <span class='ocr_line' id='line_1_11' title="bbox 635 1461 1657 1552; baseline 0.006 -24"><span class='ocrx_word' id='word_1_39' title='bbox 635 1465 1020 1532; x_wconf 82' lang='lat' dir='ltr'><strong>Afranius</strong></span> <span class='ocrx_word' id='word_1_40' title='bbox 1065 1467 1144 1530; x_wconf 89' lang='lat' dir='ltr'><strong>in</strong></span> <span class='ocrx_word' id='word_1_41' title='bbox 1188 1461 1657 1552; x_wconf 66' lang='lat' dir='ltr'><strong>Repudiato,²</strong></span> 
     </span>
    </p>
   </div>
   <div class='ocr_carea' id='block_1_9' title="bbox 1645 1584 1919 1787">
    <p class='ocr_par' dir='ltr' id='par_1_9' title="bbox 1645 1584 1919 1787">
     <span class='ocr_line' id='line_1_12' title="bbox 1645 1584 1919 1649; baseline 0.004 -1"><span class='ocrx_word' id='word_1_42' title='bbox 1645 1584 1919 1649; x_wconf 80' lang='lat' dir='ltr'><strong>SELLA</strong></span> 
     </span>
     <span class='ocr_line' id='line_1_13' title="bbox 1691 1697 1873 1787; baseline 0.011 -2"><span class='ocrx_word' id='word_1_43' title='bbox 1691 1700 1723 1763; x_wconf 87' lang='grc' dir='ltr'>Ι</span> <span class='ocrx_word' id='word_1_44' title='bbox 1774 1697 1873 1787; x_wconf 83' lang='grc'><strong>(1)</strong></span> 
     </span>
    </p>
   </div>
   <div class='ocr_carea' id='block_1_10' title="bbox 635 1814 2408 2227">
    <p class='ocr_par' dir='ltr' id='par_1_10' title="bbox 635 1814 2408 2227">
     <span class='ocr_line' id='line_1_14' title="bbox 810 1814 2362 1900; baseline 0.003 -23"><span class='ocrx_word' id='word_1_45' title='bbox 810 1814 983 1877; x_wconf 72' lang='lat' dir='ltr'><strong>Vsus</strong></span> <span class='ocrx_word' id='word_1_46' title='bbox 1030 1837 1131 1877; x_wconf 88' lang='lat' dir='ltr'><strong>me</strong></span> <span class='ocrx_word' id='word_1_47' title='bbox 1180 1816 1430 1899; x_wconf 72' lang='lat' dir='ltr'><strong>genuit,</strong></span> <span class='ocrx_word' id='word_1_48' title='bbox 1477 1818 1681 1879; x_wconf 64' lang='lat' dir='ltr'><strong>mater</strong></span> <span class='ocrx_word' id='word_1_49' title='bbox 1727 1817 1977 1900; x_wconf 79' lang='lat' dir='ltr'>peperit</span> <span class='ocrx_word' id='word_1_50' title='bbox 2024 1817 2362 1882; x_wconf 73' lang='lat' dir='ltr'><strong>Memoria:</strong></span> 
     </span>
     <span class='ocr_line' id='line_1_15' title="bbox 811 1929 2408 2016; baseline 0.003 -24"><span class='ocrx_word' id='word_1_51' title='bbox 811 1929 1120 2013; x_wconf 56' lang='lat' dir='ltr'><strong>Sophiam</strong></span> <span class='ocrx_word' id='word_1_52' title='bbox 1170 1934 1404 2016; x_wconf 79' lang='lat' dir='ltr'><strong>uocant</strong></span> <span class='ocrx_word' id='word_1_53' title='bbox 1450 1953 1550 1996; x_wconf 86' lang='lat' dir='ltr'><strong>me</strong></span> <span class='ocrx_word' id='word_1_54' title='bbox 1598 1930 1778 2014; x_wconf 59' lang='lat' dir='ltr'><strong>Grai,</strong></span> <span class='ocrx_word' id='word_1_55' title='bbox 1828 1956 1943 1998; x_wconf 90' lang='lat' dir='ltr'><strong>uos</strong></span> <span class='ocrx_word' id='word_1_56' title='bbox 1991 1932 2408 2016; x_wconf 71' lang='lat' dir='ltr'><strong>Sapientiam.</strong></span> 
     </span>
     <span class='ocr_line' id='line_1_16' title="bbox 1670 2044 1886 2134; baseline 0.005 -23"><span class='ocrx_word' id='word_1_57' title='bbox 1670 2046 1739 2111; x_wconf 94' lang='lat' dir='ltr'><strong>II</strong></span> <span class='ocrx_word' id='word_1_58' title='bbox 1785 2044 1886 2134; x_wconf 84' lang='lat'><strong>(2)</strong></span> 
     </span>
     <span class='ocr_line' id='line_1_17' title="bbox 635 2159 1797 2227; baseline 0.003 -4"><span class='ocrx_word' id='word_1_59' title='bbox 635 2160 765 2224; x_wconf 88' lang='grc'><strong>300</strong></span> <span class='ocrx_word' id='word_1_60' title='bbox 811 2159 1084 2225; x_wconf 79' lang='lat' dir='ltr'><strong>Pomum</strong></span> <span class='ocrx_word' id='word_1_61' title='bbox 1131 2162 1319 2227; x_wconf 87' lang='lat' dir='ltr'><strong>holus</strong></span> <span class='ocrx_word' id='word_1_62' title='bbox 1364 2162 1555 2227; x_wconf 85' lang='lat' dir='ltr'><strong>ficum</strong></span> <span class='ocrx_word' id='word_1_63' title='bbox 1602 2169 1797 2227; x_wconf 74' lang='lat' dir='ltr'><strong>uuam</strong></span> 
     </span>
    </p>
   </div>
   <div class='ocr_carea' id='block_1_11' title="bbox 809 2276 2917 2712">
    <p class='ocr_par' dir='ltr' id='par_1_11' title="bbox 809 2276 2917 2712">
     <span class='ocr_line' id='line_1_18' title="bbox 1556 2276 2000 2344; baseline -0.002 -1"><span class='ocrx_word' id='word_1_64' title='bbox 1556 2276 2000 2344; x_wconf 80' lang='lat' dir='ltr'>SIMVLANS</span> 
     </span>
     <span class='ocr_line' id='line_1_19' title="bbox 1684 2392 1863 2479; baseline 0.011 -23"><span class='ocrx_word' id='word_1_65' title='bbox 1684 2393 1716 2456; x_wconf 99' lang='grc' dir='ltr'>Ι</span> <span class='ocrx_word' id='word_1_66' title='bbox 1764 2392 1863 2479; x_wconf 89' lang='grc'><strong>(6)</strong></span> 
     </span>
     <span class='ocr_line' id='line_1_20' title="bbox 809 2506 2917 2597; baseline 0.001 -24"><span class='ocrx_word' id='word_1_67' title='bbox 809 2506 1101 2575; x_wconf 64' lang='grc' dir='ltr'><strong>Ξειέυίῒω·</strong></span> <span class='ocrx_word' id='word_1_68' title='bbox 1129 2509 1297 2575; x_wconf 85' lang='lat' dir='ltr'><strong>ferre</strong></span> <span class='ocrx_word' id='word_1_69' title='bbox 1335 2509 1495 2576; x_wconf 74' lang='lat' dir='ltr'><strong>haee</strong></span> <span class='ocrx_word' id='word_1_70' title='bbox 1541 2512 1603 2576; x_wconf 78' lang='lat' dir='ltr'><strong>te</strong></span> <span class='ocrx_word' id='word_1_71' title='bbox 1652 2507 1883 2575; x_wconf 84' lang='lat' dir='ltr'><strong>simula</strong></span> <span class='ocrx_word' id='word_1_72' title='bbox 1929 2515 1995 2576; x_wconf 79' lang='lat' dir='ltr'><strong>et</strong></span> <span class='ocrx_word' id='word_1_73' title='bbox 2040 2513 2307 2597; x_wconf 59' lang='lat' dir='ltr'><strong>guaiam</strong></span> <span class='ocrx_word' id='word_1_74' title='bbox 2336 2511 2416 2577; x_wconf 86' lang='lat' dir='ltr'><strong>ab</strong></span> <span class='ocrx_word' id='word_1_75' title='bbox 2446 2512 2557 2577; x_wconf 91' lang='lat' dir='ltr'><strong>illo</strong></span> <span class='ocrx_word' id='word_1_76' title='bbox 2589 2512 2917 2576; x_wconf 74' lang='lat' dir='ltr'><strong>abducere.</strong></span> 
     </span>
     <span class='ocr_line' id='line_1_21' title="bbox 1665 2623 1882 2712; baseline 0.009 -23"><span class='ocrx_word' id='word_1_77' title='bbox 1665 2625 1732 2689; x_wconf 95' lang='lat' dir='ltr'><strong>II</strong></span> <span class='ocrx_word' id='word_1_78' title='bbox 1781 2623 1882 2712; x_wconf 84' lang='lat'><strong>(5)</strong></span> 
     </span>
    </p>
   </div>
   <div class='ocr_carea' id='block_1_12' title="bbox 811 2717 2322 2907">
    <p class='ocr_par' dir='ltr' id='par_1_12' title="bbox 811 2717 2322 2907">
     <span class='ocr_line' id='line_1_22' title="bbox 2225 2717 2322 2780; baseline 0 -1"><span class='ocrx_word' id='word_1_79' title='bbox 2225 2717 2322 2780; x_wconf 75' lang='lat' dir='ltr'><strong>tui</strong></span> 
     </span>
     <span class='ocr_line' id='line_1_23' title="bbox 811 2821 2273 2907; baseline -0.001 -20"><span class='ocrx_word' id='word_1_80' title='bbox 811 2822 1113 2906; x_wconf 74' lang='lat' dir='ltr'><strong>Veretur,</strong></span> <span class='ocrx_word' id='word_1_81' title='bbox 1158 2844 1260 2886; x_wconf 89' lang='lat' dir='ltr'><strong>me</strong></span> <span class='ocrx_word' id='word_1_82' title='bbox 1308 2823 1388 2887; x_wconf 85' lang='lat' dir='ltr'><strong>ad</strong></span> <span class='ocrx_word' id='word_1_83' title='bbox 1436 2826 1498 2888; x_wconf 77' lang='lat' dir='ltr'><strong>te</strong></span> <span class='ocrx_word' id='word_1_84' title='bbox 1547 2821 1726 2887; x_wconf 77' lang='lat' dir='ltr'><strong>misit</strong></span> <span class='ocrx_word' id='word_1_85' title='bbox 1772 2825 2025 2887; x_wconf 71' lang='lat' dir='ltr'><strong>oratum</strong></span> <span class='ocrx_word' id='word_1_86' title='bbox 2071 2825 2273 2907; x_wconf 68' lang='lat' dir='ltr'><strong>pater.</strong></span> 
     </span>
    </p>
   </div>
   <div class='ocr_carea' id='block_1_13' title="bbox 625 2975 2918 3857">
    <p class='ocr_par' dir='ltr' id='par_1_13' title="bbox 626 2975 2917 3182">
     <span class='ocr_line' id='line_1_24' title="bbox 626 2975 2917 3048; baseline 0.001 -19"><span class='ocrx_word' id='word_1_87' title='bbox 626 2983 803 3029; x_wconf 82' lang='lat' dir='ltr'><strong>minus</strong></span> <span class='ocrx_word' id='word_1_88' title='bbox 841 2982 1102 3031; x_wconf 80' lang='lat' dir='ltr'><strong>Afranius</strong></span> <span class='ocrx_word' id='word_1_89' title='bbox 1143 2984 1196 3032; x_wconf 85' lang='lat' dir='ltr'><strong>in</strong></span> <span class='ocrx_word' id='word_1_90' title='bbox 1234 2983 1541 3047; x_wconf 78' lang='lat' dir='ltr'><strong>Repudiato</strong></span> <span class='ocrx_word' id='word_1_91' title='bbox 1579 2981 1698 3048; x_wconf 87' lang='lat' dir='ltr'>[lv]</span> <span class='ocrx_word' id='word_1_92' title='bbox 1750 2984 2026 3046; x_wconf 84' lang='lat' dir='ltr'><strong>sequius</strong></span> <span class='ocrx_word' id='word_1_93' title='bbox 2070 2984 2212 3032; x_wconf 86' lang='lat' dir='ltr'><strong>idem</strong></span> <span class='ocrx_word' id='word_1_94' title='bbox 2252 2984 2308 3031; x_wconf 86' lang='lat' dir='ltr'><strong>in</strong></span> <span class='ocrx_word' id='word_1_95' title='bbox 2359 2982 2546 3031; x_wconf 84' lang='lat' dir='ltr'><strong>eodem</strong></span> <span class='ocrx_word' id='word_1_96' title='bbox 2584 2975 2707 3047; x_wconf 78' lang='lat' dir='ltr'><strong>[V].’</strong></span> <span class='ocrx_word' id='word_1_97' title='bbox 2840 2982 2917 3033; x_wconf 87' lang='lat' dir='ltr'><strong>Vl</strong></span> 
     </span>
     <span class='ocr_line' id='line_1_25' title="bbox 627 3048 2914 3115; baseline 0 -19"><span class='ocrx_word' id='word_1_98' title='bbox 627 3048 916 3099; x_wconf 81' lang='lat' dir='ltr'><strong>Charisius</strong></span> <span class='ocrx_word' id='word_1_99' title='bbox 947 3051 994 3100; x_wconf 87' lang='lat'><strong>11</strong></span> <span class='ocrx_word' id='word_1_100' title='bbox 1035 3068 1084 3114; x_wconf 88' lang='lat' dir='ltr'><strong>p.</strong></span> <span class='ocrx_word' id='word_1_101' title='bbox 1118 3052 1211 3100; x_wconf 84' lang='lat'><strong>186</strong></span> <span class='ocrx_word' id='word_1_102' title='bbox 1238 3051 1298 3100; x_wconf 92' lang='grc' dir='ltr'><strong>Ρ.</strong></span> <span class='ocrx_word' id='word_1_103' title='bbox 1335 3052 1653 3112; x_wconf 79' lang='lat' dir='ltr'><strong>‘occulto,</strong></span> <span class='ocrx_word' id='word_1_104' title='bbox 1691 3057 1753 3102; x_wconf 85' lang='lat' dir='ltr'><strong>ut</strong></span> <span class='ocrx_word' id='word_1_105' title='bbox 1790 3050 1972 3101; x_wconf 58' lang='lat' dir='ltr'><strong>falso)</strong></span> <span class='ocrx_word' id='word_1_106' title='bbox 2113 3052 2216 3100; x_wconf 82' lang='lat' dir='ltr'><strong>vn</strong></span> <span class='ocrx_word' id='word_1_107' title='bbox 2254 3049 2539 3100; x_wconf 75' lang='lat' dir='ltr'>Charisius</span> <span class='ocrx_word' id='word_1_108' title='bbox 2570 3051 2618 3100; x_wconf 84' lang='lat'><strong>11</strong></span> <span class='ocrx_word' id='word_1_109' title='bbox 2655 3067 2704 3115; x_wconf 84' lang='lat' dir='ltr'><strong>p,</strong></span> <span class='ocrx_word' id='word_1_110' title='bbox 2736 3053 2827 3102; x_wconf 77' lang='lat'><strong>191</strong></span> <span class='ocrx_word' id='word_1_111' title='bbox 2857 3052 2914 3100; x_wconf 86' lang='lat' dir='ltr'><strong>P.</strong></span> 
     </span>
     <span class='ocr_line' id='line_1_26' title="bbox 628 3117 1517 3182; baseline 0.003 -17"><span class='ocrx_word' id='word_1_112' title='bbox 628 3117 750 3179; x_wconf 76' lang='lat'>(127</span> <span class='ocrx_word' id='word_1_113' title='bbox 789 3118 875 3178; x_wconf 88' lang='lat' dir='ltr'><strong>L.)</strong></span> <span class='ocrx_word' id='word_1_114' title='bbox 915 3118 1251 3182; x_wconf 78' lang='lat' dir='ltr'><strong>‘pauxillo</strong></span> <span class='ocrx_word' id='word_1_115' title='bbox 1292 3119 1517 3182; x_wconf 55' lang='lat' dir='ltr'><strong>prius!</strong></span> 
     </span>
    </p>

    <p class='ocr_par' dir='ltr' id='par_1_14' title="bbox 625 3168 2918 3649">
     <span class='ocr_line' id='line_1_27' title="bbox 762 3168 2918 3251; baseline 0.001 -19"><span class='ocrx_word' id='word_1_116' title='bbox 762 3183 948 3234; x_wconf 59' lang='lat' dir='ltr'><strong>Sanus</strong></span> <span class='ocrx_word' id='word_1_117' title='bbox 1018 3186 1042 3235; x_wconf 93' lang='lat'>1</span> <span class='ocrx_word' id='word_1_118' title='bbox 1080 3168 1296 3235; x_wconf 70' lang='lat' dir='ltr'><strong>dellius</strong></span> <span class='ocrx_word' id='word_1_119' title='bbox 1321 3186 1454 3236; x_wconf 82' lang='lat' dir='ltr'>XIII</span> <span class='ocrx_word' id='word_1_120' title='bbox 1492 3189 1525 3236; x_wconf 88' lang='lat'>8</span> <span class='ocrx_word' id='word_1_121' title='bbox 1562 3188 1785 3237; x_wconf 79' lang='lat' dir='ltr'><strong>‘eximie</strong></span> <span class='ocrx_word' id='word_1_122' title='bbox 1822 3187 1924 3235; x_wconf 83' lang='lat' dir='ltr'><strong>hoe</strong></span> <span class='ocrx_word' id='word_1_123' title='bbox 1950 3191 2115 3248; x_wconf 79' lang='lat' dir='ltr'><strong>atque</strong></span> <span class='ocrx_word' id='word_1_124' title='bbox 2138 3185 2433 3235; x_wconf 80' lang='lat' dir='ltr'><strong>&#39;uerissime</strong></span> <span class='ocrx_word' id='word_1_125' title='bbox 2461 3184 2719 3235; x_wconf 83' lang='lat' dir='ltr'><strong>Afranius</strong></span> <span class='ocrx_word' id='word_1_126' title='bbox 2758 3191 2918 3251; x_wconf 72' lang='lat' dir='ltr'><strong>poeta</strong></span> 
     </span>
     <span class='ocr_line' id='line_1_28' title="bbox 627 3251 2916 3319; baseline 0.001 -20"><span class='ocrx_word' id='word_1_127' title='bbox 627 3251 696 3300; x_wconf 91' lang='lat' dir='ltr'><strong>de</strong></span> <span class='ocrx_word' id='word_1_128' title='bbox 742 3252 1023 3316; x_wconf 82' lang='lat' dir='ltr'><strong>gignenda</strong></span> <span class='ocrx_word' id='word_1_129' title='bbox 1067 3254 1547 3318; x_wconf 78' lang='lat' dir='ltr'><strong>comparandaque</strong></span> <span class='ocrx_word' id='word_1_130' title='bbox 1594 3256 1871 3319; x_wconf 76' lang='lat' dir='ltr'><strong>sapientia</strong></span> <span class='ocrx_word' id='word_1_131' title='bbox 1919 3255 2204 3319; x_wconf 76' lang='lat' dir='ltr'><strong>opinatus,</strong></span> <span class='ocrx_word' id='word_1_132' title='bbox 2251 3252 2392 3317; x_wconf 89' lang='lat' dir='ltr'><strong>quod</strong></span> <span class='ocrx_word' id='word_1_133' title='bbox 2431 3268 2552 3302; x_wconf 81' lang='lat' dir='ltr'><strong>eam</strong></span> <span class='ocrx_word' id='word_1_134' title='bbox 2589 3253 2755 3302; x_wconf 81' lang='lat' dir='ltr'><strong>filiam</strong></span> <span class='ocrx_word' id='word_1_135' title='bbox 2797 3269 2916 3302; x_wconf 79' lang='lat' dir='ltr'><strong>esse</strong></span> 
     </span>
     <span class='ocr_line' id='line_1_29' title="bbox 627 3319 2917 3386; baseline 0 -19"><span class='ocrx_word' id='word_1_136' title='bbox 627 3320 771 3368; x_wconf 80' lang='lat' dir='ltr'><strong>Vsus</strong></span> <span class='ocrx_word' id='word_1_137' title='bbox 819 3324 876 3368; x_wconf 75' lang='lat' dir='ltr'><strong>et</strong></span> <span class='ocrx_word' id='word_1_138' title='bbox 922 3320 1220 3369; x_wconf 80' lang='lat' dir='ltr'><strong>Memoriae</strong></span> <span class='ocrx_word' id='word_1_139' title='bbox 1266 3320 1759 3371; x_wconf 81' lang='lat' dir='ltr'><strong>dixit....uersus</strong></span> <span class='ocrx_word' id='word_1_140' title='bbox 1804 3322 2019 3371; x_wconf 80' lang='lat' dir='ltr'><strong>Afranii</strong></span> <span class='ocrx_word' id='word_1_141' title='bbox 2065 3327 2194 3372; x_wconf 82' lang='lat' dir='ltr'><strong>suut</strong></span> <span class='ocrx_word' id='word_1_142' title='bbox 2243 3322 2297 3369; x_wconf 87' lang='lat' dir='ltr'><strong>in</strong></span> <span class='ocrx_word' id='word_1_143' title='bbox 2346 3326 2561 3386; x_wconf 80' lang='lat' dir='ltr'><strong>togata,</strong></span> <span class='ocrx_word' id='word_1_144' title='bbox 2611 3319 2917 3371; x_wconf 75' lang='lat' dir='ltr'><strong>&lt;misellae</strong></span> 
     </span>
     <span class='ocr_line' id='line_1_30' title="bbox 626 3388 2918 3453; baseline 0.001 -19"><span class='ocrx_word' id='word_1_145' title='bbox 626 3402 824 3435; x_wconf 87' lang='lat' dir='ltr'><strong>nomen</strong></span> <span class='ocrx_word' id='word_1_146' title='bbox 863 3394 977 3437; x_wconf 82' lang='lat' dir='ltr'><strong>est:</strong></span> <span class='ocrx_word' id='word_1_147' title='bbox 1019 3389 1160 3437; x_wconf 82' lang='lat' dir='ltr'><strong>Vsus</strong></span> <span class='ocrx_word' id='word_1_148' title='bbox 1196 3392 1305 3437; x_wconf 87' lang='lat' dir='ltr'><strong>me’</strong></span> <span class='ocrx_word' id='word_1_149' title='bbox 1343 3404 1390 3438; x_wconf 92' lang='lat' dir='ltr'><strong>e.</strong></span> <span class='ocrx_word' id='word_1_150' title='bbox 1431 3405 1478 3453; x_wconf 89' lang='lat' dir='ltr'><strong>q.</strong></span> <span class='ocrx_word' id='word_1_151' title='bbox 1528 3405 1573 3442; x_wconf 76' lang='lat' dir='ltr'><strong>s,</strong></span> <span class='ocrx_word' id='word_1_152' title='bbox 1646 3389 1734 3439; x_wconf 77' lang='lat' dir='ltr'><strong>Cf.</strong></span> <span class='ocrx_word' id='word_1_153' title='bbox 1782 3389 1971 3453; x_wconf 85' lang='lat' dir='ltr'><strong>adesp.</strong></span> <span class='ocrx_word' id='word_1_154' title='bbox 2011 3391 2035 3440; x_wconf 93' lang='lat'>1</span> <span class='ocrx_word' id='word_1_155' title='bbox 2242 3389 2298 3438; x_wconf 92' lang='lat'><strong>11</strong></span> <span class='ocrx_word' id='word_1_156' title='bbox 2335 3388 2646 3438; x_wconf 81' lang='lat' dir='ltr'><strong>Macrobius</strong></span> <span class='ocrx_word' id='word_1_157' title='bbox 2683 3388 2797 3437; x_wconf 80' lang='lat' dir='ltr'><strong>Sat.</strong></span> <span class='ocrx_word' id='word_1_158' title='bbox 2833 3388 2918 3437; x_wconf 87' lang='lat'><strong>111</strong></span> 
     </span>
     <span class='ocr_line' id='line_1_31' title="bbox 625 3454 2916 3522; baseline 0.002 -22"><span class='ocrx_word' id='word_1_159' title='bbox 625 3456 711 3515; x_wconf 80' lang='lat'><strong>20,</strong></span> <span class='ocrx_word' id='word_1_160' title='bbox 741 3457 773 3503; x_wconf 82' lang='lat'>4</span> <span class='ocrx_word' id='word_1_161' title='bbox 810 3454 884 3516; x_wconf 90' lang='lat'><strong>(11</strong></span> <span class='ocrx_word' id='word_1_162' title='bbox 915 3456 996 3516; x_wconf 82' lang='lat'><strong>16)</strong></span> <span class='ocrx_word' id='word_1_163' title='bbox 1037 3456 1188 3519; x_wconf 84' lang='lat' dir='ltr'><strong>‘quid</strong></span> <span class='ocrx_word' id='word_1_164' title='bbox 1230 3456 1371 3517; x_wconf 87' lang='lat' dir='ltr'><strong>quod</strong></span> <span class='ocrx_word' id='word_1_165' title='bbox 1401 3455 1556 3506; x_wconf 83' lang='lat' dir='ltr'><strong>ficum</strong></span> <span class='ocrx_word' id='word_1_166' title='bbox 1586 3462 1860 3521; x_wconf 80' lang='lat' dir='ltr'><strong>tamquam</strong></span> <span class='ocrx_word' id='word_1_167' title='bbox 1892 3473 1999 3506; x_wconf 87' lang='lat' dir='ltr'><strong>non</strong></span> <span class='ocrx_word' id='word_1_168' title='bbox 2028 3472 2243 3522; x_wconf 88' lang='lat' dir='ltr'><strong>pomum</strong></span> <span class='ocrx_word' id='word_1_169' title='bbox 2270 3456 2485 3506; x_wconf 81' lang='lat' dir='ltr'><strong>secerni</strong></span> <span class='ocrx_word' id='word_1_170' title='bbox 2514 3471 2546 3504; x_wconf 82' lang='lat' dir='ltr'><strong>a</strong></span> <span class='ocrx_word' id='word_1_171' title='bbox 2572 3457 2745 3519; x_wconf 84' lang='lat' dir='ltr'><strong>pomis</strong></span> <span class='ocrx_word' id='word_1_172' title='bbox 2772 3456 2916 3519; x_wconf 74' lang='lat' dir='ltr'><strong>apud</strong></span> 
     </span>
     <span class='ocr_line' id='line_1_32' title="bbox 625 3520 2915 3590; baseline 0 -20"><span class='ocrx_word' id='word_1_173' title='bbox 625 3520 852 3571; x_wconf 83' lang='lat' dir='ltr'><strong>idoneos</strong></span> <span class='ocrx_word' id='word_1_174' title='bbox 897 3524 1273 3587; x_wconf 78' lang='lat' dir='ltr'><strong>repperimus?</strong></span> <span class='ocrx_word' id='word_1_175' title='bbox 1345 3525 1609 3575; x_wconf 79' lang='lat' dir='ltr'><strong>Afranius</strong></span> <span class='ocrx_word' id='word_1_176' title='bbox 1654 3527 1711 3574; x_wconf 86' lang='lat' dir='ltr'><strong>in</strong></span> <span class='ocrx_word' id='word_1_177' title='bbox 1758 3524 1932 3574; x_wconf 85' lang='lat' dir='ltr'><strong>Sella:</strong></span> <span class='ocrx_word' id='word_1_178' title='bbox 1981 3527 2219 3590; x_wconf 86' lang='lat' dir='ltr'><strong>pomum’</strong></span> <span class='ocrx_word' id='word_1_179' title='bbox 2270 3540 2316 3573; x_wconf 87' lang='lat' dir='ltr'><strong>e.</strong></span> <span class='ocrx_word' id='word_1_180' title='bbox 2353 3540 2400 3587; x_wconf 89' lang='lat' dir='ltr'><strong>q.</strong></span> <span class='ocrx_word' id='word_1_181' title='bbox 2451 3540 2494 3574; x_wconf 84' lang='lat' dir='ltr'><strong>s.</strong></span> <span class='ocrx_word' id='word_1_182' title='bbox 2546 3521 2745 3587; x_wconf 78' lang='lat' dir='ltr'><strong>(selia</strong></span> <span class='ocrx_word' id='word_1_183' title='bbox 2790 3523 2915 3573; x_wconf 86' lang='lat' dir='ltr'><strong>Par.</strong></span> 
     </span>
     <span class='ocr_line' id='line_1_33' title="bbox 626 3587 1804 3649; baseline 0.003 -11"><span class='ocrx_word' id='word_1_184' title='bbox 626 3587 828 3638; x_wconf 84' lang='lat' dir='ltr'><strong>Salisb.</strong></span> <span class='ocrx_word' id='word_1_185' title='bbox 871 3590 1054 3640; x_wconf 74' lang='lat' dir='ltr'><strong>Vatie.</strong></span> <span class='ocrx_word' id='word_1_186' title='bbox 1093 3591 1237 3640; x_wconf 84' lang='lat' dir='ltr'><strong>Med.</strong></span> <span class='ocrx_word' id='word_1_187' title='bbox 1277 3592 1380 3641; x_wconf 85' lang='lat' dir='ltr'><strong>abe</strong></span> <span class='ocrx_word' id='word_1_188' title='bbox 1427 3591 1601 3641; x_wconf 81' lang='lat' dir='ltr'><strong>seila</strong></span> <span class='ocrx_word' id='word_1_189' title='bbox 1640 3593 1804 3649; x_wconf 82' lang='lat' dir='ltr'><strong>Gud.)</strong></span> 
     </span>
    </p>

    <p class='ocr_par' dir='ltr' id='par_1_15' title="bbox 625 3657 2917 3792">
     <span class='ocr_line' id='line_1_34' title="bbox 762 3657 2915 3723; baseline 0 -18"><span class='ocrx_word' id='word_1_190' title='bbox 762 3657 1050 3706; x_wconf 65' lang='lat' dir='ltr'><strong>vanms</strong></span> <span class='ocrx_word' id='word_1_191' title='bbox 1082 3658 1215 3708; x_wconf 59' lang='lat' dir='ltr'><strong>‘aeta</strong></span> <span class='ocrx_word' id='word_1_192' title='bbox 1255 3676 1305 3711; x_wconf 86' lang='lat' dir='ltr'><strong>a.</strong></span> <span class='ocrx_word' id='word_1_193' title='bbox 1341 3662 1441 3710; x_wconf 81' lang='lat'><strong>697</strong></span> <span class='ocrx_word' id='word_1_194' title='bbox 1479 3660 1684 3710; x_wconf 83' lang='lat' dir='ltr'><strong>eisdem</strong></span> <span class='ocrx_word' id='word_1_195' title='bbox 1722 3659 1867 3710; x_wconf 85' lang='lat' dir='ltr'><strong>ludis</strong></span> <span class='ocrx_word' id='word_1_196' title='bbox 1905 3661 2104 3723; x_wconf 85' lang='lat' dir='ltr'><strong>quibus</strong></span> <span class='ocrx_word' id='word_1_197' title='bbox 2132 3660 2278 3709; x_wconf 83' lang='lat' dir='ltr'><strong>Accii</strong></span> <span class='ocrx_word' id='word_1_198' title='bbox 2309 3660 2642 3723; x_wconf 82' lang='lat' dir='ltr'><strong>Eurysaees.</strong></span> <span class='ocrx_word' id='word_1_199' title='bbox 2747 3659 2771 3707; x_wconf 92' lang='lat'>1</span> <span class='ocrx_word' id='word_1_200' title='bbox 2810 3659 2915 3706; x_wconf 87' lang='lat' dir='ltr'><strong>No-</strong></span> 
     </span>
     <span class='ocr_line' id='line_1_35' title="bbox 625 3724 2917 3792; baseline -0 -18"><span class='ocrx_word' id='word_1_201' title='bbox 625 3725 748 3774; x_wconf 83' lang='lat' dir='ltr'><strong>nius</strong></span> <span class='ocrx_word' id='word_1_202' title='bbox 774 3729 892 3787; x_wconf 84' lang='lat'>511,</span> <span class='ocrx_word' id='word_1_203' title='bbox 920 3728 949 3774; x_wconf 82' lang='lat'>7</span> <span class='ocrx_word' id='word_1_204' title='bbox 989 3729 1322 3777; x_wconf 81' lang='lat' dir='ltr'><strong>‘saeuiter</strong></span> <span class='ocrx_word' id='word_1_205' title='bbox 1359 3744 1455 3792; x_wconf 87' lang='lat' dir='ltr'><strong>pro</strong></span> <span class='ocrx_word' id='word_1_206' title='bbox 1493 3743 1687 3777; x_wconf 81' lang='lat' dir='ltr'><strong>saeue.</strong></span> <span class='ocrx_word' id='word_1_207' title='bbox 1710 3765 1721 3775; x_wconf 92' lang='lat'><strong>.</strong></span> <span class='ocrx_word' id='word_1_208' title='bbox 1745 3728 2034 3779; x_wconf 78' lang='lat' dir='ltr'><strong>.Afranius</strong></span> <span class='ocrx_word' id='word_1_209' title='bbox 2060 3727 2393 3776; x_wconf 80' lang='lat' dir='ltr'><strong>Simulante:</strong></span> <span class='ocrx_word' id='word_1_210' title='bbox 2432 3724 2692 3776; x_wconf 79' lang='lat' dir='ltr'><strong>saeuiter’</strong></span> <span class='ocrx_word' id='word_1_211' title='bbox 2722 3742 2767 3774; x_wconf 87' lang='lat' dir='ltr'><strong>e.</strong></span> <span class='ocrx_word' id='word_1_212' title='bbox 2797 3742 2847 3789; x_wconf 88' lang='lat' dir='ltr'><strong>q.</strong></span> <span class='ocrx_word' id='word_1_213' title='bbox 2876 3741 2917 3773; x_wconf 79' lang='lat' dir='ltr'><strong>s,</strong></span> 
     </span>
    </p>

    <p class='ocr_par' dir='ltr' id='par_1_16' title="bbox 761 3793 2916 3857">
     <span class='ocr_line' id='line_1_36' title="bbox 761 3793 2916 3857; baseline -0 -13"><span class='ocrx_word' id='word_1_214' title='bbox 761 3794 815 3844; x_wconf 92' lang='lat'><strong>11</strong></span> <span class='ocrx_word' id='word_1_215' title='bbox 852 3794 1060 3844; x_wconf 87' lang='lat' dir='ltr'><strong>Nonius</strong></span> <span class='ocrx_word' id='word_1_216' title='bbox 1096 3797 1222 3857; x_wconf 77' lang='lat'>496,</span> <span class='ocrx_word' id='word_1_217' title='bbox 1260 3797 1323 3846; x_wconf 75' lang='lat'><strong>2⁷</strong></span> <span class='ocrx_word' id='word_1_218' title='bbox 1362 3800 1507 3845; x_wconf 77' lang='lat' dir='ltr'><strong>‘cum</strong></span> <span class='ocrx_word' id='word_1_219' title='bbox 1547 3798 1644 3845; x_wconf 81' lang='lat' dir='ltr'><strong>sit:</strong></span> <span class='ocrx_word' id='word_1_220' title='bbox 1691 3802 1968 3846; x_wconf 75' lang='lat' dir='ltr'><strong>uer-etur</strong></span> <span class='ocrx_word' id='word_1_221' title='bbox 1998 3794 2165 3845; x_wconf 74' lang='lat' dir='ltr'><strong>&#39;illam</strong></span> <span class='ocrx_word' id='word_1_222' title='bbox 2204 3793 2713 3845; x_wconf 81' lang='lat' dir='ltr'><strong>rem...ueteribus</strong></span> <span class='ocrx_word' id='word_1_223' title='bbox 2750 3808 2916 3857; x_wconf 82' lang='lat' dir='ltr'><strong>geue-</strong></span> 
     </span>
    </p>
   </div>
   <div class='ocr_carea' id='block_1_14' title="bbox 629 3910 1055 3917">
    <p class='ocr_par' dir='ltr' id='par_1_17' title="bbox 629 3910 1055 3917">
     <span class='ocr_line' id='line_1_37' title="bbox 629 3910 1055 3917; baseline 0 1158"><span class='ocrx_word' id='word_1_224' title='bbox 629 3910 1055 3917; x_wconf 95' lang='lat' dir='ltr'><strong> </strong></span> 
     </span>
    </p>
   </div>
   <div class='ocr_carea' id='block_1_15' title="bbox 611 3972 2917 4473">
    <p class='ocr_par' dir='ltr' id='par_1_18' title="bbox 611 3972 2917 4473">
     <span class='ocr_line' id='line_1_38' title="bbox 623 3972 2917 4046; baseline -0.001 -15"><span class='ocrx_word' id='word_1_225' title='bbox 623 3976 946 4031; x_wconf 78' lang='lat' dir='ltr'><strong>Muellerus</strong></span> <span class='ocrx_word' id='word_1_226' title='bbox 996 3977 1228 4046; x_wconf 79' lang='lat' dir='ltr'><strong>prosod.</strong></span> <span class='ocrx_word' id='word_1_227' title='bbox 1291 3975 1479 4031; x_wconf 79' lang='lat' dir='ltr'><strong>Plane.</strong></span> <span class='ocrx_word' id='word_1_228' title='bbox 1526 3973 1647 4030; x_wconf 88' lang='grc'><strong>467</strong></span> <span class='ocrx_word' id='word_1_229' title='bbox 1709 3975 1995 4046; x_wconf 75' lang='lat' dir='ltr'><strong>refutauit</strong></span> <span class='ocrx_word' id='word_1_230' title='bbox 2196 3972 2316 4031; x_wconf 81' lang='lat'><strong>298</strong></span> <span class='ocrx_word' id='word_1_231' title='bbox 2365 3981 2534 4028; x_wconf 80' lang='lat' dir='ltr'><strong>mater</strong></span> <span class='ocrx_word' id='word_1_232' title='bbox 2578 3989 2661 4028; x_wconf 85' lang='lat' dir='ltr'><strong>me</strong></span> <span class='ocrx_word' id='word_1_233' title='bbox 2706 3974 2917 4045; x_wconf 71' lang='lat' dir='ltr'><strong>peperit</strong></span> 
     </span>
     <span class='ocr_line' id='line_1_39' title="bbox 624 4054 2913 4134; baseline -0.002 -20"><span class='ocrx_word' id='word_1_234' title='bbox 624 4059 831 4115; x_wconf 79' lang='lat' dir='ltr'><strong>Petau.</strong></span> <span class='ocrx_word' id='word_1_235' title='bbox 1005 4059 1126 4116; x_wconf 83' lang='lat'><strong>299</strong></span> <span class='ocrx_word' id='word_1_236' title='bbox 1178 4054 1459 4134; x_wconf 78' lang='lat' dir='ltr'><strong>Sophiam]</strong></span> <span class='ocrx_word' id='word_1_237' title='bbox 1521 4060 1600 4131; x_wconf 79' lang='lat' dir='ltr'><strong>cs.</strong></span> <span class='ocrx_word' id='word_1_238' title='bbox 1660 4060 1886 4116; x_wconf 80' lang='lat' dir='ltr'><strong>Seneca</strong></span> <span class='ocrx_word' id='word_1_239' title='bbox 1945 4064 2108 4130; x_wconf 80' lang='lat' dir='ltr'><strong>epist.</strong></span> <span class='ocrx_word' id='word_1_240' title='bbox 2158 4060 2271 4128; x_wconf 83' lang='lat'><strong>89,</strong></span> <span class='ocrx_word' id='word_1_241' title='bbox 2320 4058 2355 4115; x_wconf 83' lang='lat'><strong>7</strong></span> <span class='ocrx_word' id='word_1_242' title='bbox 2529 4057 2649 4112; x_wconf 77' lang='lat' dir='ltr'><strong>Grai</strong></span> <span class='ocrx_word' id='word_1_243' title='bbox 2708 4058 2913 4113; x_wconf 79' lang='lat' dir='ltr'><strong>Petau.</strong></span> 
     </span>
     <span class='ocr_line' id='line_1_40' title="bbox 625 4141 2914 4217; baseline -0.003 -17"><span class='ocrx_word' id='word_1_244' title='bbox 625 4145 766 4217; x_wconf 74' lang='lat' dir='ltr'><strong>Req.</strong></span> <span class='ocrx_word' id='word_1_245' title='bbox 813 4143 952 4198; x_wconf 78' lang='lat' dir='ltr'><strong>Graii</strong></span> <span class='ocrx_word' id='word_1_246' title='bbox 1014 4146 1198 4217; x_wconf 50' lang='lat' dir='ltr'><strong>teulyo‘</strong></span> <span class='ocrx_word' id='word_1_247' title='bbox 1355 4144 1478 4201; x_wconf 86' lang='lat'><strong>300</strong></span> <span class='ocrx_word' id='word_1_248' title='bbox 1516 4148 1710 4214; x_wconf 80' lang='lat' dir='ltr'><strong>possis</strong></span> <span class='ocrx_word' id='word_1_249' title='bbox 1768 4148 2147 4217; x_wconf 62' lang='lat' dir='ltr'><strong>amantiores</strong></span> <span class='ocrx_word' id='word_1_250' title='bbox 2201 4147 2370 4199; x_wconf 79' lang='lat' dir='ltr'><strong>etiam</strong></span> <span class='ocrx_word' id='word_1_251' title='bbox 2424 4141 2641 4197; x_wconf 83' lang='lat' dir='ltr'><strong>iambos</strong></span> <span class='ocrx_word' id='word_1_252' title='bbox 2696 4157 2914 4214; x_wconf 84' lang='lat' dir='ltr'><strong>pomum</strong></span> 
     </span>
     <span class='ocr_line' id='line_1_41' title="bbox 624 4225 2912 4300; baseline -0.002 -17"><span class='ocrx_word' id='word_1_253' title='bbox 624 4227 781 4283; x_wconf 75' lang='lat' dir='ltr'><strong>holus</strong></span> <span class='ocrx_word' id='word_1_254' title='bbox 816 4227 850 4282; x_wconf 79' lang='lat' dir='ltr'><strong>f.</strong></span> <span class='ocrx_word' id='word_1_255' title='bbox 888 4245 937 4283; x_wconf 91' lang='lat' dir='ltr'><strong>u.</strong></span> <span class='ocrx_word' id='word_1_256' title='bbox 972 4232 1162 4284; x_wconf 79' lang='lat' dir='ltr'><strong>metiri</strong></span> <span class='ocrx_word' id='word_1_257' title='bbox 1329 4228 1442 4286; x_wconf 88' lang='lat'><strong>301</strong></span> <span class='ocrx_word' id='word_1_258' title='bbox 1495 4228 1688 4284; x_wconf 77' lang='lat' dir='ltr'><strong>simnia</strong></span> <span class='ocrx_word' id='word_1_259' title='bbox 1721 4229 2048 4285; x_wconf 79' lang='lat' dir='ltr'><strong>Gulielmius</strong></span> <span class='ocrx_word' id='word_1_260' title='bbox 2091 4234 2315 4300; x_wconf 78' lang='lat' dir='ltr'><strong>quaest,</strong></span> <span class='ocrx_word' id='word_1_261' title='bbox 2358 4227 2550 4282; x_wconf 71' lang='lat' dir='ltr'><strong>Plani.</strong></span> <span class='ocrx_word' id='word_1_262' title='bbox 2599 4229 2656 4282; x_wconf 82' lang='lat' dir='ltr'><strong>in</strong></span> <span class='ocrx_word' id='word_1_263' title='bbox 2691 4225 2912 4280; x_wconf 76' lang='lat' dir='ltr'><strong>Bacch.</strong></span> 
     </span>
     <span class='ocr_line' id='line_1_42' title="bbox 625 4310 2917 4383; baseline -0.002 -16"><span class='ocrx_word' id='word_1_264' title='bbox 625 4328 677 4367; x_wconf 89' lang='lat' dir='ltr'><strong>c.</strong></span> <span class='ocrx_word' id='word_1_265' title='bbox 710 4311 747 4367; x_wconf 84' lang='lat'>5</span> <span class='ocrx_word' id='word_1_266' title='bbox 792 4312 953 4367; x_wconf 85' lang='lat' dir='ltr'><strong>simul</strong></span> <span class='ocrx_word' id='word_1_267' title='bbox 994 4314 1132 4369; x_wconf 77' lang='lat' dir='ltr'><strong>libri</strong></span> <span class='ocrx_word' id='word_1_268' title='bbox 1300 4313 1421 4370; x_wconf 87' lang='grc'><strong>303</strong></span> <span class='ocrx_word' id='word_1_269' title='bbox 1468 4313 1527 4368; x_wconf 76' lang='lat' dir='ltr'><strong>ea</strong></span> <span class='ocrx_word' id='word_1_270' title='bbox 1576 4315 1654 4367; x_wconf 81' lang='lat' dir='ltr'><strong>tui</strong></span> <span class='ocrx_word' id='word_1_271' title='bbox 1690 4322 1941 4383; x_wconf 67' lang='lat' dir='ltr'><strong>ureretur,</strong></span> <span class='ocrx_word' id='word_1_272' title='bbox 1988 4319 2050 4367; x_wconf 80' lang='lat' dir='ltr'><strong>ut</strong></span> <span class='ocrx_word' id='word_1_273' title='bbox 2080 4316 2448 4382; x_wconf 79' lang='lat' dir='ltr'><strong>septenarius</strong></span> <span class='ocrx_word' id='word_1_274' title='bbox 2478 4313 2606 4383; x_wconf 82' lang='lat' dir='ltr'><em>fiat,</em></span> <span class='ocrx_word' id='word_1_275' title='bbox 2656 4310 2917 4365; x_wconf 78' lang='lat' dir='ltr'><strong>Bueche-</strong></span> 
     </span>
     <span class='ocr_line' id='line_1_43' title="bbox 611 4393 2911 4473; baseline -0.002 -20"><span class='ocrx_word' id='word_1_276' title='bbox 611 4399 811 4453; x_wconf 69' lang='grc' dir='ltr'><strong>Ἰσνιιει</strong></span> <span class='ocrx_word' id='word_1_277' title='bbox 857 4398 971 4470; x_wconf 79' lang='lat' dir='ltr'><strong>ipse</strong></span> <span class='ocrx_word' id='word_1_278' title='bbox 1019 4406 1076 4451; x_wconf 74' lang='lat' dir='ltr'><strong>ut</strong></span> <span class='ocrx_word' id='word_1_279' title='bbox 1123 4402 1198 4452; x_wconf 77' lang='lat' dir='ltr'><strong>[ui</strong></span> <span class='ocrx_word' id='word_1_280' title='bbox 1259 4413 1310 4452; x_wconf 90' lang='lat' dir='ltr'><strong>u.</strong></span> <span class='ocrx_word' id='word_1_281' title='bbox 1359 4398 1737 4471; x_wconf 68' lang='lat' dir='ltr'><strong>praeferrem</strong></span> <span class='ocrx_word' id='word_1_282' title='bbox 1911 4406 2062 4473; x_wconf 76' lang='lat' dir='ltr'><strong>pater</strong></span> <span class='ocrx_word' id='word_1_283' title='bbox 2105 4396 2415 4455; x_wconf 80' lang='lat' dir='ltr'><strong>Mercerus</strong></span> <span class='ocrx_word' id='word_1_284' title='bbox 2469 4403 2653 4469; x_wconf 76' lang='lat' dir='ltr'><strong>petere</strong></span> <span class='ocrx_word' id='word_1_285' title='bbox 2710 4393 2911 4449; x_wconf 80' lang='lat' dir='ltr'><strong>Bamb.</strong></span> 
     </span>
    </p>
   </div>
   <div class='ocr_carea' id='block_1_16' title="bbox 2956 4119 2968 4146">
    <p class='ocr_par' dir='ltr' id='par_1_19' title="bbox 2956 4119 2968 4146">
     <span class='ocr_line' id='line_1_44' title="bbox 2956 4119 2968 4146; baseline 0 0"><span class='ocrx_word' id='word_1_286' title='bbox 2956 4119 2968 4146; x_wconf 79' lang='grc' dir='ltr'>Ι</span> 
     </span>
    </p>
   </div>
  </div>
 </body>
</html>
