3400 5075
1200 328 1480 380 SEXTVS
1515 327 1899 378 TVRPILIVS
2588 324 2672 387 95

1404 482 1497 546 IV
1546 480 1646 567 (1)

559 599 1002 682 Rhodiensist‚
1049 599 1158 663 sed
1204 599 1371 662 istuc
1417 598 1851 681 c6nmigrauit
1896 597 2023 660 isim
2072 597 2197 661 diu.

1499 712 1559 776 V

430 831 515 896 80
561 829 737 893 Nam
788 827 941 912 quid
988 828 1135 893 illoc
1184 827 1444 892 homine
1492 824 1658 891 uiuit
1706 826 2172 892 confidentius?

1404 941 1499 1006 VI
1547 938 1649 1027 (5)

561 1059 880 1124 Hortatur
924 1059 1279 1142 hominem,
1326 1059 1519 1140 quzim
1566 1057 1844 1140 primum
1896 1053 2013 1142 [ut]
2064 1055 2512 1139 proficisceret.

1387 1171 1518 1236 VH
1567 1168 1667 1257 (3)

1411 1287 1514 1350 hic
1561 1283 1792 1350 ufficor
1837 1291 1986 1349 ante
2032 1287 2283 1369 urbem,

564 1392 754 1457 Nunc
800 1398 910 1457 riis
956 1415 1049 1458 eo.

1378 1480 1540 1545 vm
1587 1479 1689 1566 (6)

566 1595 869 1660 Simulziri
917 1620 1017 1660 me
1064 1620 1103 1660 a
1150 1620 1216 1661 se
1265 1597 1468 1661 amziri
1514 1597 1764 1679 quaesti
1811 1597 2020 1679 gratia

1404 1711 1497 1775 IX
1548 1708 1649 1797 (4)

439 1817 523 1880 85
573 1868 1333 1882 ........
1423 1839 1628 1882 meres
1638 1868 1657 1902 ,
1703 1818 1931 1882 merito
1978 1820 2051 1880 ut
2099 1817 2365 1900 diligire

1426 1931 1486 1995 x
1535 1929 1635 2018 (7)

563 2044 742 2110 Haeo
771 2046 823 2109 si
863 2044 1117 2130 inpetro
1149 2047 1263 2110 abs
1309 2052 1373 2111 te
1419 2047 1608 2112 fficile
1656 2050 1729 2110 ut
1773 2047 1999 2129 faciae,
2048 2048 2205 2111 szitis
2253 2047 2441 2111 fructi
2490 2070 2566 2111 ex
2612 2053 2675 2112 te

1688 2163 1932 2246 ceperO.

390 2337 438 2369 e.
478 2335 527 2384 q.
566 2335 610 2371 s.
813 2321 888 2370 IV
928 2320 1134 2370 Nonius
1175 2322 1299 2379 127,
1340 2322 1457 2368 11*ι
1469 2319 1724 2369 iamdiu
1753 2337 1865 2401 pro
1912 2321 2056 2370 olim.
2127 2319 2406 2385 Turpilius
2445 2322 2678 2371 Uetera.

386 2386 740 2438 Rhodiensis’
779 2404 826 2437 e.
866 2403 916 2450 q.
955 2403 996 2437 s.
1171 2388 1215 2436 V
1252 2387 1459 2437 Nonius
1495 2390 1618 2443 ‘262
1662 2391 1723 2438 13
1753 2382 2214 2438 confidentia
2262 2404 2469 2437 rursum
2510 2394 2678 2437 teme-

388 2456 551 2512 ritas,
590 2456 825 2504 audacia
862 2496 874 2507 .
898 2455 1266 2519 ..Turpilius
1304 2454 1623 2504 Leucadia.
1690 2455 1874 2505 ,idem
1911 2456 2239 2506 Hetaera.
2279 2445 2418 2504 nam’
2461 2471 2506 2505 e.
2546 2473 2594 2520 q.
2635 2471 2680 2505 s,

388 2519 498 2587 (sic
548 2522 799 2573 Bothius.
873 2522 1269 2573 beten-anam
1308 2520 1515 2573 Geneu.
1558 2525 1611 2572 in
1657 2539 1762 2587 mg.
1801 2524 2237 2574 heterentius
2275 2522 2432 2573 Leid.
2473 2522 2683 2574 Geneu.

388 2592 756 2640 Terentius
805 2593 978 2640 ceteri
1027 2591 1180 2650 libri)
1386 2590 1461 2639 VI
1500 2592 1713 2640 Nonius
1748 2594 1875 2643 470.
1915 2594 1980 2642 34
2025 2591 2536 2655 ‘proficisceret
2583 2609 2680 2657 pro

387 2656 847 2722 proficisceretur.
919 2658 1202 2723 Turpilius
1239 2657 1567 2707 Hethera·
1606 2652 1872 2709 hortatur’
1912 2675 1959 2707 e.
1989 2675 2037 2722 q.
2076 2674 2120 2708 s.
2163 2658 2421 2720 (ethera
2459 2659 2680 2722 Bamb)

523 2727 627 2775 VH
664 2726 874 2775 Nonius
915 2727 1037 2786 186,
1076 2728 1108 2776 8
1153 2724 1465 2774 ‘uilieari
1511 2731 1595 2775 est
1640 2726 1896 2776 rusticari
1944 2725 2034 2775 uel
2078 2725 2247 2776 uillae
2295 2742 2552 2790 praeesse
2589 2763 2639 2778 ..
2671 2766 2681 2776 .

388 2792 666 2857 Turpilius
702 2795 1037 2841 Paraterusa
1073 2831 1085 2842 .
1113 2827 1126 2841 .
1152 2830 1165 2842 .
1204 2792 1347 2841 idem
1386 2793 1665 2842 Hetera:
1706 2784 1810 2842 hie’
1850 2810 1896 2847 e
1936 2807 1985 2856 q.
2028 2809 2068 2843 s.
2130 2793 2347 2855 (etera
2382 2795 2475 2856 W)

390 2860 523 2910 VIII
560 2860 770 2909 Nonius
805 2861 921 2919 483,
971 2862 1038 2909 26
1084 2861 1373 2924 ‘quaesti
1423 2860 1514 2909 uel
1563 2862 1849 2924 quaestuis
1896 2860 2102 2909 dietum
2149 2877 2245 2924 pro
2293 2868 2592 2925 quaestus
2625 2900 2679 2910 ..

389 2928 668 2990 Turpilius
714 2928 1009 2991 Demiurgo
1044 2968 1058 2980 .
1088 2968 1099 2979 .
1139 2970 1149 2980 .
1186 2927 1327 2977 idem
1374 2928 1699 2980 Aethera:
1749 2928 2021 2978 simulari’
2068 2943 2112 2980 e.
2151 2942 2204 2991 q.
2244 2943 2287 2977 s,
2359 2929 2683 2990 (Hetaera

391 2995 477 3046 ed.
529 2992 679 3058 1526)
884 2993 962 3042 IX
1004 2995 1215 3045 Nonius
1257 2997 1385 3056 468,
1437 2998 1497 3045 19
1546 2999 1787 3045 ‘meret
1832 3010 1929 3061 pro
1978 3001 2215 3045 meretur
2253 3036 2265 3048 .
2303 3031 2315 3044 .
2354 3032 2366 3044 .
2403 2995 2683 3060 Turpilius

394 3063 719 3126 Filopatm.
751 3098 763 3110 .
793 3061 967 3111 .idem
1005 3062 1243 3112 Hetera:
1281 3067 1474 3112 meret’
1513 3078 1559 3112 e.
1599 3079 1649 3126 q.
1691 3077 1732 3113 8.
1889 3065 1936 3113 X
1976 3064 2186 3113 Nonius
2221 3065 2339 3124 491,
2378 3065 2406 3113 7
2446 3064 2684 3112 ‘fructi

391 3129 484 3179 uel
522 3130 756 3179 fructuis
791 3144 887 3193 pro
926 3130 1154 3179 fruetus.
1227 3129 1505 3194 Turpilius
1543 3129 1821 3180 Caueforo
1861 3168 1873 3178 .
1898 3168 1908 3179 .
1933 3170 1944 3182 .
1973 3130 2113 3181 idem
2149 3130 2483 3180 Hethera:
2521 3129 2680 3179 haec'

570 3307 647 3363 79
695 3306 1041 3362 Rhodiensist
1088 3306 1293 3363 Carrio
1339 3308 1576 3362 Emend.
1625 3307 1660 3363 1
1703 3305 1739 3361 2
1797 3307 2116 3364 Rhodiensis
2162 3318 2245 3364 est
2300 3309 2435 3364 libri
2589 3307 2686 3362 sed

395 3411 503 3449 om.
543 3390 747 3448 Carrio
921 3391 1003 3448 80
1048 3408 1166 3446 nam
1201 3391 1327 3464 quid
1360 3390 1488 3446 illoc
1517 3395 1733 3463 scripsi
1776 3387 1933 3467 [item
1980 3391 2106 3464 quid
2138 3392 2266 3447 illoc
2295 3394 2454 3447 nulla
2487 3399 2688 3448 notata

393 3480 670 3534 librorum
716 3478 1114 3548 discrepantia
1148 3476 1551 3544 Quirheratius
1596 3471 1795 3550 edidit]
1829 3492 1947 3531 nam
1981 3477 2071 3549 qui
2104 3476 2197 3531 illo
2226 3477 2362 3532 libri
2474 3484 2690 3530 nemost

397 3563 490 3633 qui
537 3561 630 3616 illo
680 3561 1049 3632 Grautoffius
1102 3564 1328 3617 soloece
1377 3554 1525 3635 [nam
1584 3562 1675 3632 qui
1721 3559 1849 3615 illoc
1906 3561 2120 3615 homine
2166 3563 2259 3616 uel
2314 3559 2407 3614 illo
2454 3560 2686 3615 homone

400 3646 686 3718 Berylcius
730 3648 950 3701 annali.
992 3646 1210 3716 philon.
1247 3644 1410 3701 1870
1444 3661 1508 3715 p.
1541 3639 1693 3719 827]
1870 3644 1947 3701 81
1999 3651 2057 3699 ut
2102 3645 2358 3710 Bothum,
2406 3661 2510 3699 om.
2554 3645 2690 3699 libri

567 3727 855 3803 proficeret
902 3729 1103 3785 Bamb.
1280 3728 1358 3786 82
1406 3728 1493 3784 hic
1552 3729 1622 3782 W
1663 3729 1790 3784 huic
1834 3733 2014 3785 ceteri
2050 3731 2186 3785 libri
2201 3754 2216 3783 .-
2260 3747 2338 3785 an
2382 3727 2560 3783 nunc?

396 3814 506 3870 illic
535 3822 659 3870 ante
692 3811 879 3868 urbem
912 3813 1143 3885 uillicor,
1176 3831 1319 3869 nunc
1351 3812 1594 3869 Botlzias
1766 3813 1845 3870 84
1893 3813 2164 3869 simulauit
2194 3830 2277 3868 me
2323 3830 2350 3868 a
2380 3829 2439 3867 se
2468 3813 2687 3882 Iunius,

393 3899 537 3969 sort.
584 3907 745 3953 recte
788 3898 1003 3953 simulat
1049 3915 1130 3953 me
1176 3915 1204 3952 a
1248 3914 1369 3953 sese
1417 3896 1622 3954 Carrio
1668 3898 1908 3955 Emend.
1939 3899 1977 3953 I
2018 3897 2054 3952 2
2103 3897 2352 3953 simulare
2398 3913 2482 3954 me
2527 3914 2587 3952 ac
2629 3913 2689 3952 se

400 3983 644 4038 Bolhius
689 3981 725 4037 2
772 3983 1045 4039 simulauit
1090 3999 1149 4038 ea
1194 3999 1251 4038 se
1299 3981 1669 4053 Grautoffius
1924 3981 2002 4038 85
2051 3999 2224 4038 meres
2278 3982 2485 4038 Iunius
2527 3980 2691 4054 (pyr-

397 4067 613 4122 rickice
657 4065 1015 4135 metiendum)
1061 4076 1233 4122 meret
1275 4067 1410 4122 libri
1451 4081 1596 4121 mere
1643 4068 1739 4121 uel
1782 4075 1989 4122 mereto
2034 4069 2382 4138 praeplacet
2427 4066 2690 4122 Bueche-

398 4151 519 4206 lero
692 4150 981 4207 Sermonis
1026 4154 1349 4222 exemplum
1399 4150 1644 4221 praebet
1693 4150 1995 4207 Terentius
2048 4153 2173 4208 hec.
2224 4151 2348 4208 580
2521 4150 2693 4207 Nolui

398 4251 601 4305 mereS,
650 4233 841 4290 Merito
872 4236 1204 4307 dirumpere
1236 4250 1409 4290 uersu
1442 4242 1502 4289 ut
1534 4236 1663 4290 olim
1688 4233 1975 4305 feceram.
2137 4234 2216 4291 87
2261 4235 2420 4290 haece
2451 4233 2512 4288 L.
2545 4235 2689 4291 Mul·

395 4321 487 4374 ler
531 4321 600 4375 de
647 4334 712 4373 re
758 4337 829 4373 m.
876 4318 998 4374 442
1047 4321 1352 4375 trochaeos
1395 4321 1683 4375 dimensas
1840 4319 2199 4390 impetrauero
2247 4317 2606 4391 Graatoffius
