3400 5075
1431 253 1495 311 L.
1532 249 1898 312 AFRANIVS
2691 251 2816 325 221

1565 415 1787 482 XXVI

701 530 955 600 Nonius
1012 557 1073 618 p.
1138 533 1296 618 557,
1358 534 1438 598 14
1504 534 1573 598 in
1637 538 1922 601 extremo
1986 533 2180 618 libro,
2246 534 2316 599 in
2379 535 2608 620 capitis
2662 534 2819 600 XIX

525 651 626 714 ‘de
690 650 1196 735 propinquitate'
1263 648 1436 713 exitu
1510 652 1660 733 post
1733 651 2051 735 explicata
2123 652 2439 715 uocabula
2504 655 2815 716 ‘caesares

524 765 831 850 agrippae
881 765 1180 849 uopiscus
1228 766 1369 850 glos
1416 765 1578 828 leuir
1623 765 1888 829 fratriae
1935 767 2188 831 amitini
2235 768 2543 851 patruelis
2590 790 2815 832 conso-

524 881 713 944 brini'
764 882 923 945 haec
970 881 1173 945 addit:
1221 882 1322 945 ‘de
1369 881 1601 966 quibus
1649 882 1942 966 exempla
1970 883 2176 946 multa
2220 887 2374 946 sunt
2416 883 2486 946 in
2532 883 2815 966 antiquis

523 995 892 1062 auctoribus
921 999 987 1060 et
1013 996 1287 1060 maxime
1316 997 1386 1059 in
1413 995 1686 1061 Afranio
1718 1000 1784 1060 et
1829 997 1985 1069 iuris
2041 998 2499 1062 uetustissimis
2546 998 2814 1082 scripto·

519 1113 740 1176 ribus?
833 1110 930 1178 Cf.
977 1111 1233 1176 Afranii
1280 1109 1694 1192 Consobrini,
1741 1111 2061 1199 Fratriae,
2117 1112 2529 1198 Materterae,
2575 1111 2815 1198 Mariti,

525 1227 874 1312 Priuignus
882 1279 900 1312 ,
948 1225 1212 1292 Sorores
1221 1278 1239 1310 ‚
1286 1226 1624 1312 Vopiscus,

1531 1343 1791 1410 XXVII

697 1458 941 1524 Marius
997 1458 1371 1524 Victorinus
1425 1483 1487 1544 p.
1545 1460 1721 1523 2524
1766 1459 1835 1524 P.
1896 1456 2057 1546 (105
2105 1458 2210 1545 G.)
2269 1460 2465 1545 ‘quod
2519 1483 2673 1526 uero
2731 1461 2813 1525 ad

520 1575 942 1658 clausulas,
988 1574 1053 1637 id
1101 1577 1200 1638 est
1244 1575 1605 1639 minuscula
1633 1576 1802 1660 cola,
1848 1576 2153 1660 pertinet,
2201 1580 2360 1659 quot
2406 1596 2643 1660 genera
2670 1598 2809 1640 uer-

521 1712 706 1753 suum
735 1693 912 1774 sunt,
955 1689 1226 1753 totidem
1255 1712 1476 1755 eorum
1503 1691 1793 1755 membra
1836 1713 1953 1775 pro
1984 1691 2287 1755 clausulis
2333 1691 2490 1775 poni
2517 1697 2810 1776 possunt,

522 1810 587 1869 et
650 1806 862 1869 solent
923 1805 990 1868 in
1056 1805 1388 1869 canticis
1443 1806 1651 1890 magis
1709 1827 1903 1890 quam
1958 1806 2291 1890 diuerbiiS,
2348 1829 2510 1890 quae
2567 1830 2643 1871 ex
2696 1809 2810 1872 tri-

519 1925 724 1985 metro
772 1920 979 2003 magis
1027 1921 1412 2004 subsistunt,
1460 1922 1761 1987 collocari
1806 1927 1872 1986 et
1917 1922 2256 2005 praecipue
2303 1923 2473 2006 apud
2510 1922 2809 1987 Plautum

518 2039 584 2099 et
610 2034 930 2100 Naeuium
977 2041 1043 2100 et
1069 2036 1430 2101 Afranium.
1519 2059 1671 2100 nam
1720 2037 1788 2100 hi
1833 2037 2107 2101 maxime
2145 2059 2221 2100 ex
2269 2039 2569 2102 omnibus
2616 2060 2810 2101 mem-

517 2151 651 2216 bris
696 2173 1027 2237 uersuum,
1074 2152 1230 2218 colis
1278 2154 1360 2217 ab
1405 2152 1507 2216 his
1554 2152 1897 2237 separatiS,
1952 2153 2218 2217 licenter
2259 2153 2358 2217 usi
2405 2141 2811 2237 reperiuntur

519 2267 587 2330 in
634 2269 981 2332 clausulis?

1007 2381 1370 2449 INCERTI
1415 2381 1789 2449 NOMINIS
1836 2382 2319 2460 RELIQVIAE

1647 2499 1679 2564 I

696 2606 937 2673 Seneca
983 2607 1168 2692 epist.
1215 2608 1319 2691 89,
1368 2607 1403 2671 7
1455 2607 1801 2692 ‘sapientia
1846 2612 1970 2693 est,
2017 2630 2210 2691 quam
2239 2606 2467 2671 Graeci
2515 2609 2810 2690 σοφίαν

519 2728 772 2788 uocant.
862 2723 984 2788 hoc
1041 2724 1239 2787 uerbo
1295 2723 1574 2786 Romani
1629 2745 1883 2807 quoque
1939 2723 2313 2808 utebantur,
2374 2724 2540 2787 sicut
2602 2723 2808 2807 philo-

520 2839 749 2923 sophia
800 2861 974 2903 nunc
1029 2859 1282 2922 quoque
1338 2843 1652 2902 utuntur?
1691 2839 1862 2922 quod
1910 2841 1976 2902 et
2029 2842 2290 2923 togatae
2337 2840 2457 2902 tibi
2504 2839 2809 2923 antiquae

517 2955 889 3038 probabunt
941 2958 1006 3018 et
1059 2954 1405 3039 inscriptus
1461 2953 1786 3018 Dossenni
1841 2958 2262 3020 monumento
2328 2956 2598 3019 titulus?
2712 2953 2811 3019 Cf.

516 3069 829 3134 Afranius
876 3070 1026 3133 299.
1627 3157 1694 3221 Π

696 3272 957 3339 Seruius
1012 3274 1082 3337 in
1139 3272 1333 3358 Verg.
1389 3271 1550 3336 Aen.
1606 3272 1703 3338 XI
1764 3275 1889 3338 160
1947 3278 2221 3339 ‘ueteres
2288 3274 2460 3338 enim
2524 3272 2808 3369 uiuendo

517 3390 773 3454 uincere
838 3390 1140 3453 dicebant
1205 3388 1615 3473 superuiuere
1673 3439 1688 3454 .
1736 3439 1750 3452 .
1799 3439 1813 3453 .
1866 3411 2019 3452 nam
2084 3394 2150 3453 et
2212 3390 2281 3453 in
2343 3388 2585 3474 togatis
2650 3389 2805 3453 uic-

515 3507 752 3569 trices
800 3506 1236 3590 appellantur,
1283 3526 1445 3589 quae
1491 3504 1667 3569 uiros
1716 3503 2123 3568 extulerunt?

1607 3619 1712 3685 III

690 3734 988 3804 Donatus
1042 3736 1113 3801 in
1160 3736 1302 3801 Ter.
1355 3757 1498 3800 eun.
1554 3735 1586 3799 I
1648 3737 1712 3820 1,
1773 3737 1853 3800 12
1911 3739 2309 3800 ‘concessum
2364 3739 2463 3800 est
2527 3735 2595 3799 in
2667 3735 2803 3821 pal-

511 3852 669 3918 liata
713 3854 922 3937 poetis
970 3852 1228 3918 comicis
1276 3874 1496 3916 seruos
1544 3852 1825 3916 dominis
1855 3851 2276 3935 sapientiores
2324 3851 2585 3936 fingere,
2633 3852 2803 3935 quod

512 3969 681 4033 idem
729 3969 798 4032 in
843 3972 1070 4053 togata
1115 3989 1249 4032 non
1294 3967 1428 4032 fere
1474 3968 1664 4032 licet?

512 4162 621 4197 non
665 4138 984 4211 pertinent.’
1190 4143 1401 4198 XXVII
1447 4145 1803 4196 Scribendum
1854 4145 2094 4196 fortasse
2142 4160 2310 4210 quae
2360 4162 2436 4195 ex
2496 4146 2803 4195 trimetro

512 4214 903 4265 subsistunt
949 4212 1132 4263 deleto
1169 4214 1400 4279 magis.
1471 4214 1730 4264 Ceterum
1776 4215 1848 4266 cf.
1887 4229 2023 4267 mus,
2056 4212 2235 4263 Rhea.
2276 4212 2482 4265 XXVII
2523 4215 2616 4263 191

511 4285 815 4334 Praeterea
851 4280 1040 4331 uelut
1077 4280 1166 4331 uel
1205 4282 1324 4332 hoc
1364 4287 1464 4333 est
1501 4287 1630 4333 ante
1668 4281 1838 4333 colis
1877 4280 2059 4332 deleto
2110 4296 2185 4331 cx
2222 4281 2392 4331 inseri
2429 4281 2548 4332 uult
2584 4280 2803 4334 Keilius
