3400 5075
1112 193 1485 246 APPENDIX
1524 193 2095 247 snnTnn'ruiRvM
2616 192 2742 256 369

498 353 584 417 50
630 333 849 415 Minus
896 372 1090 434 quam
1136 351 1373 414 tacitus
1418 351 1617 415 laedit
1661 351 1959 416 inimicus
2006 351 2259 434 loquax.

397 471 402 476 ’
497 468 584 532 52
631 465 754 542 Qui
802 465 1146 530 confitetur
1192 463 1523 532 innocenti
1572 467 1949 550 proximust.
2639 486 2739 534 ⁷99

627 578 812 645 'Aliis
861 580 970 664 qui
1019 580 1182 644 male
1230 579 1482 665 dicunt,
1528 582 1651 666 ipsi
1697 582 1947 646 fziciunt
1992 582 2113 646 sibi
2162 579 2544 645 conuicium.
2639 602 2737 650 797

500 697 587 761 55
632 696 1001 760 Pulcrumst
1047 696 1136 759 nil
1185 697 1546 780 exigentem
1593 701 1922 780 praestare
1972 698 2206 760 omnia.
2638 716 2737 764 701

630 810 987 876 Commune
1034 812 1365 896 proprium
1413 812 1623 876 facere
1670 813 1803 877 litis
1852 811 2190 877 initiumst.
2472 905 2479 912 ·
2640 831 2740 878 798

498 928 583 992 58
630 926 1011 990 Inmeritum
1059 928 1308 991 nullum
1356 926 1612 1012 occide,
1647 949 1730 991 ne
1777 928 2106 992 inimicum
2154 928 2428 1012 quidem.

632 1041 839 1118 Quam
884 1039 1129 1106 inicum
1176 1042 1452 1108 odissest
1497 1041 1558 1107 si
1600 1065 1793 1128 quem
1840 1043 2139 1107 inmerito
2185 1043 2474 1108 laeseris!

453 1237 870 1288 PROVERBIA

589 1325 656 1373 50
691 1337 772 1386 sq.
809 1322 875 1371 de
910 1337 1041 1372 mor.
1078 1323 1143 1371 52
1181 1323 1339 1372 Vine.
1367 1322 1506 1372 Bell.
1545 1313 1714 1387 spfd.
1750 1326 1800 1383 4,
1842 1326 1939 1373 135
2040 1327 2106 1382 52
2144 1324 2210 1374 de
2239 1340 2371 1374 mor.
2401 1326 2467 1374 94
2569 1325 2635 1374 53
2662 1341 2740 1388 sq.

454 1390 519 1439 de
565 1405 694 1439 mor.
738 1392 833 1439 115
871 1390 1023 1438 Vinc.
1076 1389 1210 1438 Bell.
1259 1406 1338 1454 sp,
1386 1390 1436 1438 d.
1475 1394 1532 1451 4,
1572 1392 1667 1439 172
1715 1389 1801 1439 cf.
1843 1390 2129 1441 Philemon
2170 1393 2232 1440 fr.
2273 1395 2338 1443 23
2384 1383 2415 1442 ὃ
2465 1391 2744 1455 λοιδορῶν

453 1451 587 1522 γὰρ.
636 1445 710 1506 ἂν
753 1450 784 1507 ὁ
835 1452 1276 1522 λοιδορούμενος
1323 1449 1419 1521 Μὴ
1456 1456 1871 1521 προσποιῆται,
1920 1456 2268 1522 λοιδορεῖται
2318 1457 2610 1522 λοιδορῶν.

453 1528 518 1575 55
559 1527 713 1579 Vinc,
764 1524 902 1574 Bell.
947 1539 1029 1589 sp.
1075 1524 1125 1575 d.
1170 1527 1230 1585 4,
1277 1527 1342 1574 50
1479 1526 1545 1574 56
1585 1526 1737 1574 Vine.
1788 1525 1925 1573 Bell.
1956 1541 2056 1593 ,⁸P·
2096 1527 2144 1574 d.
2183 1529 2241 1588 4,
2286 1529 2396 1577 135.
2437 1530 2534 1576 144
2683 1529 2745 1577 57

456 1593 582 1642 uide
621 1592 770 1641 infra
808 1592 877 1640 ad
913 1594 1008 1643 281
1151 1594 1216 1642 59
1254 1607 1333 1655 sq.
1371 1592 1441 1641 ef.
1465 1591 1697 1641 Tacitus
1736 1593 1862 1656 Agr.
1886 1594 1952 1641 42
1990 1595 2293 1658 ‘proprium
2330 1594 2556 1643 humani
2594 1596 2746 1659 inge·

457 1662 533 1710 nii
571 1667 658 1710 est
695 1660 879 1710 odisse
919 1675 1073 1724 quem
1115 1659 1392 1710 laeseris)

449 1844 655 1913 possis,
827 1837 1095 1912 putandus
1142 1846 1224 1892 est
1268 1846 1416 1893 recte
1463 1837 1659 1893 fortior
1705 1840 1796 1911 qui
1842 1837 2162 1911 cupiditates
2216 1855 2371 1912 quam
2420 1841 2511 1912 qui
2560 1840 2745 1895 hostes

454 1925 650 1981 subicit
697 1924 764 1993 F,
812 1942 848 1979 a
893 1923 1100 1996 quibus
1151 1924 1331 1993 plane
1375 1923 1693 1978 abhorrent
1749 1922 2020 1996 putandus
2067 1932 2149 1978 cst
2213 1923 2369 1978 sortis
2415 1924 2505 1996 qni
2554 1923 2746 1978 subicit

457 2009 782 2082 uitiaquasi
826 2008 1015 2062 hostes
1059 2011 1117 2062 in
1165 2007 1224 2063 0.
1311 2006 1382 2062 In
1423 2010 1661 2080 sinyulis
1708 2009 1891 2063 ceteri
1933 2009 2270 2078 discrepant
2312 2009 2501 2063 hisce.-
2550 2007 2748 2062 sortior

456 2104 539 2149 est
585 2094 674 2166 qui
724 2092 787 2147 M
954 2091 1300 2168 cupiditatem
1349 2093 1516 2146 uincit
1561 2091 1624 2146 M
1666 2091 1990 2165 cupiditates
2044 2090 2240 2146 subicit
2305 2092 2349 2147 V
2390 2091 2450 2162 5,
2500 2090 2578 2147 ‘25

456 2194 611 2251 quani
662 2171 782 2253 qui]
833 2186 1098 2249 tamquam
1149 2172 1347 2250 ΕΡΒβ
1548 2176 1758 2231 hostem
1806 2175 1871 2230 M
2050 2174 2256 2250 subigit
2312 2173 2351 2250 β
2406 2174 2618 2231 subecit
2674 2195 2748 2249 cey

457 2263 647 2318 uicerit
697 2263 742 2317 V
769 2260 827 2332 5,
863 2261 942 2316 25
1117 2261 1199 2317 50
1229 2276 1312 2333 sq.
1360 2261 1546 2332 peiora
1591 2257 2001 2334 (perniciosiora
2033 2259 2401 2333 Par.,4841)
2433 2270 2564 2316 sunt
2612 2270 2748 2316 tecta

457 2347 577 2403 odia
626 2347 752 2417 (om.
815 2344 882 2417 V)
941 2361 1098 2418 quam
1155 2345 1357 2418 aperta.
1415 2352 1705 2418 propterea
1761 2345 1962 2418 (itaque
2007 2344 2089 2417 M)
2150 2354 2203 2400 te
2258 2344 2385 2416 (om.
2433 2342 2491 2420 β)
2552 2346 2748 2419 loquax

458 2434 700 2488 inimicus
749 2432 924 2485 minus
970 2446 1126 2502 quam
1176 2431 1473 2485 taciturnus
1520 2428 1745 2485 offendit
1789 2426 2034 2506 (offendit
2077 2446 2235 2502 quam
2284 2430 2477 2486 tacitus
2520 2429 2604 2501 M)
2650 2428 2756 2486 ΟΕ

458 2514 747 2592 ΕΡΗβ,Μ
766 2516 810 2572 V
979 2513 1058 2572 52
1106 2515 1406 2588 proximum
1438 2513 1502 2570 ab
1535 2515 1840 2571 innocentia
1875 2510 1964 2588 (ad
1996 2515 2355 2571 innocentiam
2391 2511 2497 2590 Ρβ,
2521 2515 2566 2571 V
2592 2531 2749 2589 quain

458 2603 762 2659 innocentia
797 2601 904 2670 P‘1)
953 2608 1101 2655 tenet
1145 2600 1322 2654 locum
1368 2599 1562 2668 (locum
1612 2607 1759 2655 tenet
1792 2601 1847 2654 F
1862 2600 1930 2673 V)
1987 2599 2287 2655 uerecunda
2330 2601 2531 2673 peccati
2564 2600 2754 2673 (pecco

456 2686 517 2762 β)
561 2686 835 2742 consessio
892 2684 1201 2754 (conuersio
1247 2683 1321 2755 R)
1383 2681 1672 2758 ΕΕΡΒβσ
1723 2684 1840 2739 116
1890 2683 2009 2757 (ubi
2058 2683 2330 2740 confessio
2388 2683 2643 2758 peccati),
2711 2686 2755 2740 V

460 2771 636 2826 locum
686 2778 834 2824 tenet
889 2771 1190 2841 proximum
1237 2768 1576 2825 innocentiae
1632 2767 1904 2845 consessio
1951 2770 2014 2823 M
2226 2767 2305 2825 53
2338 2786 2422 2839 sq.
2472 2785 2546 2822 an
2592 2769 2752 2824 ‘haec

461 2854 707 2926 plerique
738 2852 855 2907 aliis
886 2851 1007 2907 etim
1039 2850 1177 2906 male
1208 2851 1415 2919 dicunt,
1461 2852 1596 2907 male
1642 2852 1832 2907 dicunt
1860 2852 1962 2925 ipsi
1992 2851 2092 2907 sibi
2127 2856 2219 2909 uel
2250 2853 2351 2926 ipsi
2401 2852 2535 2907 male
2566 2851 2752 2908 dieunt

459 2939 560 2992 sibi
600 2936 923 3008 praefers?
968 2935 1121 2990 multi
1155 2951 1275 2989 cum
1306 2935 1421 2989 aliis
1455 2935 1811 3006 maledicunt,
1856 2934 1956 2992 sibi
1987 2937 2087 3009 ipsi
2119 2935 2224 3008 (sic
2253 2956 2330 3012 ay
2361 2937 2504 2993 Par.
2539 2937 2597 3004 S,
2645 2955 2750 2994 om.

461 3022 604 3077 Par.
649 3022 703 3077 P
743 3021 872 3094 ipsis
920 3014 1118 3090 ceteri)
1176 3019 1482 3074 conuicium
1528 3019 1750 3074 faciunt.
1824 3021 1955 3077 nihil
2014 3024 2224 3095 turpius
2270 3029 2353 3076 est
2400 3037 2557 3094 quani
2605 3022 2751 3094 quod

460 3104 691 3161 obicitur
721 3106 775 3159 in
808 3103 1073 3160 obiciente
1116 3105 1375 3177 cognosci
1413 3103 1476 3158 M
1520 3105 1765 3178 plerique
1810 3122 1929 3161 cuni
1976 3106 2161 3161 stultis
2207 3105 2342 3160 male
2388 3104 2607 3174 dicunt,
2652 3107 2750 3179 ipsi

461 3188 589 3264 (om.
625 3189 690 3261 0)
719 3188 822 3244 sibi
852 3189 1154 3244 conuicium
1187 3187 1506 3259 (conuitium
1538 3186 1630 3261 Εβ
1674 3191 1910 3245 conuitia
1976 3190 2038 3259 V)
2083 3190 2303 3245 faciunt.
2379 3196 2639 3263 perturpe
2671 3201 2752 3245 est

460 3275 600 3329 enim
647 3273 793 3347 quod
840 3272 1073 3328 obicitur
1117 3273 1170 3327 in
1218 3271 1486 3327 obiciente
1535 3274 1606 3344 (in
1655 3271 1914 3331 abiciente
1951 3275 2008 3329 E
2046 3271 2423 3329 inobedienter
2474 3272 2521 3327 R
2566 3273 2751 3329 inobe-

460 3358 689 3414 dientiae
739 3357 801 3430 V)
835 3358 1090 3429 cognosci
1123 3354 1454 3431 CFPRstV
1494 3359 1583 3430 qui
1616 3356 1702 3411 alii
1740 3357 1875 3414 male
1921 3356 2080 3428 dicit,
2126 3355 2228 3411 sibi
2272 3358 2577 3413 conuicium
2624 3357 2785 3414 facit.

460 3443 772 3500 Fabricius
816 3459 846 3499 e
889 3458 992 3497 ms,
1153 3439 1233 3497 55
1264 3441 1685 3515 pulcherrimum
1732 3449 1817 3496 est
1861 3443 2037 3498 omnia
2083 3448 2354 3515 praestare
2401 3442 2531 3497 nihil
2576 3437 2668 3515 (nil
2701 3447 2751 3513 c)

462 3530 763 3603 exigentem
789 3523 990 3601 ΕΡΒβ
1022 3543 1054 3582 e
1090 3526 1228 3592 107,
1271 3527 1316 3582 V
1343 3526 1627 3599 pulchrum
1652 3533 1738 3581 est
1767 3535 2041 3599 praestare
2063 3535 2276 3596 cuncta,
2309 3542 2430 3581 cum
2463 3526 2537 3581 nil
2569 3529 2751 3600 exigas

463 3615 556 3669 uel
600 3630 652 3686 p.
701 3620 785 3668 est
828 3611 961 3667 nihil
995 3620 1046 3666 te
1077 3612 1328 3685 exigere,
1373 3619 1646 3684 praestare
1679 3613 1856 3666 omnia
1894 3612 2135 3667 Bothius
2306 3608 2386 3667 56
2433 3612 2753 3684 principium

463 3696 763 3754 discordiae
799 3704 884 3752 est
928 3695 1128 3769 aliquid
1160 3712 1224 3751 ex
1253 3697 1523 3751 communi
1566 3712 1725 3750 suum
1775 3695 1966 3751 iacere.
2018 3693 2127 3768 (qui
2160 3693 2359 3768 aliquid
2391 3710 2455 3749 ex
2499 3713 2546 3750 c.
2596 3713 2754 3751 suum

465 3782 591 3839 facit
646 3782 924 3855 proprium
971 3780 1045 3848 E)
1093 3779 1302 3836 EFPR
1350 3797 1382 3837 e
1431 3780 1574 3852 116,
1637 3780 1677 3836 V
1865 3779 1944 3836 58
1992 3780 2207 3852 quidam
2253 3778 2516 3852 quosdam
2561 3780 2758 3836 occidit

465 3863 740 3940 (occidunt
770 3866 842 3935 F)
885 3866 1159 3935 inimicos,
1210 3881 1320 3922 non
1365 3870 1489 3943 quia
1521 3862 1751 3923 habebat
1783 3861 2073 3937 (habebant
2118 3863 2192 3934 F)
2221 3862 2313 3919 secl
2348 3865 2470 3935 quia
2504 3859 2655 3935 (Quia
2685 3867 2757 3937 F)

465 3958 771 4007 meruerant
817 3945 1108 4020 (meruerat
1146 3949 1327 4027 1³⁰1?ss
1369 3962 1601 4016 mereret
1632 3942 1738 4006 Pb.-
1783 3964 1895 4003 non
1941 3949 2065 4020 quia
2112 3957 2450 4018 meruerant,
2493 3947 2587 4002 sed
2636 3952 2759 4022 quia

464 4034 690 4091 habebat
739 4033 1128 4107 Woelfflinus)
1174 4035 1371 4119 FPRss
1469 4032 1581 4105 ‘59
1616 4054 1704 4111 sq.
1752 4048 1916 4107 quam
1944 4033 2188 4106 iniquum
2220 4041 2304 4089 est
2346 4032 2595 4087 nocuisse
2640 4036 2761 4106 quia

463 4120 574 4192 (uel
631 4122 755 4194 quia
803 4118 1184 4191 Godosredus)
1244 4128 1427 4205 oder-{S
1488 4128 1730 4202 laedere.
1808 4127 2071 4191 quantum
2120 4119 2339 4192 (quanto
2387 4115 2766 4189 Godosreclus)

464 4207 702 4280 iniquius
750 4205 981 4280 (iniquus
1024 4204 1081 4258 F
1120 4206 1364 4294 iniquum
1411 4246 1494 4316 est
1547 4204 1700 4289 Cpb)
1755 4203 1946 4263 odisse
1988 4206 2115 4287 quia
2162 4203 2380 4260 laesepis
2413 4198 2647 4274 GFPRfi

566 4310 681 4354 Con.
709 4311 821 4351 Lm.
851 4311 961 4350 Bm..
2309 4301 2375 4351 ‘24
