3400 5075
1440 301 1796 357 ADDENDA
2112 313 2137 335 ·
2539 300 2763 357 CXXIX

649 463 1194 531 Obscurissimum
1259 465 1574 530 Varronis
1640 464 2116 547 testimonium,
2181 464 2351 547 quod
2416 464 2764 529 admodum

473 574 666 638 dubia
733 574 1034 657 opinione
1099 573 1269 637 inter
1324 572 1642 636 Accianas
1709 571 2016 655 reliquias
2081 569 2230 655 (inc.
2294 569 2425 634 fab.
2488 570 2762 658 XXXV)

471 680 696 745 referri
742 681 881 764 ipse
927 702 1322 765 monueram,
1366 700 1500 743 non
1544 678 1899 743 illustravit
1953 678 2062 762 qui
2104 676 2359 741 laudari
2406 700 2445 742 a
2472 676 2764 742 Varrone

472 789 748 852 anticum
791 788 983 852 illud.-

742 913 917 978 o'llim
962 907 1254 996 violavit,
1297 930 1443 993 qum
1489 909 1652 974 vidit
1697 906 2114 975 invidendum
2160 958 2178 975 .
2223 959 2240 977 .
2283 959 2301 979 .

474 1037 870 1102 confidenter
937 1035 1372 1101 adseveravit:
1445 1055 1565 1119 ego
1641 1038 1815 1101 certe
1879 1035 2224 1100 verborum
2285 1036 2562 1102 istorum
2626 1057 2764 1100 sen-

477 1145 751 1208 tentiam
799 1143 1085 1207 divinare
1130 1141 1378 1205 nullam
1425 1162 1711 1224 possum.

654 1269 784 1334 Ine.
831 1267 960 1331 fab.
1004 1264 1187 1329 XLII
1241 1263 1424 1329 Accii
1479 1265 1843 1347 exemplum
1890 1265 2061 1350 apud
2113 1264 2398 1331 Nonium
2460 1267 2768 1331 excidisse

474 1375 622 1440 inde
680 1373 997 1441 conclusit
1051 1371 1544 1437 Bouterwekius
1598 1370 1833 1436 Philol.
1889 1370 2139 1438 XXXII
2185 1374 2344 1459 355,
2403 1374 2574 1458 quod
2619 1380 2770 1458 post

476 1486 678 1547 accius
722 1504 946 1546 versus
981 1479 1301 1543 Luciliani
1347 1478 1417 1541 in
1463 1477 1678 1542 codice
1726 1478 1818 1543 W
1842 1479 2128 1561 spatium
2157 1502 2429 1545 vacuum
2474 1480 2769 1543 relictum

479 1590 582 1672 sit,
629 1588 854 1652 deinde
899 1587 1115 1653 Status
1159 1585 1489 1650 masculini
1535 1589 1868 1667 sequatur:
1926 1585 2096 1669 quod
2150 1587 2413 1650 minime
2473 1586 2770 1651 concedo.

654 1711 978 1776 Praetext.
1022 1711 1065 1774 4
1111 1732 1173 1792 p.
1221 1710 1347 1773 281
1399 1709 1530 1772 lave
1574 1707 1895 1793 Bergkius
1942 1708 2177 1774 Philol.
2221 1708 2505 1772 XXXIII
2550 1710 2700 1775 306.

661 1838 739 1900 12
786 1837 916 1899 dice
956 1835 1027 1898 in
1074 1832 1507 1916 suspicionem
1553 1835 1815 1899 vocavit
1862 1831 1981 1897 Ed.
2027 1832 2276 1899 Becker
2332 1833 2499 1898 stud.
2554 1833 2586 1897 I
2646 1835 2769 1899 146

478 1940 585 2026 (cf.
630 1965 692 2026 p.
744 1941 916 2026 129).

664 2067 745 2129 31
804 2066 1012 2130 minus
1066 2065 1500 2147 mirandum-st,
1553 2064 1660 2127 sed
1700 2069 1989 2145 portenta
2041 2063 2363 2151 Bergkius
2427 2066 2471 2131 1.
2534 2066 2576 2131 l.
2640 2067 2768 2132 307

480 2172 743 2252 offerunt
786 2171 1145 2236 incredibili
1192 2170 1459 2234 licentia
1502 2169 1996 2252 interpretatus:
2044 2171 2135 2235 ‘se
2184 2171 2504 2238 offerunt'.

658 2295 1042 2363 Addendum
1089 2316 1230 2359 esse
1277 2293 1459 2358 Accii
1506 2293 1796 2376 reliquiis
1844 2298 2065 2359 monet
2110 2296 2279 2361 idem
2325 2321 2389 2382 p.
2435 2298 2562 2362 311
2612 2298 2772 2364 haec

482 2424 644 2486 quae
701 2402 872 2487 apud
912 2402 1192 2509 xFestum
1252 2424 1308 2465 v.
1358 2402 1661 2465 tammodo
1708 2401 1777 2464 in
1830 2400 2137 2466 Politiani
2185 2404 2565 2488 apographo
2612 2405 2776 2492 legit

372 2605 384 2612 ,
479 2510 921 2576 Mommsenus
969 2507 1178 2597 (Festi
1225 2510 1513 2594 quatern.
1560 2528 1623 2591 p.
1673 2503 1814 2592 70):

659 2637 890 2701 Accius
932 2638 1006 2701 in
1052 2685 1067 2699 .
1115 2684 1128 2698 .
1177 2686 1191 2699 .
1229 2640 1360 2699 otor
1405 2634 1527 2698 lius
1569 2633 1918 2699 dardanius
1964 2684 1978 2700 .
2026 2685 2040 2699 .
2088 2685 2102 2699 .
2149 2686 2163 2700 .
2208 2636 2281 2700 in
2325 2636 2580 2702 tenebris

482 2760 596 2826 ubi
640 2782 759 2844 pro
807 2761 941 2824 illis
990 2761 1112 2824 lius
1155 2760 1503 2842 dardanius
1546 2757 1830 2841 primum
1888 2758 2202 2840 scriptum
2262 2759 2462 2823 fuisse
2510 2761 2774 2826 tindari-

483 2869 709 2932 darum
773 2870 1055 2931 testatur
1109 2865 1570 2932 MommsenuS.
1678 2863 1946 2928 Habent
2000 2868 2217 2929 autem
2272 2866 2468 2930 ceteri
2524 2888 2775 2951 quoque

485 2973 734 3038 codices
775 2975 962 3065 ‚Accii
1013 2994 1250 3038 nomen
1305 2970 1688 3058 (tammodo
1748 2971 1998 3055 antiqui
2042 2971 2373 3055 ponebant
2415 2994 2534 3057 pro
2583 2973 2774 3039 modo

483 3083 559 3143 ut
617 3080 872 3144 Accius:
933 3078 1265 3144 tammodo
1331 3078 1541 3162 inquit
1604 3077 2133 3164 Praenestinus').
2195 3079 2308 3142 ubi
2362 3100 2443 3142 ne
2490 3080 2633 3163 quis
2698 3081 2775 3145 de

486 3187 720 3250 Maccii
781 3186 1042 3249 nomine
1105 3184 1505 3250 restituendo
1571 3185 1893 3269 cogitaret
1957 3185 2112 3249 olim
2184 3184 2533 3269 prudenter
2605 3189 2779 3252 eavit

486 3291 881 3357 Ritschelius
928 3291 1189 3376 Parerg.
1243 3315 1304 3375 p.
1348 3292 1464 3375 40,
1520 3291 1629 3374 qui
1685 3293 1800 3355 aut
1852 3314 2067 3356 errore
2126 3292 2392 3355 nomina
2435 3296 2777 3374 poetarum

421 3381 428 3384 Α
486 3398 704 3463 Plauti
746 3402 811 3462 et
837 3398 1018 3462 Accii
1063 3400 1434 3481 permutata
1479 3420 1621 3462 esse
1669 3400 1784 3462 aut
1829 3397 2229 3461 intercidisse
2277 3398 2551 3461 alterum
2598 3400 2778 3462 testi-

485 3505 776 3570 monium
820 3505 1140 3570 intellexit
1185 3503 1292 3590 (cf.
1339 3503 1552 3569 adnot.
1600 3503 1681 3568 ad
1728 3503 2081 3568 Trinumm.
2128 3501 2304 3588 609).
2395 3501 2583 3568 Nunc
2621 3527 2772 3569 vero

486 3613 771 3676 dubitari
835 3634 970 3677 non
1032 3614 1254 3695 potest
1316 3611 1470 3694 quin
1531 3615 1685 3695 post
1738 3608 1921 3675 Accii
1984 3610 2196 3675 locum
2259 3608 2475 3673 Plauti
2535 3633 2775 3674 nomen

467 3719 902 3786 interciderit.
994 3716 1119 3782 Sed
1173 3718 1347 3782 illius
1404 3718 1614 3802 qualis
1668 3715 1836 3780 liber
1890 3715 2361 3800 intellegendus
2432 3715 2519 3781 sit
2579 3717 2773 3800 plane
2878 3743 2881 3746 ·

485 3825 835 3889 incertum:
880 3847 1034 3888 nam
1078 3828 1337 3908 praeter
1383 3823 1639 3888 fabulas
1686 3821 1911 3906 quidni
1941 3821 2274 3907 Parergon
2319 3825 2433 3886 aut
2465 3822 2771 3909 Pragma-

486 3932 665 3996 ticon
710 3932 891 3996 locus
940 3931 1173 4014 aliquis
1219 3930 1510 4015 potuerit
1555 3928 2091 3994 commemorari?
2144 3930 2245 3994 Ex
2289 3929 2774 4014 tragoediarum

488 4038 744 4122 quidem
790 4038 1002 4102 titulis
1046 4038 1338 4122 proxime
1387 4060 1427 4101 a
1473 4035 1832 4120 scripturae
1878 4036 2167 4120 reliquiis
2215 4036 2427 4101 abest:
2480 4037 2553 4100 in
2603 4041 2773 4100 ante-

596 4425 714 4471 con.
740 4425 861 4471 Iaxr.
885 4427 1002 4469 Bm..
2331 4405 2350 4462 l
