3400 5075
912 382 1007 431 lex
1047 382 1389 434 mcER'rts
1428 382 1916 434 INCERTORVM
1955 382 2267 433 mnvms
2630 380 2741 444 127

1493 537 1704 603 LXXI

491 656 575 718 85
1432 654 1629 738 quid?
1676 658 1749 718 tu
1795 675 1930 718 non
1980 654 2306 741 intellegis

626 765 1021 855 [Beneficiis]
1071 772 1328 833 tantum
1376 770 1622 854 gratiae
1669 775 1734 833 te
1782 769 2052 856 demere,

490 886 574 949 86
625 884 954 960 Quantum
1002 907 1219 951 morae
1269 885 1510 950 adicis?

1476 1029 1722 1093 LXXII

625 1142 862 1207 Postea
908 1142 1050 1207 noh'
1093 1165 1351 1229 rogare,
1397 1167 1591 1228 quom
1640 1144 1966 1230 inpetrare
2013 1146 2315 1209 n6luerisz.

1452 1286 1734 1353 LXXIII

626 1400 1015 1465 Iniuriarum
1065 1402 1415 1465 remedium
1463 1408 1561 1466 est
1609 1401 1871 1468 obliuio,

1458 1544 1733 1608 LXXIV

630 1656 745 1722 Sat
791 1659 1081 1722 celeriter
1126 1659 1199 1722 fit
1246 1657 1556 1743 quidquid
1604 1661 1717 1723 fiet
1745 1614 1921 1725 *saitis
1968 1662 2147 1724 bene.

1475 1801 1720 1866 LXXV

442 1918 583 2000 90s1
632 1912 779 1981 'Vbi
828 1938 961 1979 non
1010 1916 1095 1979 sis
1144 1917 1252 1999 qui
1300 1916 1530 1999 fueris,
1579 1940 1711 1982 non
1760 1923 1857 1982 est
1904 1922 2016 1982 clir
2061 1918 2220 1982 uelis
2269 1914 2409 2004 [ibi]
2457 1915 2695 1982 uiuere.

443 2155 665 2206 Publilii
707 2154 831 2219 Syri
869 2158 1007 2205 sent.
1057 2155 1185 2209 sale.
1221 2160 1317 2209 287
1368 2173 1419 2221 p.
1460 2159 1557 2208 130
1594 2158 1678 2206 W.
1888 2159 2069 2208 LXXI
2106 2158 2320 2208 Seneca
2365 2157 2430 2207 de
2466 2158 2651 2208 benef.
2688 2158 2741 2207 11

440 2227 496 2284 5,
546 2226 576 2272 2
623 2228 816 2289 ‘quare
870 2224 1217 2273 uerissimum
1266 2226 1547 2287 existima,
1598 2226 1741 2290 quod
1797 2225 1919 2276 ille
1975 2226 2270 2276 comicus
2328 2225 2494 2276 dixit:
2551 2225 2738 2290 quid?’

442 2308 490 2341 e.
530 2307 582 2356 q.
621 2307 664 2344 s.
740 2291 961 2354 (‘quare
998 2306 1179 2340 uerum
1220 2300 1304 2341 est
1340 2297 1554 2341 tantum
1593 2299 1647 2343 te
1686 2294 1902 2359 gratiae
1942 2294 2181 2343 demere’
2222 2310 2325 2344 om.
2363 2292 2589 2356 reliquis
2626 2293 2740 2342 Me·

442 2359 576 2409 diol.
618 2359 763 2408 CDE
792 2358 988 2419 Henk.‚
1027 2358 1149 2408 add.
1192 2365 1383 2409 cetera
1408 2362 1463 2410 in
1503 2376 1610 2424 mg.
1637 2361 1822 2412 Guelf.
1850 2362 1950 2423 IV)
2090 2360 2297 2411 LXXII
2337 2361 2553 2410 Seneca
2579 2362 2739 2425 epist.

439 2428 532 2488 95,
577 2429 600 2475 1
641 2427 787 2476 ‘scio
843 2432 897 2475 te
954 2425 1010 2474 in
1057 2427 1254 2476 bonam
1303 2434 1516 2493 partem
1562 2435 1940 2493 accepturum,
1990 2429 2035 2478 si
2082 2443 2378 2493 negauem.
2454 2443 2518 2477 co
2564 2429 2742 2491 magis

440 2494 699 2559 promitto
747 2499 806 2544 et
850 2493 1118 2545 uerbum
1165 2495 1511 2561 publicum
1561 2498 1743 2562 perire
1791 2512 1899 2547 non
1942 2498 2150 2562 patior:
2199 2499 2457 2561 postea‘
2509 2510 2555 2545 e.
2604 2510 2653 2560 q.
2693 2512 2737 2548 s.

439 2563 733 2613 ‘interdum
774 2562 917 2612 euim
965 2563 1124 2613 enixe
1172 2565 1415 2628 petimus
1459 2565 1540 2625 id,
1589 2566 1734 2629 quod
1771 2580 2174 2624 recusaremus,
2212 2565 2258 2614 si
2299 2566 2418 2629 quis
2456 2564 2739 2614 obferret.’

440 2632 527 2681 Cf.
568 2631 989 2681 Pseudoseneca
1026 2632 1093 2680 de
1130 2647 1259 2681 mor.
1298 2635 1362 2682 33
1513 2632 1749 2684 LXXIII
1788 2635 1999 2684 Seneca
2037 2636 2198 2697 epist.
2238 2635 2320 2692 94,
2358 2634 2424 2681 28
2461 2632 2741 2695 ‘numquid

438 2700 709 2748 rationem
729 2699 938 2761 exiges,
966 2713 1086 2747 cum
1116 2699 1218 2748 tibi
1247 2700 1450 2764 aliquis
1475 2699 1574 2750 hos
1601 2701 1803 2751 dixerit
1829 2703 2060 2750 uersus?
2098 2701 2532 2750 Iniuriarum’
2555 2715 2601 2748 e.
2623 2715 2671 2762 q.
2697 2714 2737 2751 e.

438 2765 621 2821 (Publ.
662 2766 782 2829 Syr.
831 2770 970 2816 sent.
1012 2768 1109 2814 222
1147 2763 1215 2816 Βί
1253 2788 1320 2808 -·--
1357 2770 1456 2818 250
1493 2767 1602 2829 W.)
1811 2767 2041 2818 LXXIV
2090 2767 2386 2818 Suetonius
2434 2768 2627 2817 Octsu.
2674 2768 2740 2816 25

442 2835 661 2910 ‘'crebro
721 2833 910 2908 itaque
959 2832 1058 2882 illa
1115 2835 1390 2884 iactabat:
1447 2834 1660 2886 σπεῦδε
1718 2831 1975 2900 βραδέως
2024 2840 2080 2884 et
2134 2825 2405 2900 ἀσφαλὴς
2458 2827 2567 2899 γάρ
2620 2824 2736 2885 ἐστ’

437 2899 689 2964 αμείνων
726 2919 759 2964 η
798 2893 1026 2964 θρασὺς
1065 2897 1455 2968 στρατηλάτης
1492 2908 1573 2952 et:
1613 2910 1719 2953 sat
1754 2903 2084 2953 celeriter
2123 2903 2285 2951 sieri
2325 2919 2373 2966 q.
2413 2898 2542 2952 fiat
2578 2917 2622 2953 s.
2661 2902 2740 2952 b.'

439 2971 704 3019 Fortasse
744 2968 883 3017 haec
924 2983 1134 3033 quoque
1174 2971 1338 3020 mimo
1388 2970 1665 3020 reddenda
1713 2975 1858 3021 sunt.
2057 2970 2255 3019 LXXV
2293 2963 2490 3020 Cicero
2538 2985 2621 3033 ep.
2669 2969 2740 3018 ad

443 3037 570 3086 sam.
607 3036 711 3086 VII
749 3039 797 3096 3,
834 3039 866 3084 4
917 3041 1163 3086 ‘mortem
1210 3037 1344 3087 mihi
1394 3053 1488 3087 cur
1536 3040 1935 3088 consciscerem
1983 3053 2155 3088 causa
2191 3053 2300 3088 non
2337 3038 2460 3087 uisa
2499 3043 2611 3099 est,
2650 3052 2744 3086 cur

440 3109 685 3169 optarem
725 3102 928 3154 multae
968 3119 1199 3168 causae;
1248 3111 1446 3155 uetus
1494 3113 1596 3155 est
1646 3106 1847 3169 enim,
1897 3106 2010 3154 ubi
2047 3120 2174 3155 non
2213 3107 2308 3154 sis
2346 3105 2457 3170 qui
2496 3104 2740 3165 fueris,

439 3187 567 3221 non
606 3186 755 3222 esse
793 3186 909 3220 cur
942 3171 1122 3221 uelis
1159 3173 1437 3222 uiuere.'
1512 3174 1766 3223 Scaenici
1803 3179 2004 3239 poetae
2042 3171 2372 3223 uersiculum
2421 3187 2543 3222 esse
2581 3170 2742 3220 intel·

440 3239 579 3288 lexit
628 3238 1081 3288 Schneidewinus
1129 3239 1330 3290 Philol.
1367 3241 1453 3292 111
1493 3244 1616 3303 132,
1664 3243 1758 3304 qui
1805 3241 1873 3290 de
1920 3242 2132 3306 tragico
2178 3241 2555 3304 cogitauerim,
2600 3240 2743 3287 inter

442 3307 765 3358 comoediae
792 3305 1056 3369 reliquias
1086 3308 1203 3371 ipse
1230 3310 1433 3374 recepi.
1510 3308 1620 3359 Sed
1646 3309 1712 3358 de
1742 3324 1936 3373 genere
1968 3308 2193 3358 fabulae
2220 3308 2434 3356 incerta
2461 3305 2741 3359 ariolatio,

611 3532 719 3595 85¹
769 3536 1044 3593 beneficiis
1092 3541 1345 3611 inserui,
1405 3558 1508 3596 om.
1556 3541 1693 3595 libra·
1863 3539 2101 3612 gratiae,
2148 3557 2250 3594 om.
2299 3546 2382 3611 te,
2447 3538 2638 3594 Tross.
2691 3546 2742 3594 te

438 3625 639 3698 gratiae
688 3623 874 3678 ceteri
914 3623 1052 3679 libri
1222 3625 1303 3680 86
1351 3632 1721 3697 quantumque
1767 3638 1946 3678 morae
1995 3623 2183 3694 Guelf.
2234 3624 2276 3679 G
2451 3623 2529 3678 87
2578 3639 2740 3695 quom

439 3712 653 3780 scripsi
708 3707 852 3779 quod
914 3707 1049 3762 libri
1260 3710 1525 3782 imperare
1586 3707 1770 3763 Vatic.
1817 3726 1855 3760 α
1901 3707 2093 3762 ΡαΙαΙ.
2142 3705 2207 3760 Π
2248 3708 2570 3763 Alexandr.

438 3792 680 3849 nolueris
723 3792 860 3847 libri
876 3834 892 3861 ‚
950 3793 1104 3865 quod
1157 3797 1207 3848 si
1264 3808 1464 3848 uerum
1521 3801 1633 3860 est,
1693 3795 2064 3847 consonantis
2119 3795 2247 3847 uice
2294 3808 2327 3846 u
2366 3792 2637 3864 funyz'tnr
2682 3800 2743 3847 ut

437 3880 494 3932 in
539 3878 840 3933 Luciliano
897 3878 992 3932 illo
1046 3873 1225 3949 ‘quem
1285 3878 1463 3932 uisere
1520 3871 1811 3952 noluc11·iS‚
1870 3892 1992 3932 cuin
2047 3874 2344 3931 debueris?
2438 3891 2547 3930 non
2606 3876 2739 3930 uelis

431 3962 550 4033 fuit
595 3979 723 4018 cum
768 3964 1111 4016 conicerem.
1330 3961 1409 4018 89
1458 3963 1638 4017 uerba
1696 3965 1755 4016 in
1802 3975 2071 4016 numeros
2124 3963 2322 4033 redeqi
2529 3959 2611 4016 90
2655 3976 2738 4033 sq.

436 4050 827 4119 septenarium
874 4047 1231 4103 trochaicum
1275 4050 1555 4119 intem-um
1598 4047 1891 4102 constituit
1937 4045 2334 4101 Buechelerus
2377 4060 2521 4100 mus·
2553 4044 2739 4101 Rleen.

437 4129 534 4187 XI
573 4131 727 4203 5113
786 4131 1028 4187 duorum
1080 4131 1283 4202 frusta
1331 4129 1479 4201 (cum
1524 4132 1712 4186 uiuere
1771 4134 1828 4186 in
1888 4133 2132 4186 alterius
2187 4146 2396 4185 uersus
2440 4131 2597 4185 initio
2639 4147 2735 4199 po·

437 4217 653 4287 nerem)
698 4217 823 4285 ipse
877 4217 1323 4287 discm'pseram;
1379 4216 1695 4271 abhorrent
1753 4216 1826 4270 ab
1884 4221 2013 4270 arte
2069 4230 2220 4288 quae
2277 4213 2743 4269 Schneidewimes

432 4303 757 4372 proposuit.
932 4300 1003 4354 ibi
1049 4302 1292 4356 inseruit
1326 4300 1743 4356 Fleckeisenus
1787 4302 2010 4355 annali.
2041 4301 2260 4370 philoll.
2301 4297 2458 4353 1861
2503 4314 2562 4367 p.
2600 4296 2740 4368 141,

440 4386 599 4443 1866
647 4403 706 4456 ρ.
758 4382 879 4438 628
926 4400 1010 4456 sq.
1057 4386 1157 4440 iam
1205 4385 1612 4442 Buechelerees
