<?xml version="1.0" encoding="UTF-8"?>
<!DOCTYPE html PUBLIC "-//W3C//DTD XHTML 1.0 Transitional//EN"
    "http://www.w3.org/TR/xhtml1/DTD/xhtml1-transitional.dtd">
<html xmlns="http://www.w3.org/1999/xhtml" xml:lang="en" lang="en">
 <head>
  <title>
</title>
<meta http-equiv="Content-Type" content="text/html;charset=utf-8" />
  <meta name='ocr-system' content='tesseract 3.04.00' />
  <meta name='ocr-capabilities' content='ocr_page ocr_carea ocr_par ocr_line ocrx_word'/>
</head>
<body>
  <div class='ocr_page' id='page_1' title='image "./comicorumromano00teregoog_0256.png"; bbox 0 0 3400 5075; ppageno 0'>
   <div class='ocr_carea' id='block_1_1' title="bbox 610 210 2414 272">
    <p class='ocr_par' dir='ltr' id='par_1_1' title="bbox 610 210 2414 272">
     <span class='ocr_line' id='line_1_1' title="bbox 610 210 2414 272; baseline -0.003 -3"><span class='ocrx_word' id='word_1_1' title='bbox 610 210 726 272; x_wconf 85' lang='grc'><strong>118</strong></span> <span class='ocrx_word' id='word_1_2' title='bbox 928 264 931 267; x_wconf 91' lang='grc'>.</span> <span class='ocrx_word' id='word_1_3' title='bbox 1078 213 1172 261; x_wconf 73' lang='lat' dir='ltr'><strong>EX</strong></span> <span class='ocrx_word' id='word_1_4' title='bbox 1209 211 1552 262; x_wconf 72' lang='lat' dir='ltr'>INCERTIS</span> <span class='ocrx_word' id='word_1_5' title='bbox 1589 211 2066 263; x_wconf 70' lang='lat' dir='ltr'><strong>mci-:RTORVM</strong></span> <span class='ocrx_word' id='word_1_6' title='bbox 2105 214 2414 265; x_wconf 75' lang='lat' dir='ltr'>FABVLIS</span> 
     </span>
    </p>
   </div>
   <div class='ocr_carea' id='block_1_2' title="bbox 649 352 2788 1169">
    <p class='ocr_par' dir='ltr' id='par_1_2' title="bbox 649 352 2788 1169">
     <span class='ocr_line' id='line_1_2' title="bbox 787 352 2545 434; baseline 0.001 -2"><span class='ocrx_word' id='word_1_7' title='bbox 787 369 951 433; x_wconf 83' lang='lat' dir='ltr'><strong>Tum</strong></span> <span class='ocrx_word' id='word_1_8' title='bbox 998 352 1190 432; x_wconf 45' lang='lat' dir='ltr'><strong>aid‘te</strong></span> <span class='ocrx_word' id='word_1_9' title='bbox 1240 368 1593 433; x_wconf 67' lang='lat' dir='ltr'><strong>ludibunda</strong></span> <span class='ocrx_word' id='word_1_10' title='bbox 1640 368 1825 433; x_wconf 80' lang='lat' dir='ltr'><strong>docte</strong></span> <span class='ocrx_word' id='word_1_11' title='bbox 1874 374 1937 432; x_wconf 78' lang='lat' dir='ltr'><strong>et</strong></span> <span class='ocrx_word' id='word_1_12' title='bbox 1985 370 2251 433; x_wconf 69' lang='lat' dir='ltr'><strong>delicate</strong></span> <span class='ocrx_word' id='word_1_13' title='bbox 2301 371 2545 434; x_wconf 61' lang='lat' dir='ltr'><strong>detulit.</strong></span> 
     </span>
     <span class='ocr_line' id='line_1_3' title="bbox 1651 483 1838 547; baseline 0.005 -1"><span class='ocrx_word' id='word_1_14' title='bbox 1651 483 1838 547; x_wconf 85' lang='lat' dir='ltr'><strong>XXV</strong></span> 
     </span>
     <span class='ocr_line' id='line_1_4' title="bbox 649 596 2788 684; baseline 0.001 -21"><span class='ocrx_word' id='word_1_15' title='bbox 649 600 735 665; x_wconf 84' lang='lat'><strong>35</strong></span> <span class='ocrx_word' id='word_1_16' title='bbox 781 596 1080 665; x_wconf 79' lang='lat' dir='ltr'><strong>&#39;Exiliuit</strong></span> <span class='ocrx_word' id='word_1_17' title='bbox 1128 600 1309 682; x_wconf 63' lang='lat' dir='ltr'><strong>quasi</strong></span> <span class='ocrx_word' id='word_1_18' title='bbox 1356 600 1651 684; x_wconf 78' lang='lat' dir='ltr'><strong>petulcus</strong></span> <span class='ocrx_word' id='word_1_19' title='bbox 1700 597 1996 683; x_wconf 76' lang='lat' dir='ltr'><strong>quidam,</strong></span> <span class='ocrx_word' id='word_1_20' title='bbox 2042 600 2312 684; x_wconf 86' lang='lat' dir='ltr'><strong>pedibus</strong></span> <span class='ocrx_word' id='word_1_21' title='bbox 2361 602 2788 665; x_wconf 71' lang='lat' dir='ltr'><strong>conuibrauit.</strong></span> 
     </span>
     <span class='ocr_line' id='line_1_5' title="bbox 1646 722 1869 787; baseline 0 0"><span class='ocrx_word' id='word_1_22' title='bbox 1646 722 1869 787; x_wconf 86' lang='lat' dir='ltr'><strong>XXVI</strong></span> 
     </span>
     <span class='ocr_line' id='line_1_6' title="bbox 780 836 2539 933; baseline 0.001 -31"><span class='ocrx_word' id='word_1_23' title='bbox 780 839 977 923; x_wconf 74' lang='lat' dir='ltr'><strong>Agite</strong></span> <span class='ocrx_word' id='word_1_24' title='bbox 1026 836 1141 902; x_wconf 76' lang='lat' dir='ltr'><strong>ste:</strong></span> <span class='ocrx_word' id='word_1_25' title='bbox 1189 839 1341 923; x_wconf 81' lang='lat' dir='ltr'><strong>quid</strong></span> <span class='ocrx_word' id='word_1_26' title='bbox 1389 839 1704 903; x_wconf 58' lang='lat' dir='ltr'><strong>dubitatis</strong></span> <span class='ocrx_word' id='word_1_27' title='bbox 1752 839 2013 903; x_wconf 84' lang='lat' dir='ltr'><strong>hilareis</strong></span> <span class='ocrx_word' id='word_1_28' title='bbox 2053 839 2213 933; x_wconf 52' lang='lat' dir='ltr'><strong>flare</strong></span> <span class='ocrx_word' id='word_1_29' title='bbox 2263 840 2539 905; x_wconf 72' lang='lat' dir='ltr'><strong>choros?</strong></span> 
     </span>
     <span class='ocr_line' id='line_1_7' title="bbox 1298 971 2210 1056; baseline 0.001 -21"><span class='ocrx_word' id='word_1_30' title='bbox 1298 971 1552 1036; x_wconf 89' lang='lat' dir='ltr'><strong>XXVII</strong></span> <span class='ocrx_word' id='word_1_31' title='bbox 1601 972 1921 1056; x_wconf 84' lang='lat' dir='ltr'><strong>(Trabeae</strong></span> <span class='ocrx_word' id='word_1_32' title='bbox 1971 972 2092 1036; x_wconf 81' lang='lat' dir='ltr'><strong>ine.</strong></span> <span class='ocrx_word' id='word_1_33' title='bbox 2142 973 2210 1055; x_wconf 76' lang='lat'><strong>2)</strong></span> 
     </span>
     <span class='ocr_line' id='line_1_8' title="bbox 783 1085 2651 1169; baseline 0.001 -20"><span class='ocrx_word' id='word_1_34' title='bbox 783 1085 995 1150; x_wconf 66' lang='lat' dir='ltr'><strong>Tanta</strong></span> <span class='ocrx_word' id='word_1_35' title='bbox 1040 1087 1289 1151; x_wconf 73' lang='lat' dir='ltr'><strong>laetitia</strong></span> <span class='ocrx_word' id='word_1_36' title='bbox 1335 1091 1561 1151; x_wconf 71' lang='lat' dir='ltr'><strong>auctus</strong></span> <span class='ocrx_word' id='word_1_37' title='bbox 1609 1109 1779 1169; x_wconf 88' lang='lat' dir='ltr'><strong>sum,</strong></span> <span class='ocrx_word' id='word_1_38' title='bbox 1825 1090 1900 1149; x_wconf 73' lang='lat' dir='ltr'><strong>ut</strong></span> <span class='ocrx_word' id='word_1_39' title='bbox 1944 1087 2038 1149; x_wconf 87' lang='lat' dir='ltr'><strong>nil</strong></span> <span class='ocrx_word' id='word_1_40' title='bbox 2086 1088 2340 1151; x_wconf 70' lang='lat' dir='ltr'><strong>constet</strong></span> <span class='ocrx_word' id='word_1_41' title='bbox 2387 1138 2651 1151; x_wconf 92' lang='grc'><strong>.....</strong></span> 
     </span>
    </p>
   </div>
   <div class='ocr_carea' id='block_1_3' title="bbox 1609 1211 2532 1409">
    <p class='ocr_par' dir='ltr' id='par_1_3' title="bbox 1609 1211 2532 1409">
     <span class='ocr_line' id='line_1_9' title="bbox 1609 1211 1899 1275; baseline -0.003 -1"><span class='ocrx_word' id='word_1_42' title='bbox 1609 1211 1899 1275; x_wconf 83' lang='lat' dir='ltr'>XXVIII</span> 
     </span>
     <span class='ocr_line' id='line_1_10' title="bbox 1886 1325 2532 1409; baseline 0.002 -20"><span class='ocrx_word' id='word_1_43' title='bbox 1886 1325 2143 1403; x_wconf 56' lang='lat' dir='ltr'><strong>difficile</strong></span> <span class='ocrx_word' id='word_1_44' title='bbox 2192 1327 2292 1389; x_wconf 73' lang='lat' dir='ltr'><strong>est</strong></span> <span class='ocrx_word' id='word_1_45' title='bbox 2337 1326 2532 1409; x_wconf 89' lang='lat' dir='ltr'><strong>loqui.</strong></span> 
     </span>
    </p>
   </div>
   <div class='ocr_carea' id='block_1_4' title="bbox 606 1519 2910 1855">
    <p class='ocr_par' dir='ltr' id='par_1_4' title="bbox 606 1519 2910 1855">
     <span class='ocr_line' id='line_1_11' title="bbox 606 1519 2907 1586; baseline 0.001 -16"><span class='ocrx_word' id='word_1_46' title='bbox 606 1520 721 1570; x_wconf 84' lang='lat' dir='ltr'><strong>sed</strong></span> <span class='ocrx_word' id='word_1_47' title='bbox 759 1520 917 1570; x_wconf 87' lang='lat' dir='ltr'><strong>sibi&#39;</strong></span> <span class='ocrx_word' id='word_1_48' title='bbox 958 1536 1003 1570; x_wconf 89' lang='lat' dir='ltr'><strong>e.</strong></span> <span class='ocrx_word' id='word_1_49' title='bbox 1033 1537 1080 1585; x_wconf 87' lang='lat' dir='ltr'><strong>q.</strong></span> <span class='ocrx_word' id='word_1_50' title='bbox 1106 1536 1148 1569; x_wconf 87' lang='lat' dir='ltr'><strong>s.</strong></span> <span class='ocrx_word' id='word_1_51' title='bbox 1190 1520 1328 1569; x_wconf 90' lang='lat' dir='ltr'><strong>Num</strong></span> <span class='ocrx_word' id='word_1_52' title='bbox 1366 1534 1432 1569; x_wconf 84' lang='lat' dir='ltr'><strong>ex</strong></span> <span class='ocrx_word' id='word_1_53' title='bbox 1470 1520 1668 1570; x_wconf 86' lang='lat' dir='ltr'><strong>Naeuii</strong></span> <span class='ocrx_word' id='word_1_54' title='bbox 1694 1519 2043 1570; x_wconf 81' lang='lat' dir='ltr'>Tarentilla?</span> <span class='ocrx_word' id='word_1_55' title='bbox 2183 1519 2331 1569; x_wconf 86' lang='lat' dir='ltr'><strong>XXV</strong></span> <span class='ocrx_word' id='word_1_56' title='bbox 2369 1521 2572 1571; x_wconf 83' lang='lat' dir='ltr'><strong>Festus</strong></span> <span class='ocrx_word' id='word_1_57' title='bbox 2609 1537 2661 1586; x_wconf 91' lang='lat' dir='ltr'><strong>p.</strong></span> <span class='ocrx_word' id='word_1_58' title='bbox 2701 1524 2799 1572; x_wconf 79' lang='lat'><strong>206</strong></span> <span class='ocrx_word' id='word_1_59' title='bbox 2838 1523 2907 1572; x_wconf 80' lang='lat' dir='ltr'><strong>M.</strong></span> 
     </span>
     <span class='ocr_line' id='line_1_12' title="bbox 606 1587 2910 1653; baseline 0.001 -15"><span class='ocrx_word' id='word_1_60' title='bbox 606 1588 949 1653; x_wconf 76' lang='lat' dir='ltr'><strong>‘petulantes</strong></span> <span class='ocrx_word' id='word_1_61' title='bbox 989 1594 1044 1637; x_wconf 88' lang='lat' dir='ltr'><strong>et</strong></span> <span class='ocrx_word' id='word_1_62' title='bbox 1079 1604 1153 1653; x_wconf 93' lang='lat' dir='ltr'><strong>pe</strong></span> <span class='ocrx_word' id='word_1_63' title='bbox 1173 1587 1349 1637; x_wconf 90' lang='lat' dir='ltr'><strong>tulci</strong></span> <span class='ocrx_word' id='word_1_64' title='bbox 1384 1614 1449 1623; x_wconf 89' lang='lat'>—</span> <span class='ocrx_word' id='word_1_65' title='bbox 1476 1614 1541 1623; x_wconf 89' lang='lat'>—</span> <span class='ocrx_word' id='word_1_66' title='bbox 1565 1588 1831 1637; x_wconf 83' lang='lat' dir='ltr'><strong>Afranius</strong></span> <span class='ocrx_word' id='word_1_67' title='bbox 1857 1589 1914 1636; x_wconf 92' lang='lat' dir='ltr'><strong>in</strong></span> <span class='ocrx_word' id='word_1_68' title='bbox 1940 1587 2042 1637; x_wconf 85' lang='lat' dir='ltr'><strong>Ida</strong></span> <span class='ocrx_word' id='word_1_69' title='bbox 2069 1614 2121 1621; x_wconf 91' lang='lat'>—</span> <span class='ocrx_word' id='word_1_70' title='bbox 2157 1587 2431 1637; x_wconf 88' lang='lat' dir='ltr'><strong>interdum</strong></span> <span class='ocrx_word' id='word_1_71' title='bbox 2467 1604 2565 1653; x_wconf 90' lang='lat' dir='ltr'><strong>pro</strong></span> <span class='ocrx_word' id='word_1_72' title='bbox 2601 1589 2795 1639; x_wconf 90' lang='lat' dir='ltr'><strong>ueloce</strong></span> <span class='ocrx_word' id='word_1_73' title='bbox 2823 1591 2910 1640; x_wconf 84' lang='lat' dir='ltr'><strong>usi</strong></span> 
     </span>
     <span class='ocr_line' id='line_1_13' title="bbox 606 1654 2908 1721; baseline 0.001 -17"><span class='ocrx_word' id='word_1_74' title='bbox 606 1655 865 1706; x_wconf 88' lang='lat' dir='ltr'><strong>uidentur</strong></span> <span class='ocrx_word' id='word_1_75' title='bbox 893 1656 1129 1721; x_wconf 76' lang='lat' dir='ltr'><strong>antiqui,</strong></span> <span class='ocrx_word' id='word_1_76' title='bbox 1156 1660 1219 1705; x_wconf 89' lang='lat' dir='ltr'><strong>ut</strong></span> <span class='ocrx_word' id='word_1_77' title='bbox 1242 1655 1346 1706; x_wconf 87' lang='lat' dir='ltr'><strong>hoc</strong></span> <span class='ocrx_word' id='word_1_78' title='bbox 1371 1670 1537 1704; x_wconf 87' lang='lat' dir='ltr'><strong>uersu</strong></span> <span class='ocrx_word' id='word_1_79' title='bbox 1562 1654 1822 1719; x_wconf 82' lang='lat' dir='ltr'><strong>intellegi</strong></span> <span class='ocrx_word' id='word_1_80' title='bbox 1845 1659 2055 1720; x_wconf 82' lang='lat' dir='ltr'><strong>potest:</strong></span> <span class='ocrx_word' id='word_1_81' title='bbox 2094 1655 2227 1704; x_wconf 84' lang='lat' dir='ltr'><strong>exil</strong></span> <span class='ocrx_word' id='word_1_82' title='bbox 2246 1655 2395 1704; x_wconf 79' lang='lat' dir='ltr'><strong>iuit’</strong></span> <span class='ocrx_word' id='word_1_83' title='bbox 2424 1671 2472 1708; x_wconf 87' lang='lat' dir='ltr'><strong>e.</strong></span> <span class='ocrx_word' id='word_1_84' title='bbox 2502 1671 2554 1720; x_wconf 88' lang='lat' dir='ltr'><strong>q.</strong></span> <span class='ocrx_word' id='word_1_85' title='bbox 2580 1672 2621 1709; x_wconf 87' lang='lat' dir='ltr'><strong>s.</strong></span> <span class='ocrx_word' id='word_1_86' title='bbox 2726 1658 2908 1707; x_wconf 85' lang='lat' dir='ltr'>XXVI</span> 
     </span>
     <span class='ocr_line' id='line_1_14' title="bbox 608 1721 2907 1789; baseline 0.001 -17"><span class='ocrx_word' id='word_1_87' title='bbox 608 1723 960 1774; x_wconf 86' lang='lat' dir='ltr'><strong>Pseudoacro</strong></span> <span class='ocrx_word' id='word_1_88' title='bbox 986 1724 1041 1773; x_wconf 91' lang='lat' dir='ltr'><strong>in</strong></span> <span class='ocrx_word' id='word_1_89' title='bbox 1066 1722 1295 1773; x_wconf 78' lang='lat' dir='ltr'><strong>Horatii</strong></span> <span class='ocrx_word' id='word_1_90' title='bbox 1322 1722 1474 1787; x_wconf 86' lang='lat' dir='ltr'><strong>epod.</strong></span> <span class='ocrx_word' id='word_1_91' title='bbox 1502 1725 1547 1783; x_wconf 87' lang='lat'><strong>1,</strong></span> <span class='ocrx_word' id='word_1_92' title='bbox 1577 1725 1602 1772; x_wconf 95' lang='lat'>1</span> <span class='ocrx_word' id='word_1_93' title='bbox 1646 1723 1987 1773; x_wconf 84' lang='lat' dir='ltr'><strong>‘comicus’</strong></span> <span class='ocrx_word' id='word_1_94' title='bbox 2015 1721 2307 1784; x_wconf 77' lang='lat' dir='ltr'>(trimeter)</span> <span class='ocrx_word' id='word_1_95' title='bbox 2335 1723 2495 1786; x_wconf 87' lang='lat' dir='ltr'><strong>‘erit,</strong></span> <span class='ocrx_word' id='word_1_96' title='bbox 2535 1725 2627 1789; x_wconf 89' lang='lat' dir='ltr'><strong>qui</strong></span> <span class='ocrx_word' id='word_1_97' title='bbox 2653 1724 2907 1789; x_wconf 86' lang='lat' dir='ltr'><strong>frequen·</strong></span> 
     </span>
     <span class='ocr_line' id='line_1_15' title="bbox 608 1790 2909 1855; baseline 0.001 -15"><span class='ocrx_word' id='word_1_98' title='bbox 608 1797 695 1841; x_wconf 88' lang='lat' dir='ltr'><strong>tes</strong></span> <span class='ocrx_word' id='word_1_99' title='bbox 743 1790 1058 1842; x_wconf 78' lang='lat' dir='ltr'><strong>tribrachos</strong></span> <span class='ocrx_word' id='word_1_100' title='bbox 1093 1791 1288 1848; x_wconf 85' lang='lat' dir='ltr'><strong>habet,</strong></span> <span class='ocrx_word' id='word_1_101' title='bbox 1325 1795 1410 1839; x_wconf 89' lang='lat' dir='ltr'><strong>ut:</strong></span> <span class='ocrx_word' id='word_1_102' title='bbox 1449 1791 1664 1855; x_wconf 82' lang='lat' dir='ltr'><strong>agite&#39;</strong></span> <span class='ocrx_word' id='word_1_103' title='bbox 1702 1805 1745 1839; x_wconf 88' lang='lat' dir='ltr'><strong>e.</strong></span> <span class='ocrx_word' id='word_1_104' title='bbox 1784 1806 1835 1855; x_wconf 92' lang='lat' dir='ltr'><strong>q.</strong></span> <span class='ocrx_word' id='word_1_105' title='bbox 1873 1807 1915 1840; x_wconf 86' lang='lat' dir='ltr'><strong>s.</strong></span> <span class='ocrx_word' id='word_1_106' title='bbox 1989 1790 2298 1855; x_wconf 77' lang='lat' dir='ltr'><strong>‘Satyrione</strong></span> <span class='ocrx_word' id='word_1_107' title='bbox 2330 1790 2541 1841; x_wconf 87' lang='lat' dir='ltr'><strong>medius</strong></span> <span class='ocrx_word' id='word_1_108' title='bbox 2578 1798 2668 1841; x_wconf 85' lang='lat' dir='ltr'><strong>ut:</strong></span> <span class='ocrx_word' id='word_1_109' title='bbox 2717 1791 2909 1843; x_wconf 86' lang='lat' dir='ltr'><strong>Musae</strong></span> 
     </span>
    </p>
   </div>
   <div class='ocr_carea' id='block_1_5' title="bbox 516 1857 2909 1925">
    <p class='ocr_par' dir='ltr' id='par_1_5' title="bbox 516 1857 2909 1925">
     <span class='ocr_line' id='line_1_16' title="bbox 516 1857 2909 1925; baseline -0.001 -13"><span class='ocrx_word' id='word_1_110' title='bbox 516 1909 520 1913; x_wconf 20' lang='lat'>4</span> <span class='ocrx_word' id='word_1_111' title='bbox 604 1861 793 1909; x_wconf 86' lang='lat' dir='ltr'><strong>Iouem</strong></span> <span class='ocrx_word' id='word_1_112' title='bbox 818 1858 1045 1908; x_wconf 85' lang='lat' dir='ltr'><strong>laudate</strong></span> <span class='ocrx_word' id='word_1_113' title='bbox 1069 1862 1127 1907; x_wconf 88' lang='lat' dir='ltr'><strong>et</strong></span> <span class='ocrx_word' id='word_1_114' title='bbox 1149 1857 1352 1907; x_wconf 75' lang='lat' dir='ltr'><strong>hilares</strong></span> <span class='ocrx_word' id='word_1_115' title='bbox 1378 1858 1505 1907; x_wconf 86' lang='lat' dir='ltr'><strong>date</strong></span> <span class='ocrx_word' id='word_1_116' title='bbox 1532 1857 1766 1908; x_wconf 86' lang='lat' dir='ltr'><strong>choros.’</strong></span> <span class='ocrx_word' id='word_1_117' title='bbox 1839 1857 2051 1908; x_wconf 84' lang='lat' dir='ltr'><strong>Eadem</strong></span> <span class='ocrx_word' id='word_1_118' title='bbox 2077 1858 2193 1907; x_wconf 88' lang='lat' dir='ltr'><strong>fere</strong></span> <span class='ocrx_word' id='word_1_119' title='bbox 2219 1862 2617 1909; x_wconf 81' lang='lat' dir='ltr'><strong>commentator</strong></span> <span class='ocrx_word' id='word_1_120' title='bbox 2653 1860 2909 1925; x_wconf 70' lang='lat' dir='ltr'><strong>Cruquiir</strong></span> 
     </span>
    </p>
   </div>
   <div class='ocr_carea' id='block_1_6' title="bbox 606 1924 2913 2600">
    <p class='ocr_par' dir='ltr' id='par_1_6' title="bbox 606 1924 2913 2600">
     <span class='ocr_line' id='line_1_17' title="bbox 607 1924 2911 1990; baseline 0 -14"><span class='ocrx_word' id='word_1_121' title='bbox 607 1926 916 1989; x_wconf 84' lang='lat' dir='ltr'><strong>exemplum</strong></span> <span class='ocrx_word' id='word_1_122' title='bbox 955 1927 1206 1976; x_wconf 80' lang='lat' dir='ltr'><strong>omittere</strong></span> <span class='ocrx_word' id='word_1_123' title='bbox 1233 1924 1412 1986; x_wconf 86' lang='lat' dir='ltr'><strong>nolui,</strong></span> <span class='ocrx_word' id='word_1_124' title='bbox 1453 1940 1784 1990; x_wconf 85' lang='lat' dir='ltr'><strong>quamquam</strong></span> <span class='ocrx_word' id='word_1_125' title='bbox 1823 1924 1987 1976; x_wconf 85' lang='lat' dir='ltr'><strong>facile</strong></span> <span class='ocrx_word' id='word_1_126' title='bbox 2024 1931 2210 1989; x_wconf 86' lang='lat' dir='ltr'><strong>potest</strong></span> <span class='ocrx_word' id='word_1_127' title='bbox 2246 1927 2302 1974; x_wconf 90' lang='lat' dir='ltr'><strong>in</strong></span> <span class='ocrx_word' id='word_1_128' title='bbox 2328 1926 2549 1976; x_wconf 83' lang='lat' dir='ltr'><strong>scholae</strong></span> <span class='ocrx_word' id='word_1_129' title='bbox 2586 1941 2742 1976; x_wconf 86' lang='lat' dir='ltr'><strong>nsum</strong></span> <span class='ocrx_word' id='word_1_130' title='bbox 2781 1943 2911 1977; x_wconf 82' lang='lat' dir='ltr'><strong>con-</strong></span> 
     </span>
     <span class='ocr_line' id='line_1_18' title="bbox 608 1991 2912 2060; baseline 0.001 -17"><span class='ocrx_word' id='word_1_131' title='bbox 608 1993 797 2043; x_wconf 86' lang='lat' dir='ltr'><strong>fictum</strong></span> <span class='ocrx_word' id='word_1_132' title='bbox 844 1993 1038 2043; x_wconf 88' lang='lat' dir='ltr'><strong>uideri.</strong></span> <span class='ocrx_word' id='word_1_133' title='bbox 1182 1993 1390 2042; x_wconf 86' lang='lat' dir='ltr'>XXVII</span> <span class='ocrx_word' id='word_1_134' title='bbox 1429 1992 1624 2043; x_wconf 88' lang='lat' dir='ltr'><strong>Cicero</strong></span> <span class='ocrx_word' id='word_1_135' title='bbox 1672 1993 1741 2044; x_wconf 85' lang='lat' dir='ltr'><strong>de</strong></span> <span class='ocrx_word' id='word_1_136' title='bbox 1778 1991 1866 2042; x_wconf 88' lang='lat' dir='ltr'><strong>fin.</strong></span> <span class='ocrx_word' id='word_1_137' title='bbox 1908 1993 1961 2043; x_wconf 92' lang='lat'><strong>11</strong></span> <span class='ocrx_word' id='word_1_138' title='bbox 2011 1995 2061 2057; x_wconf 83' lang='lat'><strong>4,</strong></span> <span class='ocrx_word' id='word_1_139' title='bbox 2103 1995 2166 2043; x_wconf 84' lang='lat'><strong>14</strong></span> <span class='ocrx_word' id='word_1_140' title='bbox 2203 1993 2384 2043; x_wconf 85' lang='lat' dir='ltr'><strong>‘modo</strong></span> <span class='ocrx_word' id='word_1_141' title='bbox 2423 1993 2723 2060; x_wconf 78' lang='lat' dir='ltr'><strong>intellegas</strong></span> <span class='ocrx_word' id='word_1_142' title='bbox 2768 1995 2912 2045; x_wconf 88' lang='lat' dir='ltr'><strong>inter</strong></span> 
     </span>
     <span class='ocr_line' id='line_1_19' title="bbox 606 2060 2911 2126; baseline 0.001 -16"><span class='ocrx_word' id='word_1_143' title='bbox 606 2061 760 2110; x_wconf 91' lang='lat' dir='ltr'><strong>illum</strong></span> <span class='ocrx_word' id='word_1_144' title='bbox 817 2064 910 2126; x_wconf 90' lang='lat' dir='ltr'><strong>qui</strong></span> <span class='ocrx_word' id='word_1_145' title='bbox 964 2060 1116 2110; x_wconf 87' lang='lat' dir='ltr'><strong>dicat</strong></span> <span class='ocrx_word' id='word_1_146' title='bbox 1168 2064 1384 2110; x_wconf 85' lang='lat' dir='ltr'><strong>tanta’</strong></span> <span class='ocrx_word' id='word_1_147' title='bbox 1434 2076 1577 2125; x_wconf 89' lang='lat' dir='ltr'><strong>e..q.</strong></span> <span class='ocrx_word' id='word_1_148' title='bbox 1625 2076 1667 2111; x_wconf 80' lang='lat' dir='ltr'><strong>s·</strong></span> <span class='ocrx_word' id='word_1_149' title='bbox 1751 2065 1831 2112; x_wconf 83' lang='lat' dir='ltr'><strong>‘et</strong></span> <span class='ocrx_word' id='word_1_150' title='bbox 1875 2062 2168 2126; x_wconf 78' lang='lat' dir='ltr'><strong>eumequi:</strong></span> <span class='ocrx_word' id='word_1_151' title='bbox 2217 2076 2387 2110; x_wconf 83' lang='lat' dir='ltr'><strong>nunc</strong></span> <span class='ocrx_word' id='word_1_152' title='bbox 2448 2061 2703 2111; x_wconf 88' lang='lat' dir='ltr'><strong>demum</strong></span> <span class='ocrx_word' id='word_1_153' title='bbox 2749 2063 2911 2112; x_wconf 89' lang='lat' dir='ltr'><strong>mihi</strong></span> 
     </span>
     <span class='ocr_line' id='line_1_20' title="bbox 609 2127 2911 2193; baseline 0.001 -15"><span class='ocrx_word' id='word_1_154' title='bbox 609 2129 869 2178; x_wconf 89' lang='lat' dir='ltr'><strong>animus</strong></span> <span class='ocrx_word' id='word_1_155' title='bbox 905 2128 1019 2177; x_wconf 89' lang='lat' dir='ltr'><strong>ard</strong></span> <span class='ocrx_word' id='word_1_156' title='bbox 1037 2130 1123 2177; x_wconf 88' lang='lat' dir='ltr'><strong>et’</strong></span> <span class='ocrx_word' id='word_1_157' title='bbox 1152 2127 1383 2189; x_wconf 87' lang='lat' dir='ltr'><strong>(Caecil.</strong></span> <span class='ocrx_word' id='word_1_158' title='bbox 1412 2127 1550 2191; x_wconf 77' lang='grc'>230),</span> <span class='ocrx_word' id='word_1_159' title='bbox 1592 2133 1845 2192; x_wconf 85' lang='lat' dir='ltr'><strong>‘quorum</strong></span> <span class='ocrx_word' id='word_1_160' title='bbox 1871 2128 2017 2178; x_wconf 84' lang='lat' dir='ltr'><strong>alter</strong></span> <span class='ocrx_word' id='word_1_161' title='bbox 2040 2129 2266 2179; x_wconf 89' lang='lat' dir='ltr'><strong>laetitia</strong></span> <span class='ocrx_word' id='word_1_162' title='bbox 2293 2130 2516 2193; x_wconf 79' lang='lat' dir='ltr'><strong>gestiat,</strong></span> <span class='ocrx_word' id='word_1_163' title='bbox 2556 2129 2701 2179; x_wconf 89' lang='lat' dir='ltr'><strong>alter</strong></span> <span class='ocrx_word' id='word_1_164' title='bbox 2725 2129 2911 2181; x_wconf 84' lang='lat' dir='ltr'><strong>dolore</strong></span> 
     </span>
     <span class='ocr_line' id='line_1_21' title="bbox 610 2193 2910 2261; baseline 0.001 -16"><span class='ocrx_word' id='word_1_165' title='bbox 610 2195 910 2257; x_wconf 76' lang='lat' dir='ltr'><strong>crucietur,</strong></span> <span class='ocrx_word' id='word_1_166' title='bbox 952 2210 1072 2247; x_wconf 83' lang='lat' dir='ltr'><strong>esse</strong></span> <span class='ocrx_word' id='word_1_167' title='bbox 1112 2195 1264 2244; x_wconf 87' lang='lat' dir='ltr'><strong>illum</strong></span> <span class='ocrx_word' id='word_1_168' title='bbox 1303 2193 1600 2246; x_wconf 86' lang='lat' dir='ltr'><strong>medium..</strong></span> <span class='ocrx_word' id='word_1_169' title='bbox 1624 2197 1744 2259; x_wconf 76' lang='lat' dir='ltr'><strong>‚qui</strong></span> <span class='ocrx_word' id='word_1_170' title='bbox 1782 2211 1885 2246; x_wconf 88' lang='lat' dir='ltr'><strong>nec</strong></span> <span class='ocrx_word' id='word_1_171' title='bbox 1921 2195 2164 2246; x_wconf 85' lang='lat' dir='ltr'><strong>laetetur</strong></span> <span class='ocrx_word' id='word_1_172' title='bbox 2198 2211 2300 2246; x_wconf 81' lang='lat' dir='ltr'><strong>uec</strong></span> <span class='ocrx_word' id='word_1_173' title='bbox 2350 2202 2629 2261; x_wconf 86' lang='lat' dir='ltr'><strong>angatur.’</strong></span> <span class='ocrx_word' id='word_1_174' title='bbox 2703 2197 2910 2248; x_wconf 85' lang='lat' dir='ltr'><strong>Eadem</strong></span> 
     </span>
     <span class='ocr_line' id='line_1_22' title="bbox 610 2263 2913 2329; baseline 0.001 -16"><span class='ocrx_word' id='word_1_175' title='bbox 610 2264 765 2329; x_wconf 87' lang='lat' dir='ltr'><strong>tangi</strong></span> <span class='ocrx_word' id='word_1_176' title='bbox 802 2266 858 2313; x_wconf 90' lang='lat' dir='ltr'><strong>in</strong></span> <span class='ocrx_word' id='word_1_177' title='bbox 896 2264 1061 2313; x_wconf 85' lang='lat' dir='ltr'><strong>Tusc.</strong></span> <span class='ocrx_word' id='word_1_178' title='bbox 1100 2263 1240 2328; x_wconf 83' lang='lat' dir='ltr'><strong>disp.</strong></span> <span class='ocrx_word' id='word_1_179' title='bbox 1281 2263 1356 2312; x_wconf 89' lang='lat' dir='ltr'><strong>IV</strong></span> <span class='ocrx_word' id='word_1_180' title='bbox 1396 2265 1476 2324; x_wconf 82' lang='lat'><strong>15,</strong></span> <span class='ocrx_word' id='word_1_181' title='bbox 1514 2267 1580 2315; x_wconf 83' lang='lat'><strong>36</strong></span> <span class='ocrx_word' id='word_1_182' title='bbox 1628 2269 1799 2328; x_wconf 86' lang='lat' dir='ltr'><strong>‘quae</strong></span> <span class='ocrx_word' id='word_1_183' title='bbox 1845 2264 1892 2313; x_wconf 87' lang='lat' dir='ltr'><strong>si</strong></span> <span class='ocrx_word' id='word_1_184' title='bbox 1932 2265 2151 2329; x_wconf 84' lang='lat' dir='ltr'><strong>quando</strong></span> <span class='ocrx_word' id='word_1_185' title='bbox 2200 2263 2405 2328; x_wconf 84' lang='lat' dir='ltr'><strong>adepta</strong></span> <span class='ocrx_word' id='word_1_186' title='bbox 2443 2265 2549 2314; x_wconf 84' lang='lat' dir='ltr'><strong>erit</strong></span> <span class='ocrx_word' id='word_1_187' title='bbox 2584 2265 2641 2314; x_wconf 89' lang='lat' dir='ltr'><strong>id</strong></span> <span class='ocrx_word' id='word_1_188' title='bbox 2680 2266 2822 2328; x_wconf 86' lang='lat' dir='ltr'><strong>quod</strong></span> <span class='ocrx_word' id='word_1_189' title='bbox 2861 2266 2913 2315; x_wconf 88' lang='lat' dir='ltr'><strong>ci</strong></span> 
     </span>
     <span class='ocr_line' id='line_1_23' title="bbox 612 2331 2912 2397; baseline 0.001 -17"><span class='ocrx_word' id='word_1_190' title='bbox 612 2332 782 2381; x_wconf 87' lang='lat' dir='ltr'><strong>fuerit</strong></span> <span class='ocrx_word' id='word_1_191' title='bbox 827 2331 1202 2396; x_wconf 87' lang='lat' dir='ltr'><strong>concupitum,</strong></span> <span class='ocrx_word' id='word_1_192' title='bbox 1253 2335 1365 2380; x_wconf 91' lang='lat' dir='ltr'><strong>tum</strong></span> <span class='ocrx_word' id='word_1_193' title='bbox 1414 2331 1591 2381; x_wconf 90' lang='lat' dir='ltr'><strong>fertur</strong></span> <span class='ocrx_word' id='word_1_194' title='bbox 1646 2331 1941 2382; x_wconf 80' lang='lat' dir='ltr'><strong>alacritate</strong></span> <span class='ocrx_word' id='word_1_195' title='bbox 1997 2341 2057 2381; x_wconf 87' lang='lat' dir='ltr'><strong>ut</strong></span> <span class='ocrx_word' id='word_1_196' title='bbox 2103 2332 2280 2382; x_wconf 87' lang='lat' dir='ltr'><strong>nihil</strong></span> <span class='ocrx_word' id='word_1_197' title='bbox 2328 2332 2390 2381; x_wconf 88' lang='lat' dir='ltr'><strong>ei</strong></span> <span class='ocrx_word' id='word_1_198' title='bbox 2449 2337 2720 2382; x_wconf 86' lang='lat' dir='ltr'><strong>constet</strong></span> <span class='ocrx_word' id='word_1_199' title='bbox 2767 2333 2912 2397; x_wconf 87' lang='lat' dir='ltr'><strong>quod</strong></span> 
     </span>
     <span class='ocr_line' id='line_1_24' title="bbox 611 2397 2912 2464; baseline 0.001 -16"><span class='ocrx_word' id='word_1_200' title='bbox 611 2403 765 2463; x_wconf 82' lang='lat' dir='ltr'><strong>agat’</strong></span> <span class='ocrx_word' id='word_1_201' title='bbox 816 2399 1051 2449; x_wconf 89' lang='lat' dir='ltr'><strong>coniecit</strong></span> <span class='ocrx_word' id='word_1_202' title='bbox 1096 2397 1397 2449; x_wconf 84' lang='lat' dir='ltr'><strong>Bentleius.</strong></span> <span class='ocrx_word' id='word_1_203' title='bbox 1556 2399 2031 2450; x_wconf 85' lang='lat' dir='ltr'>XXVIII—XXX</span> <span class='ocrx_word' id='word_1_204' title='bbox 2069 2398 2258 2449; x_wconf 89' lang='lat' dir='ltr'><strong>Cicero</strong></span> <span class='ocrx_word' id='word_1_205' title='bbox 2308 2399 2474 2464; x_wconf 82' lang='lat' dir='ltr'><strong>epist.</strong></span> <span class='ocrx_word' id='word_1_206' title='bbox 2519 2398 2588 2453; x_wconf 86' lang='lat' dir='ltr'><strong>ad</strong></span> <span class='ocrx_word' id='word_1_207' title='bbox 2628 2400 2755 2449; x_wconf 89' lang='lat' dir='ltr'><strong>fam.</strong></span> <span class='ocrx_word' id='word_1_208' title='bbox 2793 2400 2846 2449; x_wconf 90' lang='lat'><strong>11</strong></span> <span class='ocrx_word' id='word_1_209' title='bbox 2882 2403 2912 2450; x_wconf 86' lang='grc'><strong>9</strong></span> 
     </span>
     <span class='ocr_line' id='line_1_25' title="bbox 611 2466 2911 2532; baseline 0 -16"><span class='ocrx_word' id='word_1_210' title='bbox 611 2472 757 2517; x_wconf 84' lang='lat' dir='ltr'><strong>‘cum</strong></span> <span class='ocrx_word' id='word_1_211' title='bbox 796 2466 1074 2532; x_wconf 83' lang='lat' dir='ltr'><strong>gratulor,</strong></span> <span class='ocrx_word' id='word_1_212' title='bbox 1114 2471 1225 2515; x_wconf 84' lang='lat' dir='ltr'><strong>tum</strong></span> <span class='ocrx_word' id='word_1_213' title='bbox 1262 2478 1393 2517; x_wconf 69' lang='lat' dir='ltr'><strong>uero</strong></span> <span class='ocrx_word' id='word_1_214' title='bbox 1443 2467 1644 2531; x_wconf 88' lang='lat' dir='ltr'><strong>quibus</strong></span> <span class='ocrx_word' id='word_1_215' title='bbox 1691 2467 1881 2517; x_wconf 81' lang='lat' dir='ltr'><strong>uerbis</strong></span> <span class='ocrx_word' id='word_1_216' title='bbox 1928 2467 2031 2515; x_wconf 88' lang='lat' dir='ltr'><strong>tibi</strong></span> <span class='ocrx_word' id='word_1_217' title='bbox 2070 2468 2286 2532; x_wconf 81' lang='lat' dir='ltr'><strong>gratias</strong></span> <span class='ocrx_word' id='word_1_218' title='bbox 2334 2482 2493 2531; x_wconf 82' lang='lat' dir='ltr'><strong>agam</strong></span> <span class='ocrx_word' id='word_1_219' title='bbox 2532 2482 2639 2516; x_wconf 88' lang='lat' dir='ltr'><strong>non</strong></span> <span class='ocrx_word' id='word_1_220' title='bbox 2677 2469 2911 2530; x_wconf 85' lang='lat' dir='ltr'><strong>reperio,</strong></span> 
     </span>
     <span class='ocr_line' id='line_1_26' title="bbox 612 2534 2911 2600; baseline 0.001 -15"><span class='ocrx_word' id='word_1_221' title='bbox 612 2534 759 2600; x_wconf 86' lang='lat' dir='ltr'><strong>quod</strong></span> <span class='ocrx_word' id='word_1_222' title='bbox 795 2534 877 2585; x_wconf 90' lang='lat' dir='ltr'><strong>ita</strong></span> <span class='ocrx_word' id='word_1_223' title='bbox 916 2534 1103 2585; x_wconf 84' lang='lat' dir='ltr'><strong>factus</strong></span> <span class='ocrx_word' id='word_1_224' title='bbox 1132 2534 1235 2597; x_wconf 83' lang='lat' dir='ltr'><strong>sis,</strong></span> <span class='ocrx_word' id='word_1_225' title='bbox 1273 2540 1335 2585; x_wconf 88' lang='lat' dir='ltr'><strong>nt</strong></span> <span class='ocrx_word' id='word_1_226' title='bbox 1371 2534 1587 2586; x_wconf 84' lang='lat' dir='ltr'><strong>dederis</strong></span> <span class='ocrx_word' id='word_1_227' title='bbox 1615 2535 1807 2598; x_wconf 90' lang='lat' dir='ltr'><strong>nobis,</strong></span> <span class='ocrx_word' id='word_1_228' title='bbox 1845 2551 2004 2600; x_wconf 86' lang='lat' dir='ltr'><strong>quem</strong></span> <span class='ocrx_word' id='word_1_229' title='bbox 2043 2534 2334 2586; x_wconf 83' lang='lat' dir='ltr'><strong>admodum</strong></span> <span class='ocrx_word' id='word_1_230' title='bbox 2363 2535 2665 2600; x_wconf 80' lang='lat' dir='ltr'><strong>scripseras</strong></span> <span class='ocrx_word' id='word_1_231' title='bbox 2701 2535 2771 2584; x_wconf 89' lang='lat' dir='ltr'><strong>ad</strong></span> <span class='ocrx_word' id='word_1_232' title='bbox 2807 2553 2911 2599; x_wconf 85' lang='lat' dir='ltr'><strong>me,</strong></span> 
     </span>
    </p>
   </div>
   <div class='ocr_carea' id='block_1_7' title="bbox 503 2600 2914 2681">
    <p class='ocr_par' dir='ltr' id='par_1_7' title="bbox 503 2600 2914 2681">
     <span class='ocr_line' id='line_1_27' title="bbox 503 2600 2914 2681; baseline 0 -29"><span class='ocrx_word' id='word_1_233' title='bbox 503 2658 527 2681; x_wconf 49' lang='lat'>⁸</span> <span class='ocrx_word' id='word_1_234' title='bbox 614 2619 774 2668; x_wconf 87' lang='lat' dir='ltr'><strong>quem</strong></span> <span class='ocrx_word' id='word_1_235' title='bbox 813 2618 1029 2667; x_wconf 87' lang='lat' dir='ltr'><strong>semper</strong></span> <span class='ocrx_word' id='word_1_236' title='bbox 1064 2603 1246 2654; x_wconf 86' lang='lat' dir='ltr'><strong>ridere</strong></span> <span class='ocrx_word' id='word_1_237' title='bbox 1293 2607 1617 2668; x_wconf 62' lang='lat' dir='ltr'><strong>possemus!</strong></span> <span class='ocrx_word' id='word_1_238' title='bbox 1690 2600 1787 2667; x_wconf 89' lang='lat' dir='ltr'><strong>(cf.</strong></span> <span class='ocrx_word' id='word_1_239' title='bbox 1832 2603 1967 2653; x_wconf 80' lang='lat' dir='ltr'><strong>vm</strong></span> <span class='ocrx_word' id='word_1_240' title='bbox 2015 2607 2065 2665; x_wconf 86' lang='lat'><strong>3,</strong></span> <span class='ocrx_word' id='word_1_241' title='bbox 2105 2606 2150 2653; x_wconf 89' lang='lat'><strong>1.</strong></span> <span class='ocrx_word' id='word_1_242' title='bbox 2187 2606 2236 2664; x_wconf 87' lang='grc'><strong>9,</strong></span> <span class='ocrx_word' id='word_1_243' title='bbox 2282 2607 2306 2652; x_wconf 83' lang='grc'>1</span> <span class='ocrx_word' id='word_1_244' title='bbox 2348 2603 2401 2653; x_wconf 92' lang='lat'><strong>11</strong></span> <span class='ocrx_word' id='word_1_245' title='bbox 2440 2606 2520 2664; x_wconf 92' lang='grc'><strong>10,</strong></span> <span class='ocrx_word' id='word_1_246' title='bbox 2560 2603 2611 2665; x_wconf 93' lang='grc'><strong>1)</strong></span> <span class='ocrx_word' id='word_1_247' title='bbox 2692 2604 2914 2668; x_wconf 79' lang='lat' dir='ltr'><strong>‘Itaque</strong></span> 
     </span>
    </p>
   </div>
   <div class='ocr_carea' id='block_1_8' title="bbox 613 2670 2915 3143">
    <p class='ocr_par' dir='ltr' id='par_1_8' title="bbox 613 2670 2915 3143">
     <span class='ocr_line' id='line_1_28' title="bbox 613 2670 2914 2737; baseline 0 -17"><span class='ocrx_word' id='word_1_248' title='bbox 613 2686 735 2721; x_wconf 89' lang='lat' dir='ltr'><strong>cum</strong></span> <span class='ocrx_word' id='word_1_249' title='bbox 786 2670 1015 2736; x_wconf 86' lang='lat' dir='ltr'><strong>primum</strong></span> <span class='ocrx_word' id='word_1_250' title='bbox 1064 2670 1278 2732; x_wconf 86' lang='lat' dir='ltr'><strong>audiui,</strong></span> <span class='ocrx_word' id='word_1_251' title='bbox 1326 2687 1429 2737; x_wconf 83' lang='lat' dir='ltr'><strong>ego</strong></span> <span class='ocrx_word' id='word_1_252' title='bbox 1478 2671 1572 2721; x_wconf 90' lang='lat' dir='ltr'><strong>ille</strong></span> <span class='ocrx_word' id='word_1_253' title='bbox 1620 2671 1740 2736; x_wconf 89' lang='lat' dir='ltr'><strong>ipse</strong></span> <span class='ocrx_word' id='word_1_254' title='bbox 1789 2671 1969 2721; x_wconf 80' lang='lat' dir='ltr'><strong>factus</strong></span> <span class='ocrx_word' id='word_1_255' title='bbox 2015 2687 2134 2721; x_wconf 89' lang='lat' dir='ltr'><strong>sum</strong></span> <span class='ocrx_word' id='word_1_256' title='bbox 2172 2698 2236 2706; x_wconf 95' lang='lat'><strong>—</strong></span> <span class='ocrx_word' id='word_1_257' title='bbox 2272 2673 2379 2721; x_wconf 87' lang='lat' dir='ltr'><strong>scis</strong></span> <span class='ocrx_word' id='word_1_258' title='bbox 2427 2686 2584 2735; x_wconf 90' lang='lat' dir='ltr'><strong>quem</strong></span> <span class='ocrx_word' id='word_1_259' title='bbox 2633 2671 2813 2721; x_wconf 88' lang='lat' dir='ltr'><strong>dicam</strong></span> <span class='ocrx_word' id='word_1_260' title='bbox 2849 2698 2914 2705; x_wconf 82' lang='lat'>—</span> 
     </span>
     <span class='ocr_line' id='line_1_29' title="bbox 613 2737 2915 2804; baseline 0 -16"><span class='ocrx_word' id='word_1_261' title='bbox 613 2741 817 2804; x_wconf 85' lang='lat' dir='ltr'><strong>egique</strong></span> <span class='ocrx_word' id='word_1_262' title='bbox 856 2738 1030 2788; x_wconf 82' lang='lat' dir='ltr'><strong>omnis</strong></span> <span class='ocrx_word' id='word_1_263' title='bbox 1074 2737 1199 2788; x_wconf 89' lang='lat' dir='ltr'><strong>illos</strong></span> <span class='ocrx_word' id='word_1_264' title='bbox 1247 2737 1738 2800; x_wconf 83' lang='lat' dir='ltr'><strong>adulescentis,</strong></span> <span class='ocrx_word' id='word_1_265' title='bbox 1790 2753 1949 2803; x_wconf 88' lang='lat' dir='ltr'><strong>quos</strong></span> <span class='ocrx_word' id='word_1_266' title='bbox 1988 2739 2107 2788; x_wconf 86' lang='lat' dir='ltr'><strong>ille</strong></span> <span class='ocrx_word' id='word_1_267' title='bbox 2148 2741 2422 2789; x_wconf 84' lang='lat' dir='ltr'><strong>actitat’</strong></span> <span class='ocrx_word' id='word_1_268' title='bbox 2473 2738 2574 2797; x_wconf 86' lang='lat' dir='ltr'><strong>(sic</strong></span> <span class='ocrx_word' id='word_1_269' title='bbox 2610 2739 2915 2789; x_wconf 84' lang='lat' dir='ltr'><strong>Lambinus</strong></span> 
     </span>
     <span class='ocr_line' id='line_1_30' title="bbox 613 2805 2912 2872; baseline 0 -17"><span class='ocrx_word' id='word_1_270' title='bbox 613 2807 908 2856; x_wconf 82' lang='lat' dir='ltr'><strong>iactitat</strong></span> <span class='ocrx_word' id='word_1_271' title='bbox 956 2805 1117 2868; x_wconf 68' lang='lat' dir='ltr'><strong>Med„</strong></span> <span class='ocrx_word' id='word_1_272' title='bbox 1164 2807 1297 2856; x_wconf 81' lang='lat' dir='ltr'><strong>item</strong></span> <span class='ocrx_word' id='word_1_273' title='bbox 1345 2806 1535 2869; x_wconf 91' lang='lat' dir='ltr'><strong>infra).</strong></span> <span class='ocrx_word' id='word_1_274' title='bbox 1609 2805 1970 2856; x_wconf 79' lang='lat' dir='ltr'><strong>‘Difficile</strong></span> <span class='ocrx_word' id='word_1_275' title='bbox 2021 2812 2123 2856; x_wconf 81' lang='lat' dir='ltr'><strong>est</strong></span> <span class='ocrx_word' id='word_1_276' title='bbox 2169 2806 2367 2872; x_wconf 85' lang='lat' dir='ltr'><strong>loqui.</strong></span> <span class='ocrx_word' id='word_1_277' title='bbox 2439 2806 2515 2855; x_wconf 90' lang='lat' dir='ltr'><strong>Te</strong></span> <span class='ocrx_word' id='word_1_278' title='bbox 2562 2812 2745 2856; x_wconf 84' lang='lat' dir='ltr'><strong>autem</strong></span> <span class='ocrx_word' id='word_1_279' title='bbox 2784 2822 2912 2856; x_wconf 89' lang='lat' dir='ltr'><strong>con-</strong></span> 
     </span>
     <span class='ocr_line' id='line_1_31' title="bbox 613 2865 2903 2939; baseline -0.001 -13"><span class='ocrx_word' id='word_1_280' title='bbox 613 2875 890 2939; x_wconf 88' lang='lat' dir='ltr'><strong>templans</strong></span> <span class='ocrx_word' id='word_1_281' title='bbox 937 2873 1217 2924; x_wconf 84' lang='lat' dir='ltr'><strong>absentem</strong></span> <span class='ocrx_word' id='word_1_282' title='bbox 1266 2879 1322 2923; x_wconf 90' lang='lat' dir='ltr'><strong>et</strong></span> <span class='ocrx_word' id='word_1_283' title='bbox 1367 2875 1525 2939; x_wconf 88' lang='lat' dir='ltr'><strong>quasi</strong></span> <span class='ocrx_word' id='word_1_284' title='bbox 1573 2879 1754 2923; x_wconf 88' lang='lat' dir='ltr'><strong>tecum</strong></span> <span class='ocrx_word' id='word_1_285' title='bbox 1802 2889 1981 2923; x_wconf 87' lang='lat' dir='ltr'><strong>coram</strong></span> <span class='ocrx_word' id='word_1_286' title='bbox 2028 2874 2308 2939; x_wconf 83' lang='lat' dir='ltr'><strong>loquerer:</strong></span> <span class='ocrx_word' id='word_1_287' title='bbox 2356 2889 2482 2924; x_wconf 91' lang='lat' dir='ltr'><strong>non</strong></span> <span class='ocrx_word' id='word_1_288' title='bbox 2532 2865 2817 2938; x_wconf 80' lang='lat' dir='ltr'><strong>edepol.</strong></span> <span class='ocrx_word' id='word_1_289' title='bbox 2849 2911 2861 2923; x_wconf 91' lang='lat'><strong>.</strong></span> <span class='ocrx_word' id='word_1_290' title='bbox 2891 2912 2903 2924; x_wconf 93' lang='lat'><strong>.</strong></span> 
     </span>
     <span class='ocr_line' id='line_1_32' title="bbox 616 2940 2912 3006; baseline 0 -15"><span class='ocrx_word' id='word_1_291' title='bbox 616 2942 885 2991; x_wconf 83' lang='lat' dir='ltr'><strong>feceris.</strong></span> <span class='ocrx_word' id='word_1_292' title='bbox 959 2940 1115 3004; x_wconf 80' lang='lat' dir='ltr'><strong>Quod</strong></span> <span class='ocrx_word' id='word_1_293' title='bbox 1155 2942 1285 3004; x_wconf 86' lang='lat' dir='ltr'><strong>quia</strong></span> <span class='ocrx_word' id='word_1_294' title='bbox 1322 2947 1545 3006; x_wconf 88' lang='lat' dir='ltr'><strong>praeter</strong></span> <span class='ocrx_word' id='word_1_295' title='bbox 1580 2942 1896 3006; x_wconf 90' lang='lat' dir='ltr'><strong>opinionem</strong></span> <span class='ocrx_word' id='word_1_296' title='bbox 1936 2943 2067 2992; x_wconf 89' lang='lat' dir='ltr'><strong>mihi</strong></span> <span class='ocrx_word' id='word_1_297' title='bbox 2119 2942 2432 3003; x_wconf 87' lang='lat' dir='ltr'><strong>acciderat,</strong></span> <span class='ocrx_word' id='word_1_298' title='bbox 2479 2941 2790 2992; x_wconf 83' lang='lat' dir='ltr'><strong>referebam</strong></span> <span class='ocrx_word' id='word_1_299' title='bbox 2830 2957 2912 2991; x_wconf 90' lang='lat' dir='ltr'><strong>me</strong></span> 
     </span>
     <span class='ocr_line' id='line_1_33' title="bbox 616 3008 2911 3074; baseline 0 -15"><span class='ocrx_word' id='word_1_300' title='bbox 616 3010 685 3059; x_wconf 83' lang='lat' dir='ltr'><strong>ad</strong></span> <span class='ocrx_word' id='word_1_301' title='bbox 723 3009 881 3060; x_wconf 87' lang='lat' dir='ltr'><strong>illud:</strong></span> <span class='ocrx_word' id='word_1_302' title='bbox 921 3008 1365 3059; x_wconf 89' lang='lat' dir='ltr'><strong>incredibile’</strong></span> <span class='ocrx_word' id='word_1_303' title='bbox 1405 3025 1453 3059; x_wconf 89' lang='lat' dir='ltr'><strong>e.</strong></span> <span class='ocrx_word' id='word_1_304' title='bbox 1493 3025 1543 3074; x_wconf 90' lang='lat' dir='ltr'><strong>q.</strong></span> <span class='ocrx_word' id='word_1_305' title='bbox 1586 3025 1629 3061; x_wconf 82' lang='lat' dir='ltr'><strong>s,</strong></span> <span class='ocrx_word' id='word_1_306' title='bbox 1671 3035 1733 3044; x_wconf 93' lang='lat'><strong>—</strong></span> <span class='ocrx_word' id='word_1_307' title='bbox 1770 3036 1835 3046; x_wconf 91' lang='lat'>-</span> <span class='ocrx_word' id='word_1_308' title='bbox 1875 3010 2030 3072; x_wconf 85' lang='lat' dir='ltr'><strong>‘quid</strong></span> <span class='ocrx_word' id='word_1_309' title='bbox 2069 3010 2324 3074; x_wconf 80' lang='lat' dir='ltr'><strong>qnaeris?</strong></span> <span class='ocrx_word' id='word_1_310' title='bbox 2374 3009 2497 3058; x_wconf 88' lang='lat' dir='ltr'><strong>dum</strong></span> <span class='ocrx_word' id='word_1_311' title='bbox 2547 3009 2700 3059; x_wconf 88' lang='lat' dir='ltr'><strong>illum</strong></span> <span class='ocrx_word' id='word_1_312' title='bbox 2739 3009 2911 3073; x_wconf 87' lang='lat' dir='ltr'><strong>rideo,</strong></span> 
     </span>
     <span class='ocr_line' id='line_1_34' title="bbox 616 3075 2915 3143; baseline -0.001 -16"><span class='ocrx_word' id='word_1_313' title='bbox 616 3093 793 3143; x_wconf 89' lang='lat' dir='ltr'><strong>paene</strong></span> <span class='ocrx_word' id='word_1_314' title='bbox 821 3092 939 3127; x_wconf 90' lang='lat' dir='ltr'><strong>sum</strong></span> <span class='ocrx_word' id='word_1_315' title='bbox 978 3076 1163 3126; x_wconf 85' lang='lat' dir='ltr'><strong>factus</strong></span> <span class='ocrx_word' id='word_1_316' title='bbox 1202 3076 1342 3127; x_wconf 88' lang='lat' dir='ltr'><strong>ille.’</strong></span> <span class='ocrx_word' id='word_1_317' title='bbox 1414 3075 1746 3128; x_wconf 83' lang='lat' dir='ltr'><strong>Difficile</strong></span> <span class='ocrx_word' id='word_1_318' title='bbox 1786 3085 1888 3127; x_wconf 88' lang='lat' dir='ltr'><strong>est</strong></span> <span class='ocrx_word' id='word_1_319' title='bbox 1928 3078 2112 3142; x_wconf 89' lang='lat' dir='ltr'><strong>loqui</strong></span> <span class='ocrx_word' id='word_1_320' title='bbox 2150 3078 2271 3142; x_wconf 84' lang='lat' dir='ltr'><strong>ipsa</strong></span> <span class='ocrx_word' id='word_1_321' title='bbox 2297 3091 2511 3142; x_wconf 86' lang='lat' dir='ltr'><strong>quoque</strong></span> <span class='ocrx_word' id='word_1_322' title='bbox 2538 3076 2915 3127; x_wconf 84' lang='lat' dir='ltr'><strong>adulescentis</strong></span> 
     </span>
    </p>
   </div>
   <div class='ocr_carea' id='block_1_9' title="bbox 614 3209 1035 3217">
    <p class='ocr_par' dir='ltr' id='par_1_9' title="bbox 614 3209 1035 3217">
     <span class='ocr_line' id='line_1_35' title="bbox 614 3209 1035 3217; baseline 0 1858"><span class='ocrx_word' id='word_1_323' title='bbox 614 3209 1035 3217; x_wconf 95' lang='lat' dir='ltr'><strong> </strong></span> 
     </span>
    </p>
   </div>
   <div class='ocr_carea' id='block_1_10' title="bbox 614 3290 2920 4298">
    <p class='ocr_par' dir='ltr' id='par_1_10' title="bbox 614 3290 2920 4298">
     <span class='ocr_line' id='line_1_36' title="bbox 615 3290 2914 3361; baseline -0.001 -12"><span class='ocrx_word' id='word_1_324' title='bbox 615 3297 717 3350; x_wconf 83' lang='lat' dir='ltr'><strong>iam</strong></span> <span class='ocrx_word' id='word_1_325' title='bbox 764 3292 890 3348; x_wconf 78' lang='lat' dir='ltr'><strong>facis</strong></span> <span class='ocrx_word' id='word_1_326' title='bbox 937 3290 1083 3358; x_wconf 79' lang='lat' dir='ltr'><strong>dare,</strong></span> <span class='ocrx_word' id='word_1_327' title='bbox 1124 3297 1327 3361; x_wconf 80' lang='lat' dir='ltr'><strong>postea</strong></span> <span class='ocrx_word' id='word_1_328' title='bbox 1359 3307 1418 3346; x_wconf 92' lang='lat' dir='ltr'><strong>se</strong></span> <span class='ocrx_word' id='word_1_329' title='bbox 1461 3290 1561 3346; x_wconf 85' lang='lat' dir='ltr'><strong>sibi</strong></span> <span class='ocrx_word' id='word_1_330' title='bbox 1595 3294 1761 3346; x_wconf 73' lang='lat' dir='ltr'><strong>uiturs</strong></span> <span class='ocrx_word' id='word_1_331' title='bbox 1793 3291 1977 3346; x_wconf 87' lang='lat' dir='ltr'><strong>indere</strong></span> <span class='ocrx_word' id='word_1_332' title='bbox 2021 3295 2112 3348; x_wconf 79' lang='lat' dir='ltr'><strong>uel</strong></span> <span class='ocrx_word' id='word_1_333' title='bbox 2144 3290 2244 3346; x_wconf 84' lang='lat' dir='ltr'><strong>sibi</strong></span> <span class='ocrx_word' id='word_1_334' title='bbox 2289 3306 2348 3346; x_wconf 88' lang='lat' dir='ltr'><strong>se</strong></span> <span class='ocrx_word' id='word_1_335' title='bbox 2379 3293 2602 3347; x_wconf 82' lang='lat' dir='ltr'><strong>amaraci</strong></span> <span class='ocrx_word' id='word_1_336' title='bbox 2648 3290 2774 3346; x_wconf 79' lang='lat' dir='ltr'><strong>dare</strong></span> <span class='ocrx_word' id='word_1_337' title='bbox 2822 3294 2914 3347; x_wconf 81' lang='lat' dir='ltr'><strong>uel</strong></span> 
     </span>
     <span class='ocr_line' id='line_1_37' title="bbox 615 3373 2915 3447; baseline -0.002 -13"><span class='ocrx_word' id='word_1_338' title='bbox 615 3395 673 3434; x_wconf 90' lang='lat' dir='ltr'><strong>se</strong></span> <span class='ocrx_word' id='word_1_339' title='bbox 717 3375 822 3433; x_wconf 89' lang='lat' dir='ltr'><strong>sibi</strong></span> <span class='ocrx_word' id='word_1_340' title='bbox 863 3376 1157 3430; x_wconf 80' lang='lat' dir='ltr'><strong>amaranthi</strong></span> <span class='ocrx_word' id='word_1_341' title='bbox 1203 3374 1329 3431; x_wconf 83' lang='lat' dir='ltr'><strong>dare</strong></span> <span class='ocrx_word' id='word_1_342' title='bbox 1503 3375 1581 3432; x_wconf 85' lang='lat'><strong>34</strong></span> <span class='ocrx_word' id='word_1_343' title='bbox 1632 3382 1746 3430; x_wconf 81' lang='lat' dir='ltr'><strong>tum</strong></span> <span class='ocrx_word' id='word_1_344' title='bbox 1775 3379 1991 3447; x_wconf 81' lang='lat' dir='ltr'><strong>scripsi</strong></span> <span class='ocrx_word' id='word_1_345' title='bbox 2018 3392 2138 3430; x_wconf 87' lang='lat' dir='ltr'><strong>cum</strong></span> <span class='ocrx_word' id='word_1_346' title='bbox 2179 3376 2314 3432; x_wconf 83' lang='lat' dir='ltr'><strong>libri</strong></span> <span class='ocrx_word' id='word_1_347' title='bbox 2439 3391 2466 3428; x_wconf 85' lang='lat' dir='ltr'><strong>a</strong></span> <span class='ocrx_word' id='word_1_348' title='bbox 2501 3383 2553 3430; x_wconf 83' lang='lat' dir='ltr'><strong>te</strong></span> <span class='ocrx_word' id='word_1_349' title='bbox 2587 3373 2644 3447; x_wconf 76' lang='lat' dir='ltr'><strong>(i.</strong></span> <span class='ocrx_word' id='word_1_350' title='bbox 2677 3391 2724 3430; x_wconf 83' lang='lat' dir='ltr'><strong>e.</strong></span> <span class='ocrx_word' id='word_1_351' title='bbox 2757 3384 2810 3430; x_wconf 82' lang='lat' dir='ltr'><strong>at</strong></span> <span class='ocrx_word' id='word_1_352' title='bbox 2841 3373 2915 3446; x_wconf 86' lang='lat' dir='ltr'><strong>te)</strong></span> 
     </span>
     <span class='ocr_line' id='line_1_38' title="bbox 618 3459 2910 3534; baseline -0.001 -17"><span class='ocrx_word' id='word_1_353' title='bbox 618 3463 853 3519; x_wconf 81' lang='lat' dir='ltr'><strong>Abrinc.</strong></span> <span class='ocrx_word' id='word_1_354' title='bbox 904 3461 1029 3517; x_wconf 84' lang='lat' dir='ltr'><strong>Erl.</strong></span> <span class='ocrx_word' id='word_1_355' title='bbox 1076 3461 1193 3531; x_wconf 81' lang='lat' dir='ltr'><strong>ab,</strong></span> <span class='ocrx_word' id='word_1_356' title='bbox 1254 3460 1392 3533; x_wconf 74' lang='lat' dir='ltr'><strong>Lay.</strong></span> <span class='ocrx_word' id='word_1_357' title='bbox 1455 3464 1671 3534; x_wconf 80' lang='lat' dir='ltr'><strong>aliquot</strong></span> <span class='ocrx_word' id='word_1_358' title='bbox 1729 3459 1794 3515; x_wconf 83' lang='lat' dir='ltr'><strong>ad</strong></span> <span class='ocrx_word' id='word_1_359' title='bbox 1842 3469 1896 3517; x_wconf 84' lang='lat' dir='ltr'><strong>te</strong></span> <span class='ocrx_word' id='word_1_360' title='bbox 1942 3463 2124 3516; x_wconf 81' lang='lat' dir='ltr'><strong>ceteri</strong></span> <span class='ocrx_word' id='word_1_361' title='bbox 2167 3460 2329 3533; x_wconf 53' lang='grc' dir='ltr'><strong>ιαμ,</strong></span> <span class='ocrx_word' id='word_1_362' title='bbox 2393 3460 2532 3515; x_wconf 81' lang='lat' dir='ltr'><strong>Vict.</strong></span> <span class='ocrx_word' id='word_1_363' title='bbox 2584 3460 2726 3515; x_wconf 82' lang='lat' dir='ltr'><strong>Gud.</strong></span> <span class='ocrx_word' id='word_1_364' title='bbox 2776 3467 2910 3528; x_wconf 69' lang='lat' dir='ltr'><strong>tre-3,</strong></span> 
     </span>
     <span class='ocr_line' id='line_1_39' title="bbox 620 3541 2916 3615; baseline -0.002 -11"><span class='ocrx_word' id='word_1_365' title='bbox 620 3550 704 3604; x_wconf 82' lang='lat' dir='ltr'><strong>ed.</strong></span> <span class='ocrx_word' id='word_1_366' title='bbox 738 3547 903 3603; x_wconf 89' lang='lat' dir='ltr'><strong>Rom.</strong></span> <span class='ocrx_word' id='word_1_367' title='bbox 1035 3543 1115 3601; x_wconf 85' lang='lat'><strong>35</strong></span> <span class='ocrx_word' id='word_1_368' title='bbox 1162 3544 1369 3600; x_wconf 81' lang='lat' dir='ltr'><strong>exiliuit</strong></span> <span class='ocrx_word' id='word_1_369' title='bbox 1400 3541 1606 3602; x_wconf 76' lang='lat' dir='ltr'><strong>Aldina</strong></span> <span class='ocrx_word' id='word_1_370' title='bbox 1639 3545 1828 3601; x_wconf 81' lang='lat' dir='ltr'><strong>exiluit</strong></span> <span class='ocrx_word' id='word_1_371' title='bbox 1857 3547 1981 3601; x_wconf 82' lang='lat' dir='ltr'><strong>cod.</strong></span> <span class='ocrx_word' id='word_1_372' title='bbox 2112 3544 2191 3601; x_wconf 85' lang='lat'><strong>36</strong></span> <span class='ocrx_word' id='word_1_373' title='bbox 2223 3546 2298 3600; x_wconf 83' lang='lat' dir='ltr'><strong>ite</strong></span> <span class='ocrx_word' id='word_1_374' title='bbox 2330 3545 2552 3615; x_wconf 76' lang='lat' dir='ltr'><strong>addidi,</strong></span> <span class='ocrx_word' id='word_1_375' title='bbox 2583 3562 2688 3601; x_wconf 86' lang='lat' dir='ltr'><strong>om.</strong></span> <span class='ocrx_word' id='word_1_376' title='bbox 2725 3558 2916 3600; x_wconf 77' lang='lat' dir='ltr'><strong>exe-m·</strong></span> 
     </span>
     <span class='ocr_line' id='line_1_40' title="bbox 614 3621 2914 3707; baseline -0.002 -20"><span class='ocrx_word' id='word_1_377' title='bbox 614 3634 813 3705; x_wconf 78' lang='lat' dir='ltr'><strong>pluria</strong></span> <span class='ocrx_word' id='word_1_378' title='bbox 986 3628 1064 3686; x_wconf 88' lang='grc'><strong>37</strong></span> <span class='ocrx_word' id='word_1_379' title='bbox 1114 3621 1198 3707; x_wconf 81' lang='grc' dir='ltr'>ιιι]</span> <span class='ocrx_word' id='word_1_380' title='bbox 1233 3637 1288 3684; x_wconf 83' lang='lat' dir='ltr'><strong>et</strong></span> <span class='ocrx_word' id='word_1_381' title='bbox 1319 3629 1445 3685; x_wconf 85' lang='lat' dir='ltr'><strong>Pal.</strong></span> <span class='ocrx_word' id='word_1_382' title='bbox 1485 3631 1535 3684; x_wconf 87' lang='grc' dir='ltr'><em>Β</em></span> <span class='ocrx_word' id='word_1_383' title='bbox 1580 3631 1748 3686; x_wconf 83' lang='lat' dir='ltr'><strong>Bodl.</strong></span> <span class='ocrx_word' id='word_1_384' title='bbox 1828 3676 1835 3684; x_wconf 90' lang='lat'><em>.</em></span> <span class='ocrx_word' id='word_1_385' title='bbox 1881 3629 2013 3685; x_wconf 84' lang='lat' dir='ltr'><strong>nihil</strong></span> <span class='ocrx_word' id='word_1_386' title='bbox 2055 3631 2191 3685; x_wconf 77' lang='lat' dir='ltr'><strong>libri</strong></span> <span class='ocrx_word' id='word_1_387' title='bbox 2227 3629 2364 3701; x_wconf 78' lang='lat' dir='ltr'><strong>fere</strong></span> <span class='ocrx_word' id='word_1_388' title='bbox 2394 3644 2587 3686; x_wconf 81' lang='lat' dir='ltr'><strong>omnes</strong></span> <span class='ocrx_word' id='word_1_389' title='bbox 2632 3628 2759 3685; x_wconf 83' lang='lat' dir='ltr'><strong>mihi</strong></span> <span class='ocrx_word' id='word_1_390' title='bbox 2803 3645 2914 3684; x_wconf 89' lang='lat' dir='ltr'><strong>non</strong></span> 
     </span>
     <span class='ocr_line' id='line_1_41' title="bbox 619 3710 2918 3787; baseline -0.002 -14"><span class='ocrx_word' id='word_1_391' title='bbox 619 3717 900 3773; x_wconf 78' lang='lat' dir='ltr'><strong>Dauisius</strong></span> <span class='ocrx_word' id='word_1_392' title='bbox 942 3715 1078 3770; x_wconf 76' lang='lat' dir='ltr'><strong>dicit</strong></span> <span class='ocrx_word' id='word_1_393' title='bbox 1124 3730 1250 3770; x_wconf 82' lang='lat' dir='ltr'><strong>esse</strong></span> <span class='ocrx_word' id='word_1_394' title='bbox 1294 3717 1352 3768; x_wconf 80' lang='lat' dir='ltr'><strong>in</strong></span> <span class='ocrx_word' id='word_1_395' title='bbox 1397 3716 1539 3771; x_wconf 81' lang='lat' dir='ltr'><strong>Par.</strong></span> <span class='ocrx_word' id='word_1_396' title='bbox 1586 3734 1621 3770; x_wconf 87' lang='grc' dir='ltr'><em>α</em></span> <span class='ocrx_word' id='word_1_397' title='bbox 1667 3721 1722 3769; x_wconf 79' lang='lat' dir='ltr'><strong>et</strong></span> <span class='ocrx_word' id='word_1_398' title='bbox 1753 3715 1815 3784; x_wconf 73' lang='grc' dir='ltr'><strong>ὁ,</strong></span> <span class='ocrx_word' id='word_1_399' title='bbox 1857 3715 2011 3770; x_wconf 82' lang='lat' dir='ltr'><strong>Ball.</strong></span> <span class='ocrx_word' id='word_1_400' title='bbox 2060 3710 2249 3786; x_wconf 78' lang='lat' dir='ltr'><em>(Oxae.</em></span> <span class='ocrx_word' id='word_1_401' title='bbox 2298 3710 2528 3787; x_wconf 71' lang='lat' dir='ltr'><strong>neqant)</strong></span> <span class='ocrx_word' id='word_1_402' title='bbox 2700 3720 2918 3769; x_wconf 77' lang='lat' dir='ltr'><strong>constet</strong></span> 
     </span>
     <span class='ocr_line' id='line_1_42' title="bbox 622 3794 2920 3871; baseline -0.003 -13"><span class='ocrx_word' id='word_1_403' title='bbox 622 3808 855 3858; x_wconf 78' lang='lat' dir='ltr'><strong>tuentur</strong></span> <span class='ocrx_word' id='word_1_404' title='bbox 901 3800 1200 3855; x_wconf 78' lang='lat' dir='ltr'><strong>Bentleius</strong></span> <span class='ocrx_word' id='word_1_405' title='bbox 1255 3806 1308 3854; x_wconf 82' lang='lat' dir='ltr'><strong>et</strong></span> <span class='ocrx_word' id='word_1_406' title='bbox 1352 3798 1663 3855; x_wconf 80' lang='lat' dir='ltr'><strong>Maduicus</strong></span> <span class='ocrx_word' id='word_1_407' title='bbox 1717 3803 1956 3854; x_wconf 81' lang='lat' dir='ltr'><strong>constet²</strong></span> <span class='ocrx_word' id='word_1_408' title='bbox 2003 3794 2142 3870; x_wconf 77' lang='lat' dir='ltr'><strong>(eum</strong></span> <span class='ocrx_word' id='word_1_409' title='bbox 2202 3797 2315 3871; x_wconf 81' lang='lat' dir='ltr'><strong>qui)</strong></span> <span class='ocrx_word' id='word_1_410' title='bbox 2360 3799 2487 3854; x_wconf 83' lang='lat' dir='ltr'><strong>Pal.</strong></span> <span class='ocrx_word' id='word_1_411' title='bbox 2537 3799 2591 3853; x_wconf 86' lang='lat' dir='ltr'><em>B</em></span> <span class='ocrx_word' id='word_1_412' title='bbox 2635 3805 2920 3853; x_wconf 84' lang='lat' dir='ltr'><strong>constetur</strong></span> 
     </span>
     <span class='ocr_line' id='line_1_43' title="bbox 625 3882 2919 3952; baseline -0.002 -11"><span class='ocrx_word' id='word_1_413' title='bbox 625 3887 790 3943; x_wconf 83' lang='lat' dir='ltr'><strong>Bodl.</strong></span> <span class='ocrx_word' id='word_1_414' title='bbox 838 3891 1082 3939; x_wconf 86' lang='lat' dir='ltr'><strong>constem</strong></span> <span class='ocrx_word' id='word_1_415' title='bbox 1128 3886 1305 3944; x_wconf 77' lang='lat' dir='ltr'><strong>eidem</strong></span> <span class='ocrx_word' id='word_1_416' title='bbox 1355 3885 1582 3940; x_wconf 77' lang='lat' dir='ltr'><strong>Dam&#39;se‘i</strong></span> <span class='ocrx_word' id='word_1_417' title='bbox 1624 3884 1785 3939; x_wconf 80' lang='lat' dir='ltr'><strong>codd.</strong></span> <span class='ocrx_word' id='word_1_418' title='bbox 1960 3883 2125 3937; x_wconf 80' lang='lat' dir='ltr'><strong>Tanta</strong></span> <span class='ocrx_word' id='word_1_419' title='bbox 2181 3893 2369 3939; x_wconf 78' lang='lat' dir='ltr'><strong>auctus</strong></span> <span class='ocrx_word' id='word_1_420' title='bbox 2425 3899 2544 3938; x_wconf 87' lang='lat' dir='ltr'><strong>sum</strong></span> <span class='ocrx_word' id='word_1_421' title='bbox 2591 3882 2812 3952; x_wconf 74' lang='lat' dir='ltr'><strong>laetitia,</strong></span> <span class='ocrx_word' id='word_1_422' title='bbox 2860 3889 2919 3936; x_wconf 84' lang='lat' dir='ltr'><strong>ut</strong></span> 
     </span>
     <span class='ocr_line' id='line_1_44' title="bbox 622 3967 2917 4037; baseline -0.002 -11"><span class='ocrx_word' id='word_1_423' title='bbox 622 3986 730 4026; x_wconf 88' lang='lat' dir='ltr'><strong>non</strong></span> <span class='ocrx_word' id='word_1_424' title='bbox 776 3976 1017 4025; x_wconf 76' lang='lat' dir='ltr'><strong>constem</strong></span> <span class='ocrx_word' id='word_1_425' title='bbox 1064 3970 1192 4024; x_wconf 82' lang='lat' dir='ltr'><strong>mihi</strong></span> <span class='ocrx_word' id='word_1_426' title='bbox 1240 3969 1484 4025; x_wconf 77' lang='lat' dir='ltr'><strong>Bothius</strong></span> <span class='ocrx_word' id='word_1_427' title='bbox 1543 3976 1687 4024; x_wconf 76' lang='lat' dir='ltr'><strong>tanta</strong></span> <span class='ocrx_word' id='word_1_428' title='bbox 1734 3968 1931 4023; x_wconf 71' lang='lat' dir='ltr'><strong>laetitia</strong></span> <span class='ocrx_word' id='word_1_429' title='bbox 1978 3975 2167 4022; x_wconf 83' lang='lat' dir='ltr'><strong>auctus</strong></span> <span class='ocrx_word' id='word_1_430' title='bbox 2222 3984 2339 4023; x_wconf 85' lang='lat' dir='ltr'><strong>sum</strong></span> <span class='ocrx_word' id='word_1_431' title='bbox 2398 3976 2459 4023; x_wconf 83' lang='lat' dir='ltr'><strong>ut</strong></span> <span class='ocrx_word' id='word_1_432' title='bbox 2503 3967 2636 4023; x_wconf 85' lang='lat' dir='ltr'><strong>nihil</strong></span> <span class='ocrx_word' id='word_1_433' title='bbox 2680 3975 2917 4037; x_wconf 83' lang='lat' dir='ltr'><strong>constet,</strong></span> 
     </span>
     <span class='ocr_line' id='line_1_45' title="bbox 623 4052 2919 4130; baseline -0.002 -20"><span class='ocrx_word' id='word_1_434' title='bbox 623 4055 768 4130; x_wconf 83' lang='lat' dir='ltr'><strong>quod</strong></span> <span class='ocrx_word' id='word_1_435' title='bbox 801 4069 955 4125; x_wconf 80' lang='lat' dir='ltr'><strong>agam</strong></span> <span class='ocrx_word' id='word_1_436' title='bbox 986 4053 1112 4110; x_wconf 85' lang='lat' dir='ltr'><strong>mihi</strong></span> <span class='ocrx_word' id='word_1_437' title='bbox 1147 4055 1457 4125; x_wconf 73' lang='lat' dir='ltr'><strong>Berylcius,</strong></span> <span class='ocrx_word' id='word_1_438' title='bbox 1489 4055 1694 4125; x_wconf 81' lang='lat' dir='ltr'><strong>quibus</strong></span> <span class='ocrx_word' id='word_1_439' title='bbox 1723 4056 1915 4108; x_wconf 79' lang='lat' dir='ltr'><strong>statim</strong></span> <span class='ocrx_word' id='word_1_440' title='bbox 1946 4054 2366 4125; x_wconf 71' lang='lat' dir='ltr'><strong>adiunqendum</strong></span> <span class='ocrx_word' id='word_1_441' title='bbox 2398 4056 2608 4109; x_wconf 76' lang='lat' dir='ltr'><strong>conicit</strong></span> <span class='ocrx_word' id='word_1_442' title='bbox 2656 4052 2919 4108; x_wconf 80' lang='lat' dir='ltr'><strong>Trabeae</strong></span> 
     </span>
     <span class='ocr_line' id='line_1_46' title="bbox 615 4137 2919 4213; baseline -0.003 -17"><span class='ocrx_word' id='word_1_443' title='bbox 615 4141 702 4213; x_wconf 80' lang='lat' dir='ltr'><strong>fr.</strong></span> <span class='ocrx_word' id='word_1_444' title='bbox 747 4140 798 4198; x_wconf 94' lang='grc' dir='ltr'><strong>Ι.</strong></span> <span class='ocrx_word' id='word_1_445' title='bbox 869 4138 1081 4195; x_wconf 81' lang='lat' dir='ltr'><strong>Nostra</strong></span> <span class='ocrx_word' id='word_1_446' title='bbox 1138 4140 1555 4194; x_wconf 74' lang='lat' dir='ltr'><strong>commendauit</strong></span> <span class='ocrx_word' id='word_1_447' title='bbox 1611 4138 1938 4194; x_wconf 79' lang='lat' dir='ltr'><strong>Maduicus.</strong></span> <span class='ocrx_word' id='word_1_448' title='bbox 2027 4137 2321 4210; x_wconf 72' lang='lat' dir='ltr'><strong>Inteyrum</strong></span> <span class='ocrx_word' id='word_1_449' title='bbox 2379 4141 2670 4193; x_wconf 80' lang='lat' dir='ltr'><strong>senarium</strong></span> <span class='ocrx_word' id='word_1_450' title='bbox 2722 4139 2919 4193; x_wconf 79' lang='lat' dir='ltr'><strong>elicies</strong></span> 
     </span>
     <span class='ocr_line' id='line_1_47' title="bbox 625 4221 2523 4298; baseline -0.003 -17"><span class='ocrx_word' id='word_1_451' title='bbox 625 4224 1087 4298; x_wconf 80' lang='lat' dir='ltr'><strong>transponendo,-</strong></span> <span class='ocrx_word' id='word_1_452' title='bbox 1136 4223 1280 4279; x_wconf 59' lang='lat' dir='ltr'><strong>tanta</strong></span> <span class='ocrx_word' id='word_1_453' title='bbox 1324 4239 1443 4278; x_wconf 84' lang='lat' dir='ltr'><strong>sum</strong></span> <span class='ocrx_word' id='word_1_454' title='bbox 1491 4223 1689 4279; x_wconf 77' lang='lat' dir='ltr'><strong>laetitia</strong></span> <span class='ocrx_word' id='word_1_455' title='bbox 1735 4221 1956 4288; x_wconf 67' lang='grc' dir='ltr'><strong>εύειιιε,</strong></span> <span class='ocrx_word' id='word_1_456' title='bbox 2010 4230 2066 4277; x_wconf 86' lang='grc' dir='ltr'><strong>ιιι</strong></span> <span class='ocrx_word' id='word_1_457' title='bbox 2113 4221 2329 4277; x_wconf 75' lang='lat' dir='ltr'><strong>constet</strong></span> <span class='ocrx_word' id='word_1_458' title='bbox 2374 4221 2523 4276; x_wconf 87' lang='lat' dir='ltr'><strong>nihil.</strong></span> 
     </span>
    </p>
   </div>
  </div>
 </body>
</html>
