3400 5075
1420 289 1777 345 ADDENDA
2543 294 2744 351 CXVII

436 456 536 517 est
583 451 1105 517 adulescentulus
1151 454 1309 535 puto
1357 454 1576 518 nescio
1625 454 1798 537 quis,
1845 456 2067 538 quales
2114 455 2183 518 in
2228 455 2561 539 palaestra
2607 458 2738 524 ista

436 560 812 624 tirocinium
880 558 1233 622 insolenter
1303 581 1494 643 saepe
1554 561 1992 625 balbutientes
2054 582 2292 645 ponere
2355 561 2583 627 solent.
2674 568 2741 629 et

436 689 828 752 quamquam
870 665 1221 731 verendum
1268 664 1377 728 vix
1423 669 1550 750 est,
1604 689 1685 730 ne
1733 668 1946 750 perito
1996 668 2294 751 cuiquam
2340 670 2480 732 tam
2526 669 2737 735 inanis

436 775 807 840 coniectura
853 773 1243 856 inposuerit,
1286 775 1532 857 tamen,
1578 795 1658 836 ne
1709 773 2071 838 doctissimi
2113 773 2235 837 viri
2280 776 2738 843 auctoritatem

435 903 734 966 spernere
790 879 1039 963 videar,
1094 879 1379 943 breviter
1436 879 1588 962 quid
1636 880 1713 944 de
1762 879 2066 964 Scipione
2111 885 2411 963 poemate
2460 883 2738 949 sentiam

433 1011 772 1073 exponam.
864 985 959 1051 Ac
1005 986 1291 1070 primum
1328 1008 1571 1071 paucae
1600 987 1751 1051 illae
1782 1010 1944 1071 quae
1975 990 2200 1051 extant
2228 985 2429 1073 (apud
2458 972 2738 1055 Gellium

431 1095 524 1160 IV
574 1097 609 1160 7
670 1097 734 1159 et
788 1092 1196 1158 Macrobium
1252 1090 1386 1156 Sat.
1431 1091 1527 1156 VI
1573 1095 1614 1156 2
1673 1096 1739 1157 et
1786 1092 1856 1180 4)
1916 1097 2091 1158 certo
2154 1093 2532 1159 testimonio
2590 1096 2735 1161 inde

431 1206 769 1286 excerptae
833 1199 1141 1284 reliquiae
1208 1220 1283 1262 eo
1348 1199 1521 1262 inter
1586 1221 1654 1262 se
1721 1200 1911 1283 plane
1978 1203 2367 1284 congruunt,
2435 1200 2604 1284 quod
2670 1205 2736 1266 et

430 1311 601 1375 intra
649 1331 863 1373 merae
910 1305 1309 1381 narrationis
1356 1306 1459 1368 vel
1507 1304 1958 1389 descriptionis
2005 1306 2167 1370 fines
2214 1307 2626 1371 continentur
2672 1313 2740 1373 et

429 1415 654 1481 eodem
714 1417 958 1498 metm,
1027 1411 1343 1496 quadrato
1404 1410 1741 1497 nimirum,
1812 1411 2315 1497 comprehensae
2375 1416 2543 1479 sunt.
2634 1418 2735 1479 est

430 1523 646 1584 autem
690 1520 923 1584 horum
971 1542 1272 1584 versuum
1321 1541 1427 1582 ars
1475 1518 1667 1601 plane
1716 1518 1972 1584 diversa
2019 1542 2058 1582 a
2105 1519 2545 1585 scaenicorum
2590 1543 2730 1605 sep-

427 1628 824 1692 tenariorum
885 1627 1169 1691 licentia.
1259 1647 1411 1688 nam
1464 1647 1670 1709 neque
1728 1626 1975 1689 solutas
2034 1647 2256 1690 arseos
2313 1648 2475 1709 quae
2530 1628 2728 1711 vulgo

427 1733 663 1798 dicitur
709 1733 996 1817 syllabas
1043 1754 1249 1816 neque
1296 1732 1763 1796 vocabulorum
1798 1754 2161 1816 mensuras,
2208 1752 2371 1815 quae
2399 1731 2467 1794 in
2497 1754 2730 1797 scaena

426 1842 730 1926 regnant,
795 1841 858 1904 in
923 1840 1057 1905 illis
1120 1838 1408 1904 offendas
1466 1842 1532 1902 et
1587 1836 1985 1904 Graecanica
2042 1836 2380 1923 diligentia
2435 1842 2727 1905 servatos

425 1947 802 2031 plerumque
858 1948 1091 2011 saltem
1147 1947 1214 2010 in
1270 1945 1530 2010 sedibus
1587 1945 1926 2028 inparibus
1982 1966 2182 2028 puros
2240 1944 2584 2011 trochaeos
2632 1968 2727 2009 re-

423 2054 659 2138 perias,
751 2057 942 2139 atque
1009 2053 1090 2118 ad
1155 2052 1423 2117 eandem
1479 2073 1779 2116 normam
1837 2049 2060 2138 (quam
2116 2073 2262 2116 raro
2308 2052 2538 2119 ,soluta
2594 2053 2727 2119 arsi

423 2182 555 2226 non
591 2161 831 2226 mutari
876 2157 1115 2246 sentio)
1143 2158 1524 2243 Epicharmi
1553 2180 1806 2242 quoque
1835 2157 2119 2221 Enniani
2148 2159 2399 2222 numeri
2429 2159 2727 2225 videntur

424 2269 676 2333 excussi
720 2268 940 2333 fuisse.
1015 2266 1276 2331 unicum
1322 2287 1475 2331 vero
1513 2264 1866 2331 frustulum
1894 2264 2081 2347 illud,
2129 2264 2206 2327 de
2235 2265 2416 2329 cuius
2447 2267 2727 2350 genuina

422 2372 636 2438 forma
682 2374 923 2439 totiens
971 2373 1143 2437 inter
1188 2373 1413 2437 doctos
1462 2372 1828 2436 dubitatum
1877 2374 2002 2454 est,
2050 2370 2332 2435 dubitari
2378 2375 2552 2436 certe
2593 2395 2727 2439 non

423 2478 701 2545 debebat
745 2480 902 2564 quin
945 2479 1137 2545 unius
1186 2479 1501 2564 continui,
1547 2500 1680 2544 non
1707 2478 1990 2562 plurium
2020 2499 2323 2542 versuum
2356 2477 2460 2546 sit.
2523 2481 2722 2546 testa-

421 2589 527 2651 tur
588 2587 760 2651 enim
826 2587 966 2671 ipse
1026 2585 1286 2651 Servius
1347 2587 1429 2652 ad
1485 2585 1645 2649 Aen.
1690 2585 1785 2648 XI
1833 2586 1991 2649 601:
2055 2585 2185 2650 ‘est
2245 2588 2462 2650 autem
2515 2608 2722 2655 versus

419 2694 762 2759 Ennianus
790 2694 1215 2777 ,vituperatus
1273 2716 1312 2758 a
1356 2692 1606 2757 Lucilio
1663 2692 1913 2757 dicente
1960 2714 2078 2775 per
2123 2692 2519 2778 irrisionem,
2573 2718 2721 2761 eum

421 2800 719 2865 debuisse
774 2799 983 2865 dicere
1027 2799 1234 2865 horret
1285 2806 1342 2865 et
1391 2798 1600 2882 alyet'.
1691 2798 1802 2882 qui
1848 2799 1918 2862 in
1964 2820 2089 2882 quo
2139 2803 2503 2864 saturarum
2549 2800 2717 2868 libro

422 2907 715 2989 exemplo
781 2906 895 2970 illo
961 2927 1116 2971 usus
1181 2907 1294 2991 sit,
1357 2908 1639 2971 testatur
1702 2926 1912 2970 nemo,
2005 2927 2168 2989 quae
2223 2928 2367 2970 cum
2423 2906 2518 2972 ita
2572 2908 2720 2996 sint,

420 3012 799 3078 manifestos
856 3012 926 3076 in
978 3012 1103 3077 hoc
1158 3034 1412 3097 quoque
1467 3012 1680 3076 frusto
1727 3011 1975 3076 retineo
2022 3012 2391 3098 trochanS,
2447 3034 2717 3098 cumque

420 3119 784 3204 Vergilium
830 3119 934 3183 his
983 3117 1259 3182 ‘ferreus
1304 3118 1515 3184 hastis
1543 3118 1791 3184 Horret
1834 3119 2020 3204 ager’
2058 3119 2359 3184 Enniana
2388 3119 2718 3185 imitatum

418 3249 560 3291 esse
635 3226 903 3291 adnotet
964 3223 1371 3310 MacrobiuS,
1446 3224 1887 3308 septenarium
1949 3224 2187 3298 Rudini
2249 3227 2482 3309 poetae
2543 3225 2716 3293 hunc

415 3333 617 3397 fuisse
665 3331 940 3397 conicio:
1241 3407 1242 3410 Ἴ
2046 3413 2049 3416 .

505 3440 771 3523 sparsus
815 3438 1026 3503 hastis
1072 3438 1285 3524 longis
1333 3459 1600 3522 campus
1649 3437 1948 3521 sple'ndet
1991 3436 2216 3502 horret
2260 3433 2590 3503 (ferreus)

418 3568 608 3631 quem
653 3544 942 3610 Lucilius
989 3544 1058 3607 in
1102 3545 1420 3608 librorum
1445 3542 1970 3609 XXVI—XXIX
2017 3543 2233 3626 aliquo
2282 3543 2375 3609 sic
2420 3544 2490 3607 in
2535 3545 2713 3610 exitu

416 3652 832 3737 perverterit,
880 3654 955 3715 ut
1000 3650 1196 3715 scribi
1242 3649 1495 3715 iuberet
1536 3652 1743 3717 horret
1783 3652 1943 3733 alyet
1982 3650 2237 3731 femen-3.
2323 3672 2476 3715 nam
2523 3673 2712 3735 asyn-

415 3760 613 3825 deton
675 3759 1019 3824 verborum
1082 3759 1311 3821 notum
1374 3761 1477 3823 est
1540 3781 1732 3843 quam
1794 3757 2069 3822 vetustis
2131 3757 2344 3841 poetis
2400 3758 2711 3825 sollemne

412 3865 634 3949 fuerit,
678 3885 932 3948 sparsus
979 3866 1194 3928 autem
1242 3866 1308 3928 et
1352 3886 1656 3931 numeros
1705 3865 1999 3948 puriores
2046 3866 2114 3927 et
2160 3886 2522 3930 sermonem
2560 3887 2707 3932 con-

415 3972 766 4036 cinniorem
804 3971 1032 4036 reddit.
1098 3971 1567 4055 displicuerunt
1592 3971 1844 4038 Lucilio
1886 3970 2126 4055 singuli
2150 3970 2348 4055 pedes
2376 3973 2712 4040 trochaici.

591 4077 860 4143 Accedit
914 4079 1086 4162 quod
1141 4076 1374 4142 Suidae
1431 4099 1684 4162 quoque
1741 4100 1792 4143 s.
1846 4100 1904 4141 v.
1949 4071 2224 4154 ’Ἑννιος
2286 4079 2486 4143 verba
2545 4079 2709 4144 haec

412 4187 762 4250 Σκιπίωνα
810 4194 937 4271 γὰρ
983 4179 1079 4274 α”ὃ
1093 4209 1200 4250 ων
1245 4182 1355 4249 καὶ
1395 4181 1499 4248 ἐπὶ
1536 4182 1704 4269 μέγα
1743 4182 1968 4269 ἐξᾶραι
1994 4180 2116 4248 τὸν
2143 4178 2362 4268 ἄνδρα
2386 4181 2705 4269 βουλόμε-

416 4286 533 4368 νός
576 4308 740 4376 φησι
797 4287 1049 4376 μόνον
1098 4285 1192 4358 ἂν
1231 4287 1571 4376 Ὅμηρον
1620 4288 1991 4369 ἑπαξίους
2036 4287 2407 4368 ἐπαίνους
2462 4292 2705 4357 εἰπεῖν
