3400 5075
1236 0 1531 35 utussuual
1545 0 1573 36 V
1588 0 1624 34 b
1663 0 1874 35 b'l'A'rl
1888 0 1916 34 V
1931 0 1966 34 b

1505 140 1601 203 III
1681 141 1722 203 ὃ

650 254 777 317 Abi
826 252 978 318 hinc
1025 260 1095 319 tu
1108 306 1125 338 ‚
1174 255 1428 319 stolide:
1481 139 1775 341 [uss](illi
1821 259 1894 319 ut
1938 255 2056 319 tibi
2105 253 2193 318 sit
2241 259 2438 339 pater.

1502 396 1595 460 IV
1645 396 1744 481 (3)

649 511 932 595 Quaeso,
978 535 1059 575 ne
1107 518 1347 576 temere
1393 512 1563 575 hanc
1609 514 1746 575 rem
1793 526 1976 596 agas,
2023 535 2103 576 ne
2152 513 2559 577 iracunditer.

1507 626 1566 690 V
1616 625 1718 712 (2)

646 740 817 805 Nam
865 742 931 805 hi
973 746 1124 806 siint
1169 742 1412 823 inimici
1458 742 1740 825 pessumi
1788 742 2001 806 fronte
2049 741 2261 806 hilaro
2272 794 2290 826 ,
2338 743 2526 806 corde
2577 741 2767 826 tristi,

516 856 601 919 80
648 855 822 932 Quos
870 861 1076 942 neque
1124 861 1198 921 ut
1242 857 1602 942 adprendas
1650 860 1858 941 neque
1904 858 2001 921 uti
2049 857 2336 921 dimittas
2386 859 2568 922 scias.

1498 972 1592 1036 VI
1642 971 1743 1058 (7)

652 1138 1091 1151 .....
1140 1087 1353 1151 subito
1401 1110 1502 1151 res
1550 1088 1821 1152 reddent
1868 1088 2096 1151 hebem

1485 1201 1615 1266 VII
1665 1201 1765 1287 (6)

648 1341 1009 1407 Habitabat
1055 1344 1122 1405 in
1171 1344 1496 1426 tuguriolo
1543 1343 1957 1427 pauperculo.

471 1533 624 1607 Grut.
763 1536 966 1602 hippo
1006 1538 1191 1587 Bamb.
1230 1538 1440 1586 Amien.
1482 1537 1652 1601 Bong.
1689 1535 1855 1586 Halb.
1896 1537 2109 1601 hyppo
2146 1538 2275 1586 Vat.
2314 1552 2380 1586 m.
2418 1536 2531 1599 alt.,
2570 1554 2670 1592 om,
2700 1556 2766 1591 m.

589 1611 599 1634 ι
980 1605 991 1616 ·
2410 1605 2422 1618 ’
2753 1635 2767 1640 -

469 1618 764 1719 ξιοὶἰξιιροοθ
778 1604 1132 1721 ἓθὲοὺὲξῑξὲ
1159 1604 1560 1736 ξῐῖἱιῑίἱαυιιιιὲἷο
1598 1607 1766 1721 saiilgl.
1800 1605 2004 1721 {lglslttiis
2032 1620 2206 1736 epppgq
2218 1603 2768 1734 Ὶοῖἑῗιὶτοιοιῗίἴίἳιζ,

469 1736 672 1787 stultus
711 1765 777 1774 —
812 1766 879 1776 —
916 1737 1196 1789 Caecilius
1234 1740 1289 1787 in
1328 1738 1792 1802 Hypobolimaeo:
1834 1739 1947 1787 abi‘
1986 1755 2034 1789 e.
2062 1754 2112 1802 q.
2150 1754 2192 1788 s.
2265 1739 2471 1800 Senex,
2510 1756 2662 1805 quem
2702 1741 2768 1791 de

468 1804 806 1855 restituendo
852 1805 1245 1857 Chaerestrato
1294 1806 1655 1869 tergiuersari
1698 1812 1890 1854 narrat
1926 1806 2305 1866 Quintilianus
2346 1808 2372 1856 1
2414 1810 2498 1869 10,
2547 1807 2769 1858 stultum

468 1872 606 1922 dicit
643 1872 1081 1935 adulescentem,
1121 1875 1215 1939 qui
1252 1889 1371 1922 cum
1399 1874 1467 1922 ab
1505 1873 1628 1937 ipso
1655 1872 1861 1936 optime
1887 1872 2109 1923 habitus
2137 1873 2329 1934 fuerit,
2365 1870 2556 1925 iamin
2594 1876 2769 1940 ignoti

465 1938 704 1989 hominis
750 1941 963 1989 domum
1011 1942 1349 1991 transiturus
1395 1941 1487 1990 sit.
1659 1940 1734 1988 1v
1782 1940 1990 1991 Nonius
2036 1942 2160 2001 515,
2209 1944 2234 1989 1
2286 1941 2769 1993 ‘iracunditer.

470 2006 749 2056 Caecilius
788 2007 1184 2057 Subditium
1222 2012 1450 2073 quaeso’
1488 2024 1536 2059 e.
1576 2023 1626 2072 q.
1667 2022 1715 2057 s.
1786 2004 1870 2056 Cf.
1898 2006 2182 2057 Menandri
2221 2010 2326 2057 inc.
2366 2009 2540 2058 XXV:
2581 2007 2635 2061 εἰ
2668 2009 2767 2061 καὶ

466 2066 688 2137 σφόδρ’
726 2064 946 2139 ἀλγεῖς,
985 2071 1168 2141 μηδὲν
1206 2069 1589 2141 ἠρεθισμένος
1628 2067 1860 2141 Πράξῃς
1897 2073 2211 2137 προπετῶς·
2262 2068 2363 2141 ὀργ
2384 2074 2440 2134 ’ς
2486 2070 2596 2141 γαρ
2635 2068 2770 2128 ἄλο-

466 2139 664 2206 γίστου
701 2145 935 2205 κρατεῖν
964 2136 1061 2194 Ἐν
1098 2146 1228 2203 ταῖς
1264 2145 1546 2209 ταραχαῖς
1582 2134 1828 2206 μάλιστα
1864 2137 1966 2192 τὸν
2002 2142 2334 2207 φρονοῦντα
2368 2092 2484 2193 3ss.

470 2210 512 2257 V
552 2209 762 2260 Gellius
798 2210 898 2259 XV
934 2213 966 2261 9
1004 2216 1156 2261 ‘uere
1193 2226 1261 2261 ac
1299 2211 1505 2260 diserte
1543 2208 1822 2259 Caecilius
1858 2209 1963 2259 hoc
2010 2211 2066 2258 iu
2104 2210 2468 2261 Subditiuo
2516 2213 2763 2276 scripsit:

466 2281 614 2326 nam‘
655 2293 700 2326 e.
730 2293 780 2341 q.
809 2292 853 2327 s.
927 2277 1051 2329 ‘hos
1092 2294 1194 2342 ego
1230 2294 1451 2339 uersus,
1490 2292 1611 2327 cum
1650 2278 1719 2327 de
1757 2276 1990 2342 quodam
2016 2276 2189 2333 ,istius
2216 2277 2359 2327 modi
2397 2278 2614 2329 bomine
2654 2295 2767 2329 ser-

465 2359 651 2393 mones
690 2352 902 2406 esseut,
940 2348 995 2394 in
1024 2346 1230 2396 circulo
1269 2346 1413 2396 forte
1451 2347 1706 2395 iuuenum
1744 2345 2098 2395 eruditiorum
2134 2345 2263 2394 dixi.
2337 2351 2449 2395 tum
2487 2346 2553 2396 de
2591 2362 2770 2411 gram·

466 2413 792 2462 maticorum
861 2412 1026 2478 uolgo
1091 2414 1361 2478 quispiam
1427 2414 1708 2463 nobiscum
1775 2412 1851 2462 ibi
1920 2413 2198 2463 adsistens
2262 2429 2370 2462 non
2423 2428 2559 2463 sane
2613 2415 2766 2479 igno·

467 2479 625 2528 bilis:
666 2483 899 2544 quauta,
936 2480 1140 2545 inquit,
1177 2480 1404 2530 licentia
1431 2479 1779 2545 audaciaque
1807 2478 2088 2598 &nomm
2113 2480 2201 2529 hic
2229 2481 2349 2542 fuit,
2388 2496 2510 2530 cum
2539 2481 2765 2531 fronte

465 2546 717 2608 hilaro,
755 2562 863 2598 uon
902 2549 1079 2599 fronte
1118 2547 1299 2598 hilara
1334 2549 1476 2598 dixit
1513 2554 1568 2598 et
1602 2555 1714 2597 tam
1753 2548 1810 2597 in
1905 2563 2025 2598 nem
2053 2549 2437 2599 soloecismum
2462 2548 2601 2599 nihil
2627 2552 2767 2600 ueri-

465 2620 554 2664 tus
592 2617 734 2665 estl’
807 2616 1015 2666 Nonius
1051 2619 1168 2678 205,
1208 2619 1232 2665 1
1272 2617 1581 2666 ‘frontem
1624 2616 1887 2666 feminino
1914 2632 2115 2680 genere
2145 2616 2412 2681 Virgilius
2438 2656 2451 2669 .
2479 2655 2491 2667 .
2516 2658 2526 2669 .
2552 2633 2766 2667 mascn-

462 2680 578 2732 lino
596 2683 847 2733 -Titinius
975 2684 1235 2734 feminino
1264 2684 1539 2734 Pacuuius
1567 2720 1578 2732 .
1608 2722 1617 2732 .
1648 2716 1661 2732 .
1688 2682 1830 2733 Cato
1857 2720 1869 2733 .
1892 2721 1902 2732 .
1926 2721 1938 2733 .
1964 2683 2146 2734 fronte
2175 2684 2337 2749 longo
2367 2719 2380 2732 .
2403 2721 2415 2734 .
2443 2720 2456 2733 .
2486 2684 2767 2735 Caecilius

465 2749 858 2800 Subditiuo:
905 2756 1054 2800 nam’
1095 2768 1143 2802 e.
1182 2768 1233 2817 q.
1274 2768 1316 2807 s,
1458 2751 1531 2800 VI
1569 2751 1854 2801 Charisius
1892 2751 1914 2799 1
1963 2766 2014 2816 p.
2053 2753 2147 2802 107
2184 2752 2241 2805 P.
2283 2750 2574 2808 ‘hebem;
2623 2751 2764 2802 Cae-

464 2816 624 2866 cilius
660 2809 1183 2884 ἰιιῬποβολιμαίῳε
1222 2820 1428 2869 subito’
1468 2836 1515 2869 e.
1554 2833 1604 2883 q.
1646 2833 1689 2868 s.
1834 2817 1936 2869 vn
1976 2819 2173 2869 Festus
2200 2836 2249 2884 p.
2277 2821 2376 2869 355
2401 2818 2472 2867 M.
2510 2816 2765 2884 ‘[tugul-

465 2884 566 2933 ria
604 2901 638 2934 a
684 2890 831 2935 tecto
880 2886 1235 2952 appellantur
1274 2885 1573 2953 [domicilia
1611 2884 1956 2952 rusticorum]
2001 2886 2225 2936 sordida
2261 2913 2326 2921 —
2366 2882 2672 2952 [Caecilius
2711 2889 2767 2936 in

462 2950 1025 3018 Hypo]bolimaeo:
1063 2953 1319 3005 habitab.
1356 2988 1908 3006 ................
1938 2953 2203 3018 perculo.’
2266 2952 2672 3017 (⁸¹appellantur
2710 2960 2767 3004 et

466 3130 622 3185 hilari
657 3131 860 3187 Bamb.
893 3131 1113 3187 Am'ien.
1244 3147 1419 3187 scema
1455 3131 1632 3204 Sanq.
1679 3131 1839 3187 Vina.
1871 3132 2052 3203 Bonq.
2088 3129 2270 3185 Barb.
2301 3130 2465 3186 Grut.
2498 3128 2765 3204 Carolir„

463 3224 623 3270 recte
679 3215 924 3271 schaema
970 3216 1114 3287 Rey.
1160 3216 1372 3271 schema
1430 3221 1610 3271 ceteri
1783 3215 1859 3270 77
1908 3216 1990 3268 uis
2053 3217 2142 3270 uel
2202 3216 2354 3269 uisne
2411 3217 2505 3270 uel
2548 3216 2770 3287 aliquid

462 3300 830 3355 inserendum
870 3304 1105 3372 pulsnm
1162 3300 1248 3355 dic
1298 3318 1470 3372 prop.
1519 3300 1921 3356 Buechelerus
2105 3298 2181 3355 illi
2234 3303 2591 3370 interpretor
2623 3299 2764 3369 illie,

461 3386 520 3439 in
566 3385 665 3440 illa
713 3387 892 3441 domo.
945 3385 1033 3440 ille
1082 3385 1353 3455 Botkius,
1393 3384 1538 3456 fort.
1586 3391 1746 3441 recte
1984 3384 2062 3442 78
2110 3400 2319 3439 cemere
2368 3383 2565 3439 Bamb.

462 3484 625 3541 agaS,
680 3485 747 3524 ne
803 3477 938 3525 ante
995 3470 1197 3524 Aldum
1255 3486 1384 3542 agas
1440 3477 1495 3523 et
1552 3485 1619 3524 ne
1674 3471 1812 3525 libri
1825 3495 1839 3524 .-
1901 3474 1982 3549 cf.
2047 3467 2476 3524 CFWMuelter
2527 3469 2764 3539 prosod.

462 3552 655 3608 Plaut.
707 3551 826 3608 154
1042 3553 1125 3611 80
1169 3552 1464 3625 adprendas
1521 3555 1690 3627 uulqo
1729 3553 2108 3629 adprehemlas
2154 3554 2286 3609 libri
2459 3568 2634 3624 neque
2693 3553 2772 3605 uti

461 3634 696 3691 dimittas
755 3639 890 3693 scias
948 3637 1290 3709 Spenyelius
1346 3653 1523 3710 neque
1583 3647 1640 3693 ut
1695 3637 1947 3721 dimittas
2003 3646 2142 3709 scias
2203 3637 2430 3694 Monac.
2489 3635 2780 3706 Spengelii

462 3736 638 3793 neque
695 3729 752 3775 ut
809 3723 988 3777 mittas
1033 3723 1169 3777 scias
1216 3725 1400 3778 ceteri
1439 3722 1576 3777 libri
1620 3721 1878 3801 Gellium
1940 3745 2126 3823 nequo,
2169 3724 2341 3778 uitare
2383 3722 2520 3774 scias
2571 3719 2785 3772 Nonius

460 3805 590 3873 (sed
632 3821 809 3880 neque
843 3814 901 3860 ut
933 3807 1105 3861 uitare
1147 3807 1341 3863 Urbin.
1376 3804 1520 3877 308)
1693 3807 1771 3865 81
1828 3840 1869 3888 ι,
2056 3810 2287 3899 ‘mmmmm
2330 3806 2416 3860 ed.
2446 3820 2565 3872 pr.:
2612 3805 2795 3869 polest

463 3895 514 3943 te
560 3897 697 3945 ante
741 3889 921 3945 subito
980 3893 1260 3946 insertum
1311 3891 1500 3962 fuisse
1694 3892 1776 3954 82
1874 3858 2012 3937 Qu!
2054 3939 2066 3952 .
2113 3913 2174 3976 ω
2228 3885 2545 3970 vanum-culo
2604 3884 2808 3950 scripsi

461 3976 681 4045 tugurio
727 3976 845 4030 sine
900 3975 1160 4048 operculo
1226 3975 1465 4032 Vrsinus
1510 3978 1726 4049 tugurio
1801 3936 2114 4086 nlllgumo
2169 3975 2346 4063 evenio
2401 3967 2461 4022 Ο·
2518 3965 2820 4018 Muellerus

562 4078 676 4117 Con.
714 4078 827 4116 Ias-r.
854 4079 967 4117 Ru..
1865 4047 1932 4132 XX
2089 4029 2168 4104 ⁰9
2425 4063 2458 4110 θ’·
