3400 5075
692 376 775 437 30
1482 374 1859 428 cAecmlvs
1897 342 2200 428 sTA'r1vs

1724 530 1942 595 XXXI

866 696 877 708 .
928 652 935 657 ’
975 696 987 707 .
1082 695 1092 706 .
1189 695 1200 707 .
1296 696 1309 707 .
1402 647 1439 707 ό
1489 646 1704 709 tristes
1753 646 2055 731 ineptias!

1696 769 1950 834 XXXII

864 932 1303 947 .....
1396 882 1705 948 Incolumi
1753 886 2095 950 inscientia

1596 998 1881 1063 XXXIII
1928 999 2072 1085 (28)

1594 1174 1877 1241 XXXIV
1924 1175 2069 1261 (32)

1607 1351 1855 1417 xxxv
1903 1351 2048 1438 (11)

1584 1527 1867 1595 XXXVI
1913 1527 2060 1615 (17)

1662 1704 1977 1771 XXXVII

854 1817 1165 1883 Horatius
1220 1843 1275 1882 a.
1322 1842 1381 1902 p.
1428 1820 1558 1884 238
1606 1819 1766 1904 (163
1813 1819 1916 1905 R.)
1972 1824 2080 1911 ‘ut‘
2131 1820 2294 1883 nihil
2350 1820 2605 1884 intersit
2662 1820 2968 1885 Dauusne

679 1936 983 2018 loquatur
1046 1939 1111 1996 et
1177 1934 1422 1998 audax
1496 1934 1827 2017 Pythias
1892 1939 2243 2000 emuncto
2311 1935 2609 1999 lucrata
2666 1933 2973 1999 Simone

865 1087 1108 1150 uallata
1155 1085 1309 1169 gula

863 1262 1094 1326 deeora
1140 1262 1312 1326 domi

684 1439 816 1503 285
863 1439 1159 1523 glabrum
1206 1442 1422 1521 tapete

861 1616 1208 1680 Leontium

678 2050 1086 2132 talentum,
1132 2047 1238 2111 An
1269 2054 1487 2113 eustos
1515 2050 1923 2134 famulusque
1953 2050 2054 2113 dei
2085 2050 2339 2114 Silenus
2367 2052 2652 2115 alumni.’
2731 2049 2972 2114 Oomm.

681 2164 870 2246 Cruq.
937 2164 1003 2226 in
1071 2165 1109 2226 l.
1176 2164 1213 2226 l.
1281 2163 1626 2247 ‘Pythias
1692 2187 2027 2248 persona
2090 2166 2380 2229 comica
2445 2167 2520 2228 in
2586 2166 2974 2229 comoedia

678 2359 890 2407 numeri
927 2357 1167 2408 iambici.
1251 2358 1417 2406 Certe
1456 2357 1601 2424 apud
1635 2358 1949 2408 Terentium
1990 2359 2034 2409 si
2081 2357 2467 2409 discrucior
2514 2359 2724 2408 animi
2761 2357 2973 2408 clausu-

678 2425 787 2474 lam
834 2424 1148 2475 trochaicus
1193 2439 1382 2475 uersus
1427 2426 1742 2491 exciperet,
1790 2441 2043 2477 numeros
2089 2427 2222 2476 ferri
2269 2441 2427 2491 posse
2469 2427 2588 2491 ipse
2625 2428 2972 2475 Hermanuus

677 2492 826 2558 Epit.
866 2495 930 2544 70
963 2492 1245 2558 concedit,
1287 2491 1566 2544 clausulas
1590 2499 1777 2544 autem
1802 2498 1898 2544 aut
1934 2493 2231 2545 cohaerere
2268 2509 2391 2546 1111111
2429 2493 2556 2544 aliis
2592 2494 2844 2545 uersibus
2879 2500 2974 2543 aut

677 2577 785 2612 non
832 2560 1126 2612 cohaerere
1170 2561 1329 2611 (locet
1375 2561 1597 2612 ibidem.
1675 2563 1873 2626 Itaque
1919 2578 2025 2612 non
2072 2562 2234 2611 uideo
2283 2578 2380 2610 cur
2427 2562 2658 2611 eundem
2696 2577 2971 2611 numerum

678 2644 798 2678 cum
824 2630 1182 2693 sequentibus
1207 2628 1412 2678 habere
1448 2628 1716 2693 debeant,
1758 2629 1900 2694 quod
1936 2631 2276 2694 praecipitur
2303 2629 2471 2679 Elem.
2512 2631 2625 2679 181.
2695 2628 2974 2693 [Ceterum

683 2697 776 2760 qui
813 2711 942 2745 uere
981 2697 1160 2747 secuti
1208 2696 1412 2745 fuerint
1448 2698 1657 2746 numeri
1697 2696 1842 2777 apud
1879 2696 2182 2747 Caecilium
2229 2712 2332 2746 nee
2370 2696 2499 2746 olim
2545 2700 2659 2745 tam
2694 2696 2975 2745 confidens

678 2764 759 2813 sui
785 2769 845 2813 ut
882 2762 1224 2814 adfirmarem
1251 2778 1428 2827 neque
1455 2779 1600 2814 nuuc
1638 2765 1781 2814 scio:
1820 2764 2134 2814 trochaicus
2159 2770 2258 2813 aut
2288 2767 2524 2813 creticos
2549 2770 2776 2813 secutos
2799 2764 2972 2813 fuisse

677 2830 1078 2882 Studemundus
1126 2831 1193 2880 118
1244 2831 1475 2881 canticis
1511 2830 1693 2882 Plaut.
1781 2834 1892 2881 ‚11
1940 2832 2044 2881 sibi
2080 2830 2399 2897 persuasit]
2538 2829 2721 2881 XXXI
2758 2831 2975 2881 Seneca.

676 2899 862 2966 epist.
880 2901 993 2960 113,
1030 2900 1096 2948 26
1125 2890 1286 2948 ‘haec
1325 2897 1665 2963 disputamus
1692 2915 1727 2948 a
1766 2899 1959 2950 tractis
1996 2899 2330 2964 superciliiS‚
2372 2899 2551 2947 fronte
2589 2912 2807 2961 rugosa.
2863 2913 2971 2946 non

676 2980 895 3030 possum
934 2965 1192 3015 hocloco
1229 2964 1408 3014 dicere
1455 2965 1593 3015 illud
1631 2965 2040 3016 Caecilianum=
2088 2983 2120 3016 o
2167 2967 2414 3017 tristes
2459 2966 2790 3029 ineptias!
2838 2964 2972 3013 ridi-

677 3033 837 3083 culae
874 3024 1039 3083 sunt?
1098 3031 1295 3095 (illud
1334 3029 1833 3099 Caecilianum]
1872 3033 2050 3083 illud
2097 3032 2489 3084 Caeciliani
2525 3033 2649 3082 Vat.
2687 3048 2751 3098 8η
2799 3031 2972 3081 illud

677 3099 1000 3150 Celanum
1033 3100 1164 3151 Vrb.
1199 3098 1369 3149 illud
1402 3099 1808 3150 cicilianum
1838 3100 2026 3151 Ottob.
2032 3118 2062 3150 o
2094 3101 2264 3151 illuc
2293 3099 2568 3149 Celiani
2599 3099 2775 3149 Palat.
2803 3099 2974 3149 illud

678 3167 999 3218 Caeliani
1025 3167 1152 3220 Par.
1180 3170 1223 3215 1.
1248 3167 1281 3215 4
1307 3166 1476 3216 illuc
1514 3167 1741 3218 celaui
1767 3167 1952 3219 ottob.
1976 3168 2053 3233 ς.)
2193 3168 2403 3218 XXXII
2439 3167 2648 3218 Fronto
2675 3168 2838 3232 epist.
2867 3168 2921 3216 11
2943 3169 2975 3214 6

676 3252 727 3300 p.
765 3238 827 3285 31
865 3233 1008 3288 Nab.
1046 3237 1138 3294 (54
1173 3234 1327 3284 Rom.
1372 3234 1439 3283 48
1475 3229 1704 3299 Nieb.‘)
1718 3236 1889 3299 igitur
1933 3251 2110 3299 paene
2159 3251 2243 3285 me
2286 3235 2499 3299 opicum
2539 3236 2872 3283 animantem
2906 3232 2974 3283 ad

676 3304 940 3353 Graecam
978 3302 1304 3384 scripturam
1351 3301 1713 3366 perpulerunt
1757 3303 2031 3368 hominen,
2080 3308 2143 3352 ut
2178 3301 2453 3353 Caecilius
2492 3303 2598 3361 ait,
2649 3301 2975 3351 incolumi

678 3363 1091 3419 inscientia.⁹
1231 3365 1473 3418 XXXIII
1496 3368 1810 3420 Macrobius
1835 3370 1963 3432 sat.
2002 3342 2085 3420 1'11
2117 3373 2177 3419 15
2203 3370 2281 3427 (11
2310 3370 2414 3432 11),
2440 3371 2473 3419 9
2509 3368 2630 3418 ‘sed
2656 3369 2778 3432 quis
2804 3374 2974 3432 neg-et

675 3436 992 3487 indomitam
1038 3434 1185 3502 apud
1232 3435 1357 3487 illos
1395 3441 1476 3500 et,
1521 3442 1585 3487 ut
1633 3439 1715 3487 ait
1752 3435 2059 3499 Caecilius,
2115 3435 2441 3487 uallatam
2478 3434 2698 3501 gulam
2748 3433 2970 3485 fuisse?‘

676 3503 969 3566 (caelius
1005 3517 1279 3568 suprascr.
1318 3504 1380 3553 ci
1414 3473 1600 3569 A'ng.1)
1764 3505 1994 3554 XXXIV
2033 3475 2284 3554 Donatus
2320 3505 2377 3553 in
2401 3504 2526 3553 Ter.
2566 3517 2688 3551 eun.
2716 3503 2791 3552 IV
2830 3505 2881 3565 7,
2909 3505 2974 3552 45

676 3572 843 3621 ‘domi
870 3575 927 3620 et
951 3570 1061 3620 foci
1092 3572 1338 3652 genetiui
1363 3575 1508 3624 sunt.
1557 3571 1864 3624 Caecilius:
1902 3571 2146 3622 decora
2180 3570 2397 3622 domi!
2538 3568 2742 3619 XXXV
2767 3570 2973 3621 Nonius

673 3641 792 3701 229,
817 3631 892 3687 4‘
904 3644 1090 3702 tapete
1116 3639 1334 3703 generis
1358 3640 1557 3690 neutri.
1629 3638 1915 3704 Turpilius
1947 3643 2004 3690 et
2029 3638 2334 3689 Caecilius:
2373 3638 2677 3703 glabrum
2704 3628 2970 3702 tapete?

810 3704 1044 3756 XXXVI
1088 3706 1369 3756 Charisius
1415 3706 1440 3755 1
1488 3722 1538 3771 p.
1574 3708 1642 3757 80
1675 3707 1737 3756 Ρ.
1788 3705 1878 3772 (58
1925 3706 2010 3770 1..)
2051 3697 2350 3757 ‘Leontion
2395 3711 2453 3756 et
2499 3704 2730 3755 Crusion
2775 3710 2829 3754 et
2871 3705 2972 3754 Pa-

674 3766 820 3824 nion'
857 3773 1211 3837 (Chrysion
1249 3773 1577 3838 Spengelius
1613 3774 1975 3856 thyrusiou
2013 3779 2080 3825 et
2116 3774 2401 3824 faunion
2438 3773 2613 3837 Neap.
2658 3773 2974 3822 thrusion

673 3848 727 3891 et
780 3841 1079 3906 paunion
1126 3846 1388 3905 excerpta
1436 3836 1651 3920 Par.)‘
1664 3856 1730 3890 ex
1785 3843 1998 3892 neutris
2058 3840 2253 3892 Graeci
2307 3840 2572 3890 feminina
2625 3832 2816 3891 nostri'
2871 3840 2972 3902 (sic

674 3909 894 3959 Keilius
930 3912 1175 3959 ‘’neutra
1203 3909 1361 3974 Neap
1368 3907 1404 3970 .)
1440 3899 1640 3958 ‘fecere
1667 3925 1692 3954 ε
1731 3914 1787 3958 et
1809 3909 2040 3958 Plautus
2077 3908 2220 3973 quod
2256 3907 2397 3958 dixit
2432 3907 2572 3956 haec
2596 3908 2974 3967 Phronesium,

673 3975 1026 4027 etCaecilius
1051 3925 1446 4027 Leontiupm)
1486 3973 1692 4041 (haec
1715 3976 2073 4027 Leontium
2100 3972 2760 4039 Fabricius)Chrysion
2788 3974 2973 4025 fabula

673 4044 1026 4105 Caeciliana:
1075 4037 1295 4094 Φάνιον
1343 4042 1634 4093 Menandri
1678 4043 1990 4103 comoedia,
2039 4043 2368 4093 Phanium
2414 4042 2472 4090 in
2517 4041 2763 4091 Terentii
2807 4043 2974 4091 Phor-

674 4112 855 4162 mione
901 4126 954 4160 u.
1003 4115 1120 4162 201.
1159 4113 1260 4161 218
1306 4110 1525 4175 legitur.
1665 4110 1928 4162 XXXVII
1966 4082 2052 4160 Cf.
2088 4113 2259 4161 Acro·
2305 4114 2436 4160 ‘nou
2481 4108 2617 4159 dicit
2658 4108 2724 4158 de
2772 4109 2976 4172 Pythia

673 4180 1033 4241 Terentiana,
1072 4179 1170 4230 sed
1241 4194 1347 4229 uae
1384 4178 1527 4242 apud
1562 4178 1898 4229 Lucilium
1947 4177 2623 4243 comoediographum
2672 4174 2973 4224 inducitur’

673 4247 778 4307 (sic
816 4249 940 4297 Par.
1019 4195 1380 4295 111011Ἱί1118
1418 4246 1796 4310 satyricum
1841 4246 2191 4295 inducitur
2229 4244 2312 4299 811.
2348 4246 2502 4295 Rom.
2544 4260 2593 4297 a.
2635 4244 2763 4292 1474
2799 4242 2974 4290 luci·

674 4315 832 4363 lium
879 4263 1232 4364 inXucitur
1278 4312 1971 4378 tragoediographum
2018 4312 2161 4374 rell.)
2200 4312 2432 4362 ‘ancilla
2469 4326 2568 4376 per
2613 4309 2850 4359 astutias
2887 4324 2977 4357 ac·

676 4384 864 4446 cipere
893 4385 1181 4445 argentum
1211 4397 1242 4430 8
1271 4380 1505 4430 domino.
1557 4396 1683 4430 nam
1713 4380 1920 4430 fefellit
1945 4381 2218 4431 dominum
2242 4387 2298 4430 et
2326 4381 2545 4443 accepit
2571 4378 2640 4425 ab
2670 4392 2735 4425 eo
2759 4377 2976 4441 argenti
3000 4417 3007 4423 .
