<?xml version="1.0" encoding="UTF-8"?>
<!DOCTYPE html PUBLIC "-//W3C//DTD XHTML 1.0 Transitional//EN"
    "http://www.w3.org/TR/xhtml1/DTD/xhtml1-transitional.dtd">
<html xmlns="http://www.w3.org/1999/xhtml" xml:lang="en" lang="en">
 <head>
  <title>
</title>
<meta http-equiv="Content-Type" content="text/html;charset=utf-8" />
  <meta name='ocr-system' content='tesseract 3.04.00' />
  <meta name='ocr-capabilities' content='ocr_page ocr_carea ocr_par ocr_line ocrx_word'/>
</head>
<body>
  <div class='ocr_page' id='page_1' title='image "./comicorumromano00teregoog_0034.png"; bbox 0 0 3400 5075; ppageno 0'>
   <div class='ocr_carea' id='block_1_1' title="bbox 672 286 2074 341">
    <p class='ocr_par' dir='ltr' id='par_1_1' title="bbox 672 286 2074 341">
     <span class='ocr_line' id='line_1_1' title="bbox 672 286 2074 341; baseline 0.001 -2"><span class='ocrx_word' id='word_1_1' title='bbox 672 286 881 339; x_wconf 87' lang='lat' dir='ltr'>XXXII</span> <span class='ocrx_word' id='word_1_2' title='bbox 1545 286 2074 341; x_wconf 74' lang='lat' dir='ltr'><strong>COROLLARIVM</strong></span> 
     </span>
    </p>
   </div>
   <div class='ocr_carea' id='block_1_2' title="bbox 664 446 2965 4367">
    <p class='ocr_par' dir='ltr' id='par_1_2' title="bbox 665 446 2964 1263">
     <span class='ocr_line' id='line_1_2' title="bbox 665 446 2964 537; baseline 0.003 -26"><span class='ocrx_word' id='word_1_3' title='bbox 665 454 799 512; x_wconf 90' lang='lat' dir='ltr'>tem</span> <span class='ocrx_word' id='word_1_4' title='bbox 860 446 962 533; x_wconf 85' lang='lat' dir='ltr'>(ut</span> <span class='ocrx_word' id='word_1_5' title='bbox 1020 449 1099 511; x_wconf 87' lang='lat' dir='ltr'>ad</span> <span class='ocrx_word' id='word_1_6' title='bbox 1158 471 1397 513; x_wconf 89' lang='lat' dir='ltr'>nomen</span> <span class='ocrx_word' id='word_1_7' title='bbox 1457 449 1789 536; x_wconf 85' lang='lat' dir='ltr'>adludam)</span> <span class='ocrx_word' id='word_1_8' title='bbox 1857 472 1933 513; x_wconf 87' lang='lat' dir='ltr'>ac</span> <span class='ocrx_word' id='word_1_9' title='bbox 1995 450 2354 533; x_wconf 88' lang='lat' dir='ltr'>spiramina</span> <span class='ocrx_word' id='word_1_10' title='bbox 2418 447 2576 535; x_wconf 90' lang='lat' dir='ltr'>(non</span> <span class='ocrx_word' id='word_1_11' title='bbox 2640 452 2964 537; x_wconf 87' lang='lat' dir='ltr'>incendia)</span> 
     </span>
     <span class='ocr_line' id='line_1_3' title="bbox 667 557 2962 641; baseline 0.003 -24"><span class='ocrx_word' id='word_1_12' title='bbox 667 577 837 618; x_wconf 87' lang='lat' dir='ltr'>vana</span> <span class='ocrx_word' id='word_1_13' title='bbox 882 559 1251 619; x_wconf 86' lang='lat' dir='ltr'>vomentem</span> <span class='ocrx_word' id='word_1_14' title='bbox 1290 557 1627 641; x_wconf 90' lang='lat' dir='ltr'>dirumque</span> <span class='ocrx_word' id='word_1_15' title='bbox 1677 557 1815 621; x_wconf 87' lang='lat' dir='ltr'>eius</span> <span class='ocrx_word' id='word_1_16' title='bbox 1855 560 2152 640; x_wconf 90' lang='lat' dir='ltr'>putorem</span> <span class='ocrx_word' id='word_1_17' title='bbox 2197 557 2560 641; x_wconf 74' lang='lat' dir='ltr'>descripsit,</span> <span class='ocrx_word' id='word_1_18' title='bbox 2607 560 2823 623; x_wconf 82' lang='lat' dir='ltr'>vivam</span> <span class='ocrx_word' id='word_1_19' title='bbox 2862 560 2962 623; x_wconf 87' lang='lat' dir='ltr'>In-</span> 
     </span>
     <span class='ocr_line' id='line_1_4' title="bbox 667 658 2960 748; baseline 0.003 -25"><span class='ocrx_word' id='word_1_20' title='bbox 667 661 814 723; x_wconf 88' lang='lat' dir='ltr'>cubi</span> <span class='ocrx_word' id='word_1_21' title='bbox 864 661 989 725; x_wconf 90' lang='lat' dir='ltr'>mei</span> <span class='ocrx_word' id='word_1_22' title='bbox 1039 658 1257 745; x_wconf 87' lang='lat' dir='ltr'>(quem</span> <span class='ocrx_word' id='word_1_23' title='bbox 1314 668 1534 727; x_wconf 90' lang='lat' dir='ltr'>tamen</span> <span class='ocrx_word' id='word_1_24' title='bbox 1588 686 1942 747; x_wconf 86' lang='lat' dir='ltr'>numquam</span> <span class='ocrx_word' id='word_1_25' title='bbox 1994 662 2153 747; x_wconf 87' lang='lat' dir='ltr'>vidi)</span> <span class='ocrx_word' id='word_1_26' title='bbox 2201 664 2555 748; x_wconf 76' lang='lat' dir='ltr'>imaginem</span> <span class='ocrx_word' id='word_1_27' title='bbox 2613 666 2774 729; x_wconf 89' lang='lat' dir='ltr'>mihi</span> <span class='ocrx_word' id='word_1_28' title='bbox 2823 667 2960 729; x_wconf 88' lang='lat' dir='ltr'>red-</span> 
     </span>
     <span class='ocr_line' id='line_1_5' title="bbox 668 770 2961 866; baseline -0.001 -28"><span class='ocrx_word' id='word_1_29' title='bbox 668 776 815 839; x_wconf 82' lang='lat' dir='ltr'><strong>dere</strong></span> <span class='ocrx_word' id='word_1_30' title='bbox 862 776 1176 840; x_wconf 85' lang='lat' dir='ltr'>videntur.</span> <span class='ocrx_word' id='word_1_31' title='bbox 1251 772 1352 834; x_wconf 91' lang='lat' dir='ltr'>cui</span> <span class='ocrx_word' id='word_1_32' title='bbox 1399 792 1568 833; x_wconf 87' lang='lat' dir='ltr'>nunc</span> <span class='ocrx_word' id='word_1_33' title='bbox 1605 770 1675 832; x_wconf 89' lang='lat' dir='ltr'>in</span> <span class='ocrx_word' id='word_1_34' title='bbox 1713 792 1924 866; x_wconf 76' lang='lat' dir='ltr'>omne,</span> <span class='ocrx_word' id='word_1_35' title='bbox 1963 774 2035 832; x_wconf 90' lang='lat' dir='ltr'>ut</span> <span class='ocrx_word' id='word_1_36' title='bbox 2064 792 2272 853; x_wconf 89' lang='lat' dir='ltr'>spero,</span> <span class='ocrx_word' id='word_1_37' title='bbox 2315 775 2570 855; x_wconf 84' lang='lat' dir='ltr'>tempus</span> <span class='ocrx_word' id='word_1_38' title='bbox 2612 772 2754 835; x_wconf 86' lang='lat' dir='ltr'>vale</span> <span class='ocrx_word' id='word_1_39' title='bbox 2792 772 2961 836; x_wconf 90' lang='lat' dir='ltr'>dico:</span> 
     </span>
     <span class='ocr_line' id='line_1_6' title="bbox 666 875 2964 963; baseline -0.001 -18"><span class='ocrx_word' id='word_1_40' title='bbox 666 905 819 945; x_wconf 90' lang='lat' dir='ltr'>nam</span> <span class='ocrx_word' id='word_1_41' title='bbox 869 883 989 945; x_wconf 87' lang='lat' dir='ltr'>etsi</span> <span class='ocrx_word' id='word_1_42' title='bbox 1040 904 1169 945; x_wconf 89' lang='lat' dir='ltr'>non</span> <span class='ocrx_word' id='word_1_43' title='bbox 1215 880 1309 942; x_wconf 87' lang='lat' dir='ltr'>ita</span> <span class='ocrx_word' id='word_1_44' title='bbox 1356 877 1514 940; x_wconf 90' lang='lat' dir='ltr'>mihi</span> <span class='ocrx_word' id='word_1_45' title='bbox 1565 876 1706 959; x_wconf 90' lang='lat' dir='ltr'>ipse</span> <span class='ocrx_word' id='word_1_46' title='bbox 1752 875 2035 957; x_wconf 79' lang='lat' dir='ltr'>defuere,</span> <span class='ocrx_word' id='word_1_47' title='bbox 2083 880 2155 939; x_wconf 89' lang='lat' dir='ltr'>ut</span> <span class='ocrx_word' id='word_1_48' title='bbox 2200 878 2255 939; x_wconf 89' lang='lat' dir='ltr'>si</span> <span class='ocrx_word' id='word_1_49' title='bbox 2303 878 2455 960; x_wconf 90' lang='lat' dir='ltr'>quid</span> <span class='ocrx_word' id='word_1_50' title='bbox 2504 879 2709 942; x_wconf 90' lang='lat' dir='ltr'>bonae</span> <span class='ocrx_word' id='word_1_51' title='bbox 2757 879 2964 963; x_wconf 83' lang='lat' dir='ltr'>frugis</span> 
     </span>
     <span class='ocr_line' id='line_1_7' title="bbox 668 983 2961 1071; baseline -0.002 -19"><span class='ocrx_word' id='word_1_52' title='bbox 668 989 1063 1071; x_wconf 73' lang='lat' dir='ltr'>prompserit</span> <span class='ocrx_word' id='word_1_53' title='bbox 1132 986 1331 1051; x_wconf 89' lang='lat' dir='ltr'>nolim</span> <span class='ocrx_word' id='word_1_54' title='bbox 1411 983 1831 1066; x_wconf 86' lang='lat' dir='ltr'>participare,</span> <span class='ocrx_word' id='word_1_55' title='bbox 1906 987 1975 1044; x_wconf 87' lang='lat' dir='ltr'>at</span> <span class='ocrx_word' id='word_1_56' title='bbox 2047 1005 2250 1066; x_wconf 89' lang='lat' dir='ltr'>neque</span> <span class='ocrx_word' id='word_1_57' title='bbox 2332 1006 2568 1047; x_wconf 88' lang='lat' dir='ltr'>nomen</span> <span class='ocrx_word' id='word_1_58' title='bbox 2651 986 2787 1048; x_wconf 91' lang='lat' dir='ltr'>eius</span> <span class='ocrx_word' id='word_1_59' title='bbox 2869 1008 2961 1048; x_wconf 90' lang='lat' dir='ltr'>re·</span> 
     </span>
     <span class='ocr_line' id='line_1_8' title="bbox 669 1088 2963 1177; baseline -0.002 -20"><span class='ocrx_word' id='word_1_60' title='bbox 669 1099 887 1177; x_wconf 89' lang='lat' dir='ltr'>petere</span> <span class='ocrx_word' id='word_1_61' title='bbox 940 1115 1146 1177; x_wconf 90' lang='lat' dir='ltr'>neque</span> <span class='ocrx_word' id='word_1_62' title='bbox 1203 1093 1444 1174; x_wconf 89' lang='lat' dir='ltr'>locum,</span> <span class='ocrx_word' id='word_1_63' title='bbox 1499 1089 1608 1152; x_wconf 91' lang='lat' dir='ltr'>ubi</span> <span class='ocrx_word' id='word_1_64' title='bbox 1658 1088 1850 1171; x_wconf 85' lang='lat' dir='ltr'>genio</span> <span class='ocrx_word' id='word_1_65' title='bbox 1916 1110 2033 1152; x_wconf 91' lang='lat' dir='ltr'>suo</span> <span class='ocrx_word' id='word_1_66' title='bbox 2081 1089 2448 1172; x_wconf 86' lang='lat' dir='ltr'>indulserit,</span> <span class='ocrx_word' id='word_1_67' title='bbox 2517 1091 2799 1154; x_wconf 88' lang='lat' dir='ltr'>indicare</span> <span class='ocrx_word' id='word_1_68' title='bbox 2864 1092 2963 1155; x_wconf 87' lang='lat' dir='ltr'>fas</span> 
     </span>
     <span class='ocr_line' id='line_1_9' title="bbox 674 1199 948 1263; baseline 0.004 -1"><span class='ocrx_word' id='word_1_69' title='bbox 674 1199 948 1263; x_wconf 86' lang='lat' dir='ltr'>habebo.</span> 
     </span>
    </p>

    <p class='ocr_par' dir='ltr' id='par_1_3' title="bbox 666 1302 2965 3096">
     <span class='ocr_line' id='line_1_10' title="bbox 851 1302 2963 1389; baseline 0 -20"><span class='ocrx_word' id='word_1_70' title='bbox 851 1305 974 1369; x_wconf 83' lang='lat' dir='ltr'>Sed</span> <span class='ocrx_word' id='word_1_71' title='bbox 1024 1306 1101 1369; x_wconf 90' lang='lat' dir='ltr'>ad</span> <span class='ocrx_word' id='word_1_72' title='bbox 1142 1305 1500 1370; x_wconf 88' lang='lat' dir='ltr'>Varronem</span> <span class='ocrx_word' id='word_1_73' title='bbox 1552 1306 1625 1366; x_wconf 92' lang='lat' dir='ltr'>ut</span> <span class='ocrx_word' id='word_1_74' title='bbox 1672 1302 1951 1386; x_wconf 84' lang='lat' dir='ltr'>redeam,</span> <span class='ocrx_word' id='word_1_75' title='bbox 1999 1307 2346 1367; x_wconf 87' lang='lat' dir='ltr'>etcertum</span> <span class='ocrx_word' id='word_1_76' title='bbox 2395 1308 2496 1367; x_wconf 89' lang='lat' dir='ltr'>est</span> <span class='ocrx_word' id='word_1_77' title='bbox 2543 1306 2600 1367; x_wconf 90' lang='lat' dir='ltr'>ei</span> <span class='ocrx_word' id='word_1_78' title='bbox 2650 1305 2963 1389; x_wconf 80' lang='lat' dir='ltr'>exempIO,</span> 
     </span>
     <span class='ocr_line' id='line_1_11' title="bbox 668 1410 2964 1496; baseline -0.001 -21"><span class='ocrx_word' id='word_1_79' title='bbox 668 1435 795 1496; x_wconf 90' lang='lat' dir='ltr'>quo</span> <span class='ocrx_word' id='word_1_80' title='bbox 855 1433 1082 1475; x_wconf 88' lang='lat' dir='ltr'>vocum</span> <span class='ocrx_word' id='word_1_81' title='bbox 1141 1414 1223 1476; x_wconf 88' lang='lat' dir='ltr'>ab</span> <span class='ocrx_word' id='word_1_82' title='bbox 1292 1411 1683 1476; x_wconf 80' lang='lat' dir='ltr'>animalibus</span> <span class='ocrx_word' id='word_1_83' title='bbox 1749 1410 2215 1474; x_wconf 87' lang='lat' dir='ltr'>translatarum</span> <span class='ocrx_word' id='word_1_84' title='bbox 2281 1411 2478 1473; x_wconf 87' lang='lat' dir='ltr'>series</span> <span class='ocrx_word' id='word_1_85' title='bbox 2545 1412 2964 1493; x_wconf 75' lang='lat' dir='ltr'>concluditur,</span> 
     </span>
     <span class='ocr_line' id='line_1_12' title="bbox 668 1516 2961 1602; baseline -0.001 -20"><span class='ocrx_word' id='word_1_86' title='bbox 668 1520 824 1582; x_wconf 85' lang='lat' dir='ltr'>item</span> <span class='ocrx_word' id='word_1_87' title='bbox 882 1523 955 1582; x_wconf 91' lang='lat' dir='ltr'>ut</span> <span class='ocrx_word' id='word_1_88' title='bbox 1014 1520 1454 1602; x_wconf 81' lang='lat' dir='ltr'>superioribus</span> <span class='ocrx_word' id='word_1_89' title='bbox 1516 1516 1800 1580; x_wconf 89' lang='lat' dir='ltr'>auctoris</span> <span class='ocrx_word' id='word_1_90' title='bbox 1859 1520 1924 1579; x_wconf 87' lang='lat' dir='ltr'>et</span> <span class='ocrx_word' id='word_1_91' title='bbox 1984 1517 2164 1580; x_wconf 86' lang='lat' dir='ltr'>cuius</span> <span class='ocrx_word' id='word_1_92' title='bbox 2227 1541 2424 1581; x_wconf 83' lang='lat' dir='ltr'>sonus</span> <span class='ocrx_word' id='word_1_93' title='bbox 2486 1518 2771 1581; x_wconf 74' lang='lat' dir='ltr'>redditur</span> <span class='ocrx_word' id='word_1_94' title='bbox 2828 1519 2961 1580; x_wconf 87' lang='lat' dir='ltr'>ani-</span> 
     </span>
     <span class='ocr_line' id='line_1_13' title="bbox 669 1623 2962 1709; baseline -0.002 -20"><span class='ocrx_word' id='word_1_95' title='bbox 669 1625 859 1689; x_wconf 90' lang='lat' dir='ltr'>malis</span> <span class='ocrx_word' id='word_1_96' title='bbox 888 1648 1125 1689; x_wconf 89' lang='lat' dir='ltr'>nomen</span> <span class='ocrx_word' id='word_1_97' title='bbox 1154 1626 1581 1709; x_wconf 82' lang='lat' dir='ltr'>praemissum</span> <span class='ocrx_word' id='word_1_98' title='bbox 1612 1624 1833 1705; x_wconf 84' lang='lat' dir='ltr'>fuisse,</span> <span class='ocrx_word' id='word_1_99' title='bbox 1861 1645 1978 1686; x_wconf 91' lang='lat' dir='ltr'>nec</span> <span class='ocrx_word' id='word_1_100' title='bbox 2008 1625 2364 1707; x_wconf 85' lang='lat' dir='ltr'>probabile,</span> <span class='ocrx_word' id='word_1_101' title='bbox 2395 1630 2736 1708; x_wconf 73' lang='lat' dir='ltr'>postquam</span> <span class='ocrx_word' id='word_1_102' title='bbox 2769 1623 2962 1706; x_wconf 89' lang='lat' dir='ltr'>paulo</span> 
     </span>
     <span class='ocr_line' id='line_1_14' title="bbox 668 1730 2960 1817; baseline -0.001 -22"><span class='ocrx_word' id='word_1_103' title='bbox 668 1755 867 1817; x_wconf 88' lang='lat' dir='ltr'>supra</span> <span class='ocrx_word' id='word_1_104' title='bbox 914 1730 1143 1797; x_wconf 85' lang='lat' dir='ltr'>Sueius</span> <span class='ocrx_word' id='word_1_105' title='bbox 1191 1733 1491 1797; x_wconf 85' lang='lat' dir='ltr'>laudatus</span> <span class='ocrx_word' id='word_1_106' title='bbox 1539 1730 1691 1812; x_wconf 90' lang='lat' dir='ltr'>fuit,</span> <span class='ocrx_word' id='word_1_107' title='bbox 1750 1730 2140 1813; x_wconf 87' lang='lat' dir='ltr'>interposito</span> <span class='ocrx_word' id='word_1_108' title='bbox 2188 1731 2405 1794; x_wconf 87' lang='lat' dir='ltr'>Plauti</span> <span class='ocrx_word' id='word_1_109' title='bbox 2455 1754 2641 1795; x_wconf 85' lang='lat' dir='ltr'>versu</span> <span class='ocrx_word' id='word_1_110' title='bbox 2691 1730 2960 1793; x_wconf 88' lang='lat' dir='ltr'>eundem</span> 
     </span>
     <span class='ocr_line' id='line_1_15' title="bbox 670 1836 2961 1921; baseline -0.001 -19"><span class='ocrx_word' id='word_1_111' title='bbox 670 1838 929 1903; x_wconf 79' lang='lat' dir='ltr'>Sueium</span> <span class='ocrx_word' id='word_1_112' title='bbox 979 1840 1213 1902; x_wconf 91' lang='lat' dir='ltr'>iterum</span> <span class='ocrx_word' id='word_1_113' title='bbox 1258 1838 1501 1903; x_wconf 87' lang='lat' dir='ltr'>inferri.</span> <span class='ocrx_word' id='word_1_114' title='bbox 1578 1838 1842 1901; x_wconf 84' lang='lat' dir='ltr'>Graecis</span> <span class='ocrx_word' id='word_1_115' title='bbox 1889 1840 2126 1919; x_wconf 88' lang='lat' dir='ltr'>autem,</span> <span class='ocrx_word' id='word_1_116' title='bbox 2171 1860 2333 1921; x_wconf 88' lang='lat' dir='ltr'>quos</span> <span class='ocrx_word' id='word_1_117' title='bbox 2373 1838 2439 1901; x_wconf 89' lang='lat' dir='ltr'>in</span> <span class='ocrx_word' id='word_1_118' title='bbox 2490 1836 2799 1901; x_wconf 80' lang='lat' dir='ltr'>Suetonio</span> <span class='ocrx_word' id='word_1_119' title='bbox 2846 1860 2961 1900; x_wconf 85' lang='lat' dir='ltr'>suo</span> 
     </span>
     <span class='ocr_line' id='line_1_16' title="bbox 667 1940 2963 2029; baseline -0.001 -20"><span class='ocrx_word' id='word_1_120' title='bbox 667 1946 933 2029; x_wconf 88' lang='lat' dir='ltr'>repetiit</span> <span class='ocrx_word' id='word_1_121' title='bbox 980 1944 1547 2009; x_wconf 80' lang='lat' dir='ltr'>Reifferscheidius</span> <span class='ocrx_word' id='word_1_122' title='bbox 1595 1966 1654 2025; x_wconf 91' lang='lat' dir='ltr'>p.</span> <span class='ocrx_word' id='word_1_123' title='bbox 1704 1944 1833 2006; x_wconf 74' lang='lat'>:253</span> <span class='ocrx_word' id='word_1_124' title='bbox 1882 1966 1993 2026; x_wconf 90' lang='lat' dir='ltr'>sq.,</span> <span class='ocrx_word' id='word_1_125' title='bbox 2039 1946 2454 2026; x_wconf 70' lang='lat' dir='ltr'>tractatibuS,</span> <span class='ocrx_word' id='word_1_126' title='bbox 2504 1945 2612 2008; x_wconf 91' lang='lat' dir='ltr'>ubi</span> <span class='ocrx_word' id='word_1_127' title='bbox 2661 1940 2963 2027; x_wconf 80' lang='grc' dir='ltr'><strong><em>νυκτερὶς</em></strong></span> 
     </span>
     <span class='ocr_line' id='line_1_17' title="bbox 666 2047 2960 2135; baseline -0.001 -20"><span class='ocrx_word' id='word_1_128' title='bbox 666 2053 865 2135; x_wconf 81' lang='grc' dir='ltr'><em>τρίζει</em></span> <span class='ocrx_word' id='word_1_129' title='bbox 913 2055 978 2113; x_wconf 84' lang='lat' dir='ltr'>et</span> <span class='ocrx_word' id='word_1_130' title='bbox 1024 2051 1377 2135; x_wconf 78' lang='grc' dir='ltr'><strong><em>νυκτερίόα</em></strong></span> <span class='ocrx_word' id='word_1_131' title='bbox 1423 2047 1789 2132; x_wconf 79' lang='grc' dir='ltr'><strong><em>τετριγεύαι</em></strong></span> <span class='ocrx_word' id='word_1_132' title='bbox 1840 2049 2107 2133; x_wconf 84' lang='lat' dir='ltr'>legitur,</span> <span class='ocrx_word' id='word_1_133' title='bbox 2164 2052 2406 2115; x_wconf 76' lang='lat' dir='ltr'>trittiles</span> <span class='ocrx_word' id='word_1_134' title='bbox 2455 2073 2642 2114; x_wconf 88' lang='lat' dir='ltr'>voces</span> <span class='ocrx_word' id='word_1_135' title='bbox 2689 2072 2822 2113; x_wconf 93' lang='lat' dir='ltr'>non</span> <span class='ocrx_word' id='word_1_136' title='bbox 2866 2049 2960 2113; x_wconf 91' lang='lat' dir='ltr'>in-</span> 
     </span>
     <span class='ocr_line' id='line_1_18' title="bbox 668 2154 2965 2240; baseline -0 -21"><span class='ocrx_word' id='word_1_137' title='bbox 668 2162 816 2240; x_wconf 88' lang='lat' dir='ltr'>epte</span> <span class='ocrx_word' id='word_1_138' title='bbox 881 2158 1088 2221; x_wconf 71' lang='lat' dir='ltr'>ululae</span> <span class='ocrx_word' id='word_1_139' title='bbox 1140 2158 1342 2221; x_wconf 89' lang='lat' dir='ltr'>tribui</span> <span class='ocrx_word' id='word_1_140' title='bbox 1399 2154 1708 2220; x_wconf 88' lang='lat' dir='ltr'>firmatur.</span> <span class='ocrx_word' id='word_1_141' title='bbox 1791 2178 1942 2219; x_wconf 89' lang='lat' dir='ltr'>nam</span> <span class='ocrx_word' id='word_1_142' title='bbox 2001 2156 2435 2220; x_wconf 86' lang='lat' dir='ltr'>Baehrensius</span> <span class='ocrx_word' id='word_1_143' title='bbox 2495 2179 2605 2219; x_wconf 88' lang='lat' dir='ltr'>cur</span> <span class='ocrx_word' id='word_1_144' title='bbox 2660 2156 2965 2221; x_wconf 84' lang='lat' dir='ltr'>maluerit</span> 
     </span>
     <span class='ocr_line' id='line_1_19' title="bbox 666 2262 2962 2346; baseline -0.001 -19"><span class='ocrx_word' id='word_1_145' title='bbox 666 2264 816 2327; x_wconf 80' lang='lat' dir='ltr'>Suei</span> <span class='ocrx_word' id='word_1_146' title='bbox 860 2285 902 2327; x_wconf 87' lang='lat' dir='ltr'>a</span> <span class='ocrx_word' id='word_1_147' title='bbox 959 2264 1207 2329; x_wconf 80' lang='lat' dir='ltr'>colubra</span> <span class='ocrx_word' id='word_1_148' title='bbox 1262 2264 1431 2346; x_wconf 87' lang='lat' dir='ltr'>apud</span> <span class='ocrx_word' id='word_1_149' title='bbox 1480 2262 1841 2326; x_wconf 82' lang='lat' dir='ltr'>Varronem</span> <span class='ocrx_word' id='word_1_150' title='bbox 1889 2263 2086 2327; x_wconf 83' lang='lat' dir='ltr'>scribi</span> <span class='ocrx_word' id='word_1_151' title='bbox 2140 2263 2426 2327; x_wconf 87' lang='lat' dir='ltr'>nondum</span> <span class='ocrx_word' id='word_1_152' title='bbox 2474 2263 2962 2327; x_wconf 87' lang='lat' dir='ltr'>demonstravit.</span> 
     </span>
     <span class='ocr_line' id='line_1_20' title="bbox 666 2365 2960 2454; baseline 0 -21"><span class='ocrx_word' id='word_1_153' title='bbox 666 2370 1036 2452; x_wconf 71' lang='lat' dir='ltr'>serpentium</span> <span class='ocrx_word' id='word_1_154' title='bbox 1092 2371 1348 2454; x_wconf 92' lang='lat' dir='ltr'>quidem</span> <span class='ocrx_word' id='word_1_155' title='bbox 1410 2368 1719 2433; x_wconf 76' lang='lat' dir='ltr'>Suetonio</span> <span class='ocrx_word' id='word_1_156' title='bbox 1777 2374 2038 2433; x_wconf 87' lang='lat' dir='ltr'>auctore</span> <span class='ocrx_word' id='word_1_157' title='bbox 2096 2374 2196 2432; x_wconf 88' lang='lat' dir='ltr'>est</span> <span class='ocrx_word' id='word_1_158' title='bbox 2247 2369 2499 2434; x_wconf 81' lang='lat' dir='ltr'>sibilare</span> <span class='ocrx_word' id='word_1_159' title='bbox 2552 2367 2685 2453; x_wconf 80' lang='grc' dir='ltr'>(ἐπὶ</span> <span class='ocrx_word' id='word_1_160' title='bbox 2733 2365 2960 2452; x_wconf 78' lang='grc' dir='ltr'><em>ὄφεων</em></span> 
     </span>
     <span class='ocr_line' id='line_1_21' title="bbox 668 2471 2961 2562; baseline -0.002 -21"><span class='ocrx_word' id='word_1_161' title='bbox 668 2479 1001 2562; x_wconf 82' lang='grc' dir='ltr'><strong><em>συρίττειν</em></strong></span> <span class='ocrx_word' id='word_1_162' title='bbox 1049 2478 1148 2541; x_wconf 87' lang='lat' dir='ltr'>vel</span> <span class='ocrx_word' id='word_1_163' title='bbox 1207 2478 1529 2562; x_wconf 82' lang='grc' dir='ltr'><em>συρίζειν,</em></span> <span class='ocrx_word' id='word_1_164' title='bbox 1577 2471 1944 2561; x_wconf 79' lang='grc' dir='ltr'><em>δράκοντος</em></span> <span class='ocrx_word' id='word_1_165' title='bbox 1990 2474 2364 2561; x_wconf 79' lang='grc' dir='ltr'><strong><em>συρίττειν).</em></strong></span> <span class='ocrx_word' id='word_1_166' title='bbox 2458 2476 2698 2540; x_wconf 88' lang='lat' dir='ltr'>Poetae</span> <span class='ocrx_word' id='word_1_167' title='bbox 2746 2476 2961 2558; x_wconf 82' lang='lat' dir='ltr'>verba,</span> 
     </span>
     <span class='ocr_line' id='line_1_22' title="bbox 668 2583 2959 2668; baseline -0.001 -21"><span class='ocrx_word' id='word_1_168' title='bbox 668 2607 830 2668; x_wconf 88' lang='lat' dir='ltr'>quae</span> <span class='ocrx_word' id='word_1_169' title='bbox 878 2607 952 2647; x_wconf 83' lang='lat' dir='ltr'>ex</span> <span class='ocrx_word' id='word_1_170' title='bbox 1001 2584 1275 2668; x_wconf 85' lang='lat' dir='ltr'>prologo</span> <span class='ocrx_word' id='word_1_171' title='bbox 1315 2584 1531 2667; x_wconf 90' lang='lat' dir='ltr'>aliquo</span> <span class='ocrx_word' id='word_1_172' title='bbox 1570 2587 1834 2666; x_wconf 89' lang='lat' dir='ltr'>sumpta</span> <span class='ocrx_word' id='word_1_173' title='bbox 1871 2605 2010 2646; x_wconf 86' lang='lat' dir='ltr'>esse</span> <span class='ocrx_word' id='word_1_174' title='bbox 2050 2584 2361 2668; x_wconf 86' lang='lat' dir='ltr'>suspicor,</span> <span class='ocrx_word' id='word_1_175' title='bbox 2409 2605 2603 2667; x_wconf 89' lang='lat' dir='ltr'>quam</span> <span class='ocrx_word' id='word_1_176' title='bbox 2641 2583 2959 2647; x_wconf 85' lang='lat' dir='ltr'>lubricum</span> 
     </span>
     <span class='ocr_line' id='line_1_23' title="bbox 669 2689 2959 2772; baseline -0.001 -18"><span class='ocrx_word' id='word_1_177' title='bbox 669 2693 756 2755; x_wconf 92' lang='lat' dir='ltr'>sit</span> <span class='ocrx_word' id='word_1_178' title='bbox 815 2691 1155 2754; x_wconf 84' lang='lat' dir='ltr'>restituere</span> <span class='ocrx_word' id='word_1_179' title='bbox 1203 2691 1367 2754; x_wconf 85' lang='lat' dir='ltr'>velle</span> <span class='ocrx_word' id='word_1_180' title='bbox 1413 2712 1545 2754; x_wconf 91' lang='lat' dir='ltr'>non</span> <span class='ocrx_word' id='word_1_181' title='bbox 1582 2689 2017 2753; x_wconf 84' lang='lat' dir='ltr'>dissimulavi.</span> <span class='ocrx_word' id='word_1_182' title='bbox 2087 2711 2162 2753; x_wconf 92' lang='lat' dir='ltr'>eo</span> <span class='ocrx_word' id='word_1_183' title='bbox 2220 2691 2434 2754; x_wconf 85' lang='lat' dir='ltr'>minus</span> <span class='ocrx_word' id='word_1_184' title='bbox 2496 2689 2756 2754; x_wconf 90' lang='lat' dir='ltr'>silentio</span> <span class='ocrx_word' id='word_1_185' title='bbox 2818 2711 2959 2772; x_wconf 88' lang='lat' dir='ltr'>pre-</span> 
     </span>
     <span class='ocr_line' id='line_1_24' title="bbox 668 2795 2959 2879; baseline -0.001 -19"><span class='ocrx_word' id='word_1_186' title='bbox 668 2799 901 2861; x_wconf 88' lang='lat' dir='ltr'>menda</span> <span class='ocrx_word' id='word_1_187' title='bbox 948 2801 1099 2861; x_wconf 91' lang='lat' dir='ltr'>sunt</span> <span class='ocrx_word' id='word_1_188' title='bbox 1144 2798 1418 2861; x_wconf 79' lang='lat' dir='ltr'>aliorum</span> <span class='ocrx_word' id='word_1_189' title='bbox 1467 2795 1828 2860; x_wconf 88' lang='lat' dir='ltr'>conamina.</span> <span class='ocrx_word' id='word_1_190' title='bbox 1919 2796 2112 2879; x_wconf 84' lang='lat' dir='ltr'>longe</span> <span class='ocrx_word' id='word_1_191' title='bbox 2160 2797 2333 2860; x_wconf 90' lang='lat' dir='ltr'>enim</span> <span class='ocrx_word' id='word_1_192' title='bbox 2378 2819 2418 2860; x_wconf 90' lang='lat' dir='ltr'>a</span> <span class='ocrx_word' id='word_1_193' title='bbox 2464 2819 2609 2860; x_wconf 91' lang='lat' dir='ltr'>mea</span> <span class='ocrx_word' id='word_1_194' title='bbox 2655 2796 2959 2878; x_wconf 90' lang='lat' dir='ltr'>opinione</span> 
     </span>
     <span class='ocr_line' id='line_1_25' title="bbox 669 2902 2958 2986; baseline -0.002 -18"><span class='ocrx_word' id='word_1_195' title='bbox 669 2905 945 2969; x_wconf 66' lang='lat' dir='ltr'>diScedit</span> <span class='ocrx_word' id='word_1_196' title='bbox 1008 2904 1388 2969; x_wconf 89' lang='lat' dir='ltr'>Buecheleri</span> <span class='ocrx_word' id='word_1_197' title='bbox 1455 2902 1854 2985; x_wconf 87' lang='lat' dir='ltr'>coniectura,</span> <span class='ocrx_word' id='word_1_198' title='bbox 1910 2903 2019 2986; x_wconf 87' lang='lat' dir='ltr'>qui</span> <span class='ocrx_word' id='word_1_199' title='bbox 2083 2908 2295 2968; x_wconf 88' lang='lat' dir='ltr'>totum</span> <span class='ocrx_word' id='word_1_200' title='bbox 2352 2905 2567 2968; x_wconf 87' lang='lat' dir='ltr'>locum</span> <span class='ocrx_word' id='word_1_201' title='bbox 2632 2902 2958 2966; x_wconf 84' lang='lat' dir='ltr'>emendari</span> 
     </span>
     <span class='ocr_line' id='line_1_26' title="bbox 668 3008 2781 3096; baseline -0.002 -20"><span class='ocrx_word' id='word_1_202' title='bbox 668 3034 859 3096; x_wconf 88' lang='lat' dir='ltr'>posse</span> <span class='ocrx_word' id='word_1_203' title='bbox 906 3012 1255 3094; x_wconf 87' lang='lat' dir='ltr'>desperans</span> <span class='ocrx_word' id='word_1_204' title='bbox 1303 3010 1707 3075; x_wconf 86' lang='lat' dir='ltr'>octonarium</span> <span class='ocrx_word' id='word_1_205' title='bbox 1757 3008 2108 3073; x_wconf 88' lang='lat' dir='ltr'>iambicum</span> <span class='ocrx_word' id='word_1_206' title='bbox 2157 3010 2502 3093; x_wconf 88' lang='lat' dir='ltr'>proposuit</span> <span class='ocrx_word' id='word_1_207' title='bbox 2546 3009 2781 3073; x_wconf 87' lang='lat' dir='ltr'>hunce:</span> 
     </span>
    </p>

    <p class='ocr_par' dir='ltr' id='par_1_4' title="bbox 770 3113 2870 3202">
     <span class='ocr_line' id='line_1_27' title="bbox 770 3113 2870 3202; baseline -0.002 -21"><span class='ocrx_word' id='word_1_208' title='bbox 770 3141 898 3202; x_wconf 88' lang='lat' dir='ltr'>qua</span> <span class='ocrx_word' id='word_1_209' title='bbox 942 3119 1012 3180; x_wconf 89' lang='lat' dir='ltr'>in</span> <span class='ocrx_word' id='word_1_210' title='bbox 1048 3118 1116 3179; x_wconf 75' lang='lat' dir='ltr'>re</span> <span class='ocrx_word' id='word_1_211' title='bbox 1151 3139 1359 3200; x_wconf 90' lang='lat' dir='ltr'>neque</span> <span class='ocrx_word' id='word_1_212' title='bbox 1407 3117 1474 3179; x_wconf 90' lang='lat' dir='ltr'>in</span> <span class='ocrx_word' id='word_1_213' title='bbox 1520 3114 1828 3179; x_wconf 76' lang='lat' dir='ltr'>iudicium</span> <span class='ocrx_word' id='word_1_214' title='bbox 1868 3115 2110 3198; x_wconf 88' lang='lat' dir='ltr'>Aesopi</span> <span class='ocrx_word' id='word_1_215' title='bbox 2159 3118 2275 3181; x_wconf 76' lang='lat' dir='ltr'>nec</span> <span class='ocrx_word' id='word_1_216' title='bbox 2313 3115 2554 3179; x_wconf 86' lang='lat' dir='ltr'>theatri</span> <span class='ocrx_word' id='word_1_217' title='bbox 2602 3113 2870 3179; x_wconf 77' lang='lat' dir='ltr'>trittiles</span> 
     </span>
    </p>

    <p class='ocr_par' dir='ltr' id='par_1_5' title="bbox 664 3222 2958 4265">
     <span class='ocr_line' id='line_1_28' title="bbox 667 3222 2956 3308; baseline -0.002 -20"><span class='ocrx_word' id='word_1_218' title='bbox 667 3225 836 3308; x_wconf 89' lang='lat' dir='ltr'>quod</span> <span class='ocrx_word' id='word_1_219' title='bbox 886 3223 1311 3307; x_wconf 80' lang='lat' dir='ltr'>‘obloquariS,</span> <span class='ocrx_word' id='word_1_220' title='bbox 1359 3222 1784 3286; x_wconf 87' lang='lat' dir='ltr'>obmussites’</span> <span class='ocrx_word' id='word_1_221' title='bbox 1829 3223 2313 3305; x_wconf 88' lang='lat' dir='ltr'>interpretatur.</span> <span class='ocrx_word' id='word_1_222' title='bbox 2368 3223 2701 3304; x_wconf 90' lang='lat' dir='ltr'>Aesopum</span> <span class='ocrx_word' id='word_1_223' title='bbox 2741 3226 2956 3284; x_wconf 90' lang='lat' dir='ltr'>autem</span> 
     </span>
     <span class='ocr_line' id='line_1_29' title="bbox 668 3327 2958 3414; baseline -0.003 -19"><span class='ocrx_word' id='word_1_224' title='bbox 668 3353 813 3395; x_wconf 89' lang='lat' dir='ltr'>cum</span> <span class='ocrx_word' id='word_1_225' title='bbox 880 3331 1220 3414; x_wconf 85' lang='lat' dir='ltr'>intellegat</span> <span class='ocrx_word' id='word_1_226' title='bbox 1273 3330 1593 3413; x_wconf 85' lang='lat' dir='ltr'>tragicum</span> <span class='ocrx_word' id='word_1_227' title='bbox 1657 3329 2071 3414; x_wconf 88' lang='lat' dir='ltr'>histrionem,</span> <span class='ocrx_word' id='word_1_228' title='bbox 2129 3353 2167 3393; x_wconf 87' lang='lat' dir='ltr'>a</span> <span class='ocrx_word' id='word_1_229' title='bbox 2220 3330 2499 3394; x_wconf 87' lang='lat' dir='ltr'>Iuventii</span> <span class='ocrx_word' id='word_1_230' title='bbox 2555 3328 2737 3410; x_wconf 90' lang='lat' dir='ltr'>poesi</span> <span class='ocrx_word' id='word_1_231' title='bbox 2798 3327 2958 3389; x_wconf 87' lang='lat' dir='ltr'>haec</span> 
     </span>
     <span class='ocr_line' id='line_1_30' title="bbox 669 3431 2955 3521; baseline -0.003 -21"><span class='ocrx_word' id='word_1_232' title='bbox 669 3438 883 3501; x_wconf 90' lang='lat' dir='ltr'>aliena</span> <span class='ocrx_word' id='word_1_233' title='bbox 938 3459 1077 3500; x_wconf 91' lang='lat' dir='ltr'>esse</span> <span class='ocrx_word' id='word_1_234' title='bbox 1134 3437 1382 3500; x_wconf 86' lang='lat' dir='ltr'>statuit.</span> <span class='ocrx_word' id='word_1_235' title='bbox 1448 3441 1784 3519; x_wconf 88' lang='lat' dir='ltr'>praeterea</span> <span class='ocrx_word' id='word_1_236' title='bbox 1830 3437 1997 3520; x_wconf 90' lang='lat' dir='ltr'>quod</span> <span class='ocrx_word' id='word_1_237' title='bbox 2055 3437 2295 3521; x_wconf 79' lang='lat' dir='ltr'>legitur</span> <span class='ocrx_word' id='word_1_238' title='bbox 2341 3435 2585 3498; x_wconf 74' lang='lat' dir='ltr'>tradede</span> <span class='ocrx_word' id='word_1_239' title='bbox 2630 3431 2955 3515; x_wconf 88' lang='lat' dir='ltr'>probabili</span> 
     </span>
     <span class='ocr_line' id='line_1_31' title="bbox 667 3539 2957 3628; baseline -0.002 -22"><span class='ocrx_word' id='word_1_240' title='bbox 667 3545 918 3608; x_wconf 88' lang='lat' dir='ltr'>ratione</span> <span class='ocrx_word' id='word_1_241' title='bbox 986 3545 1331 3627; x_wconf 72' lang='lat' dir='ltr'>trayoediac</span> <span class='ocrx_word' id='word_1_242' title='bbox 1394 3544 1631 3628; x_wconf 84' lang='lat' dir='ltr'>corrigi</span> <span class='ocrx_word' id='word_1_243' title='bbox 1687 3547 1753 3607; x_wconf 92' lang='lat' dir='ltr'>et</span> <span class='ocrx_word' id='word_1_244' title='bbox 1815 3545 2174 3627; x_wconf 86' lang='lat' dir='ltr'>praemisso</span> <span class='ocrx_word' id='word_1_245' title='bbox 2229 3544 2321 3608; x_wconf 76' lang='lat' dir='ltr'>ita</span> <span class='ocrx_word' id='word_1_246' title='bbox 2384 3541 2454 3604; x_wconf 91' lang='lat' dir='ltr'>in</span> <span class='ocrx_word' id='word_1_247' title='bbox 2519 3539 2957 3605; x_wconf 87' lang='lat' dir='ltr'>antecedentis</span> 
     </span>
     <span class='ocr_line' id='line_1_32' title="bbox 667 3631 2958 3734; baseline -0.001 -20"><span class='ocrx_word' id='word_1_248' title='bbox 667 3651 967 3714; x_wconf 84' lang='lat' dir='ltr'>versiculi</span> <span class='ocrx_word' id='word_1_249' title='bbox 1026 3651 1152 3714; x_wconf 90' lang='lat' dir='ltr'>fine</span> <span class='ocrx_word' id='word_1_250' title='bbox 1209 3651 1363 3733; x_wconf 92' lang='lat' dir='ltr'>poni</span> <span class='ocrx_word' id='word_1_251' title='bbox 1420 3651 1626 3734; x_wconf 91' lang='lat' dir='ltr'>iubet,</span> <span class='ocrx_word' id='word_1_252' title='bbox 1682 3651 1931 3734; x_wconf 90' lang='lat' dir='ltr'>reliqua</span> <span class='ocrx_word' id='word_1_253' title='bbox 1995 3650 2310 3714; x_wconf 87' lang='lat' dir='ltr'>Varronis</span> <span class='ocrx_word' id='word_1_254' title='bbox 2377 3671 2515 3712; x_wconf 89' lang='lat' dir='ltr'>esse</span> <span class='ocrx_word' id='word_1_255' title='bbox 2584 3631 2958 3712; x_wconf 80' lang='lat' dir='ltr'>arbitratur.</span> 
     </span>
     <span class='ocr_line' id='line_1_33' title="bbox 668 3739 2957 3842; baseline -0.001 -21"><span class='ocrx_word' id='word_1_256' title='bbox 668 3779 832 3842; x_wconf 91' lang='lat' dir='ltr'>quae</span> <span class='ocrx_word' id='word_1_257' title='bbox 878 3777 1032 3821; x_wconf 89' lang='lat' dir='ltr'>num</span> <span class='ocrx_word' id='word_1_258' title='bbox 1080 3758 1348 3840; x_wconf 90' lang='lat' dir='ltr'>propius</span> <span class='ocrx_word' id='word_1_259' title='bbox 1378 3739 1555 3820; x_wconf 41' lang='lat' dir='ltr'>&#39;meis</span> <span class='ocrx_word' id='word_1_260' title='bbox 1613 3779 1651 3820; x_wconf 92' lang='lat' dir='ltr'>a</span> <span class='ocrx_word' id='word_1_261' title='bbox 1697 3779 1848 3820; x_wconf 86' lang='lat' dir='ltr'>vero</span> <span class='ocrx_word' id='word_1_262' title='bbox 1898 3755 2119 3820; x_wconf 91' lang='lat' dir='ltr'>absint</span> <span class='ocrx_word' id='word_1_263' title='bbox 2171 3777 2369 3838; x_wconf 89' lang='lat' dir='ltr'>penes</span> <span class='ocrx_word' id='word_1_264' title='bbox 2415 3756 2740 3819; x_wconf 86' lang='lat' dir='ltr'>acutiores</span> <span class='ocrx_word' id='word_1_265' title='bbox 2787 3755 2957 3819; x_wconf 88' lang='lat' dir='ltr'>arbi-</span> 
     </span>
     <span class='ocr_line' id='line_1_34' title="bbox 666 3862 2956 3951; baseline -0.002 -23"><span class='ocrx_word' id='word_1_266' title='bbox 666 3866 867 3928; x_wconf 86' lang='lat' dir='ltr'>trium</span> <span class='ocrx_word' id='word_1_267' title='bbox 915 3867 1082 3928; x_wconf 89' lang='lat' dir='ltr'>esto:</span> <span class='ocrx_word' id='word_1_268' title='bbox 1129 3863 1554 3946; x_wconf 88' lang='lat' dir='ltr'>persuadendi</span> <span class='ocrx_word' id='word_1_269' title='bbox 1602 3863 1860 3945; x_wconf 90' lang='lat' dir='ltr'>quidem</span> <span class='ocrx_word' id='word_1_270' title='bbox 1910 3863 1974 3926; x_wconf 85' lang='lat' dir='ltr'>vi</span> <span class='ocrx_word' id='word_1_271' title='bbox 2025 3863 2123 3926; x_wconf 88' lang='lat' dir='ltr'>vel</span> <span class='ocrx_word' id='word_1_272' title='bbox 2167 3862 2313 3926; x_wconf 88' lang='lat' dir='ltr'>ideo</span> <span class='ocrx_word' id='word_1_273' title='bbox 2354 3866 2597 3951; x_wconf 82' lang='lat' dir='ltr'>carent,</span> <span class='ocrx_word' id='word_1_274' title='bbox 2640 3862 2795 3945; x_wconf 88' lang='lat' dir='ltr'>quia</span> <span class='ocrx_word' id='word_1_275' title='bbox 2840 3885 2956 3926; x_wconf 87' lang='lat' dir='ltr'>nec</span> 
     </span>
     <span class='ocr_line' id='line_1_35' title="bbox 666 3968 2956 4054; baseline -0.001 -22"><span class='ocrx_word' id='word_1_276' title='bbox 666 3971 906 4034; x_wconf 87' lang='lat' dir='ltr'>lemma</span> <span class='ocrx_word' id='word_1_277' title='bbox 962 3971 1300 4034; x_wconf 88' lang='lat' dir='ltr'>restituere</span> <span class='ocrx_word' id='word_1_278' title='bbox 1347 3992 1465 4034; x_wconf 90' lang='lat' dir='ltr'>nec</span> <span class='ocrx_word' id='word_1_279' title='bbox 1513 3969 1773 4033; x_wconf 89' lang='lat' dir='ltr'>initium</span> <span class='ocrx_word' id='word_1_280' title='bbox 1822 3970 2204 4054; x_wconf 88' lang='lat' dir='ltr'>sententiae,</span> <span class='ocrx_word' id='word_1_281' title='bbox 2267 3970 2498 4033; x_wconf 87' lang='lat' dir='ltr'>saltem</span> <span class='ocrx_word' id='word_1_282' title='bbox 2546 3972 2621 4031; x_wconf 91' lang='lat' dir='ltr'>ut</span> <span class='ocrx_word' id='word_1_283' title='bbox 2666 3968 2956 4051; x_wconf 84' lang='lat' dir='ltr'>intellegi</span> 
     </span>
     <span class='ocr_line' id='line_1_36' title="bbox 667 4073 2953 4161; baseline -0.003 -20"><span class='ocrx_word' id='word_1_284' title='bbox 667 4077 903 4160; x_wconf 84' lang='lat' dir='ltr'>possit,</span> <span class='ocrx_word' id='word_1_285' title='bbox 952 4078 1193 4141; x_wconf 85' lang='lat' dir='ltr'>sarcire</span> <span class='ocrx_word' id='word_1_286' title='bbox 1241 4080 1508 4141; x_wconf 88' lang='lat' dir='ltr'>conatus</span> <span class='ocrx_word' id='word_1_287' title='bbox 1550 4079 1648 4138; x_wconf 90' lang='lat' dir='ltr'>est</span> <span class='ocrx_word' id='word_1_288' title='bbox 1694 4076 1796 4139; x_wconf 81' lang='lat' dir='ltr'>vir</span> <span class='ocrx_word' id='word_1_289' title='bbox 1840 4076 2302 4161; x_wconf 82' lang='lat' dir='ltr'>amicissimus3</span> <span class='ocrx_word' id='word_1_290' title='bbox 2350 4097 2500 4140; x_wconf 89' lang='lat' dir='ltr'>nam</span> <span class='ocrx_word' id='word_1_291' title='bbox 2549 4076 2764 4158; x_wconf 87' lang='lat' dir='ltr'>ipsum</span> <span class='ocrx_word' id='word_1_292' title='bbox 2793 4073 2953 4137; x_wconf 87' lang='lat' dir='ltr'>Var-</span> 
     </span>
     <span class='ocr_line' id='line_1_37' title="bbox 664 4182 2420 4265; baseline 0 -20"><span class='ocrx_word' id='word_1_293' title='bbox 664 4205 889 4247; x_wconf 89' lang='lat' dir='ltr'>ronem</span> <span class='ocrx_word' id='word_1_294' title='bbox 946 4188 1081 4246; x_wconf 89' lang='lat' dir='ltr'>tam</span> <span class='ocrx_word' id='word_1_295' title='bbox 1138 4186 1366 4247; x_wconf 87' lang='lat' dir='ltr'>trunca</span> <span class='ocrx_word' id='word_1_296' title='bbox 1412 4182 1662 4246; x_wconf 89' lang='lat' dir='ltr'>dedisse</span> <span class='ocrx_word' id='word_1_297' title='bbox 1713 4204 1976 4265; x_wconf 88' lang='lat' dir='ltr'>prorsus</span> <span class='ocrx_word' id='word_1_298' title='bbox 2022 4183 2420 4246; x_wconf 88' lang='lat' dir='ltr'>incredibile.</span> 
     </span>
    </p>

    <p class='ocr_par' dir='ltr' id='par_1_6' title="bbox 846 4287 2952 4367">
     <span class='ocr_line' id='line_1_38' title="bbox 846 4287 2952 4367; baseline -0.003 -15"><span class='ocrx_word' id='word_1_299' title='bbox 846 4287 1148 4353; x_wconf 85' lang='lat' dir='ltr'>Ceterum</span> <span class='ocrx_word' id='word_1_300' title='bbox 1190 4312 1324 4355; x_wconf 89' lang='lat' dir='ltr'>non</span> <span class='ocrx_word' id='word_1_301' title='bbox 1369 4289 1650 4352; x_wconf 90' lang='lat' dir='ltr'>alienum</span> <span class='ocrx_word' id='word_1_302' title='bbox 1699 4290 1782 4352; x_wconf 87' lang='lat' dir='ltr'>ab</span> <span class='ocrx_word' id='word_1_303' title='bbox 1831 4289 2022 4352; x_wconf 87' lang='lat' dir='ltr'>huius</span> <span class='ocrx_word' id='word_1_304' title='bbox 2070 4288 2222 4350; x_wconf 88' lang='lat' dir='ltr'>libri</span> <span class='ocrx_word' id='word_1_305' title='bbox 2270 4287 2543 4351; x_wconf 86' lang='lat' dir='ltr'>consilio</span> <span class='ocrx_word' id='word_1_306' title='bbox 2591 4288 2689 4347; x_wconf 88' lang='lat' dir='ltr'>est</span> <span class='ocrx_word' id='word_1_307' title='bbox 2734 4303 2952 4367; x_wconf 84' lang='lat' dir='ltr'>quam·</span> 
     </span>
    </p>
   </div>
  </div>
 </body>
</html>
