3400 5075
1359 343 1423 391 L.
1463 340 1826 391 AFRANIVS
1974 373 1975 376 =
2626 339 2743 401 187

1442 497 1600 563 XIV
1678 497 1719 560 3

630 613 923 678 Dimittit
969 612 1414 697 adsestrseem,
1459 635 1558 677 me
1607 499 1685 676 aii
1722 493 1874 676 >sese
1919 617 2128 677 uocat.

1435 746 1559 812 XV
1609 743 1756 832 (20)

631 913 644 926 .
735 863 1029 947 equidem
1077 863 1390 947 prandere
1437 866 1719 927 stantem
1765 861 2101 925 n6biseum
2147 862 2494 925 incinctam
2542 865 2699 945 toga

1445 995 1603 1061 XVI
1653 994 1755 1082 (1)

627 1107 914 1176 'Interim
961 1113 1329 1177 merendam
1376 1135 1634 1196 aceuro,
1681 1112 1763 1176 ad
1809 1114 2034 1176 ce'nam
2081 1134 2226 1175 cum
2271 1097 2449 1175 uens:
2497 1111 2694 1175 iuuat.

1399 1253 1592 1318 xvu
1640 1253 1784 1339 (17)

844 1418 858 1433 .
948 1369 1135 1434 facile
1182 1370 1558 1434 manducari
1605 1369 1723 1454 qu1'
1765 1373 1998 1454 potest.

1390 1512 1616 1577 XVIII
1664 1511 1807 1596 (14)

413 1627 587 1691 ’185
635 1677 1076 1691 .....
1168 1629 1206 1692 ό
1254 1650 1507 1691 sacrum
1555 1651 1841 1691 scurram
1890 1630 1956 1691 et
2000 1629 2266 1691 malum!

1415 1768 1574 1834 xlx
1622 1767 1766 1855 (16)

627 1883 824 1948 Proin
870 1887 970 1968 tu,
1016 1906 1162 1949 cum
1209 1908 1540 1972 quaeram,
1584 1887 1669 1949 ne
1715 1885 2036 1970 requiram
2082 1887 2146 1949 te
2194 1884 2356 1950 uide.
2422 1907 2427 1913 ’

1436 2010 1562 2074 XX
1609 2006 1755 2096 (19)

735 2176 748 2190 .
840 2147 1073 2211 aquam
1121 2148 1198 2189 ex
1243 2147 1402 2190 ceno
1448 2124 1737 2212 haurire,
1783 2128 1894 2211 qui
1940 2127 2235 2191 lauerent
2278 2147 2527 2190 manus,

450 2316 713 2367 Afranius
751 2320 947 2380 Qmine
985 2318 1160 2384 [VIII]
1200 2321 1341 2371 idem
1380 2322 1642 2370 Fratriie:
1682 2327 1829 2371 mea’
1868 2338 1913 2374 e.
1955 2336 2005 2384 q.
2046 2337 2090 2372 s,
2146 2320 2410 2380 (fratris
2450 2321 2515 2367 W
2553 2317 2737 2380 Leid.)

584 2387 710 2435 XIV
749 2387 958 2437 Nonius
995 2391 1078 2449 73,
1118 2392 1183 2438 29
1220 2388 1593 2438 ‘adaestrix
1633 2389 1957 2438 femininum
1995 2393 2079 2438 est
2114 2388 2183 2436 ab
2221 2403 2313 2447 eo,
2351 2386 2490 2450 quod
2529 2392 2615 2436 est
2652 2401 2738 2435 ae-

448 2469 644 2506 sessor.
717 2455 979 2505 Afranius
1018 2456 1256 2505 Fratris:
1291 2457 1542 2505 dimittit’
1579 2471 1623 2505 e.
1665 2473 1713 2521 q.
1752 2473 1794 2506 s.
1934 2456 2033 2504 XV
2071 2456 2281 2505 Nouius
2315 2457 2430 2513 540,
2457 2457 2523 2503 32
2560 2457 2742 2517 ‘toga

447 2535 555 2570 non
593 2521 766 2572 solum
813 2523 946 2579 uiri.
992 2523 1088 2573 sed
1126 2525 1289 2573 etiam
1343 2524 1578 2574 feminae
1617 2526 1933 2575 utebantur.
2005 2524 2268 2574 Afranius
2305 2521 2541 2573 Fratris:
2591 2521 2741 2587 eqni·

449 2588 594 2639 dem’
635 2606 681 2644 e.
723 2606 773 2654 q.
811 2607 855 2639 s.
991 2591 1120 2641 XVI
1157 2593 1369 2643 Nonius
1405 2595 1487 2652 29,
1528 2596 1552 2641 1
1595 2593 1931 2642 ‘merenda
1967 2592 2171 2641 dieitur
2207 2591 2386 2648 cibu3‚
2424 2594 2547 2654 post
2582 2589 2741 2639 meri-

450 2657 595 2706 diem
642 2659 733 2721 qui
782 2658 957 2708 datur.
1031 2658 1293 2709 Afranius
1340 2661 1579 2709 Fratris:
1629 2661 1869 2711 interim'
1917 2677 1963 2709 e.
2004 2676 2053 2724 q.
2089 2675 2132 2708 s.
2339 2657 2493 2707 XVII
2530 2658 2743 2708 Nonius

447 2727 564 2790 477,
612 2728 669 2774 12
709 2726 1178 2775 ‘manducatur
1214 2744 1310 2791 pro
1348 2728 1642 2776 manducat
1669 2770 1679 2780 .
1710 2767 1721 2778 .
1749 2765 1762 2777 .
1788 2728 2051 2778 Afranius
2091 2726 2328 2775 Fratris:
2380 2725 2544 2774 facile
2581 2742 2650 2774 m.
2690 2741 2740 2789 q.

448 2797 524 2856 p.’
665 2792 848 2844 XVIII
886 2793 1094 2844 Nouius
1131 2798 1254 2854 397,
1293 2797 1358 2843 22
1402 2800 1683 2844 ‘eaerum
1725 2796 1890 2846 etiam
1939 2795 2232 2844 scelestum
2270 2799 2329 2844 et
2376 2792 2738 2848 detestabile;

449 2860 529 2909 ita
569 2866 625 2910 et
663 2868 1055 2911 consecratum.
1128 2863 1390 2912 Afranius
1430 2863 1820 2912 Fratribus:
1867 2868 1922 2913 0'
1971 2880 2016 2912 e.
2059 2878 2109 2926 q.
2148 2878 2190 2910 fl.
2363 2862 2491 2911 XIX
2529 2861 2741 2910 Nonius

445 2929 573 2990 434,
619 2931 678 2978 14
725 2932 1078 2992 ‘quaerere
1131 2934 1186 2978 et
1230 2931 1576 2993 requirere
1626 2931 1729 2980 hoe
1775 2930 1982 2992 differt,
2028 2929 2286 2995 quoniam
2333 2930 2611 2992 requirere
2656 2932 2741 2976 est

447 2994 539 3044 diu
575 3011 857 3059 quaerere.
931 2995 1194 3046 Afranius
1231 2998 1473 3047 Fratris:
1521 3000 1702 3063 proin'
1742 3014 1789 3049 e.
1829 3015 1877 3061 q.
1918 3014 1960 3048 e.
2136 2997 2237 3047 XX
2273 2997 2482 3047 Nonius
2519 2999 2636 3054 504,
2679 2997 2737 3043 17

446 3062 704 3113 ‘lauere
742 3064 910 3113 etiam
949 3064 1075 3114 inde
1113 3065 1439 3114 manauit..
1467 3102 1480 3114 .
1507 3065 1770 3115 Afranius
1805 3067 2047 3116 Fratris:
2087 3070 2309 3131 aquam’
2349 3081 2397 3115 e.
2438 3079 2489 3127 q.
2526 3079 2569 3115 Β.

443 3241 619 3297 etauio
664 3249 973 3297 contextam
1024 3242 1265 3299 Bolhius
1311 3242 1347 3298 2
1542 3242 1658 3300 181
1707 3243 1930 3300 dimittit
1973 3246 2075 3300 iam
2122 3251 2257 3299 ante
2303 3243 2568 3299 Aldinam

450 3323 567 3381 182
614 3334 668 3381 et
725 3326 940 3399 quidem
986 3328 1124 3383 Par.
1179 3328 1239 3398 P,
1301 3329 1569 3397 Bolhius,
1625 3330 1836 3397 probae
1896 3330 2185 3402 Bcrqlrius
2240 3329 2459 3383 annali.
2512 3327 2731 3396 philoll.

449 3410 612 3467 1870
637 3429 696 3481 ρ.
731 3410 884 3468 827:
929 3414 1128 3484 quidni
1170 3429 1218 3468 e.
1267 3430 1317 3467 e.
1354 3411 1462 3467 uidi
1510 3416 1602 3469 uel
1646 3412 1775 3467 uolo
1817 3412 2064 3486 equidem
2096 3415 2154 3467 in
2182 3414 2470 3483 principio
2511 3410 2741 3480 fuerit?

617 3502 743 3569 toga
802 3497 1045 3553 Bolhius
1103 3505 1283 3569 togam
1338 3498 1474 3553 libri
1645 3496 1764 3553 183
1810 3513 2002 3552 accur-0
2048 3500 2262 3567 scripsi
2311 3511 2538 3551 occurro
2584 3495 2736 3562 libri,

444 3597 554 3651 quo
600 3587 835 3637 seruato
891 3582 944 3636 in
991 3580 1292 3637 merendam
1341 3585 1488 3637 coni.
1543 3582 1960 3637 BuecheleruS.
2053 3580 2177 3635 Non
2236 3588 2326 3636 sat
2372 3587 2529 3635 recle
2574 3580 2736 3634 inlel-

440 3667 659 3720 leaeisse
715 3666 945 3721 uidetur
999 3670 1336 3722 sententiam
1384 3666 1810 3739 Marquardlus
1854 3672 1974 3720 ant.
2023 3666 2182 3720 Rom.
2250 3666 2296 3720 V
2341 3664 2391 3731 l,
2442 3662 2563 3719 275

443 3747 504 3801 ad
551 3765 735 3804 cenam
781 3767 886 3805 om.
931 3750 1087 3806 Leid.
1305 3750 1368 3805 ad
1415 3767 1629 3806 cenam:
1689 3750 1922 3805 conueni
1969 3753 2115 3805 coni.
2167 3749 2567 3805 Buechelerus

446 3830 564 3888 184
611 3848 690 3889 ex
747 3833 927 3889 fratris
986 3837 1145 3890 titulo
1203 3837 1332 3890 elici
1374 3850 1552 3905 posse
1608 3835 1762 3908 quod
1815 3836 1894 3888 ad
1944 3836 2324 3905 supplendum
2384 3834 2734 3888 uersiculum

443 3921 575 3972 usui
613 3921 706 3986 sit,
753 3920 910 3974 uelut
954 3935 1116 3991 panes
1164 3920 1283 3990 tris»,
1329 3923 1469 3975 scite
1510 3922 1724 3975 monuit
1759 3918 2158 3974 Buecheleras
2333 3917 2450 3973 185
2496 3932 2733 3971 scurram

443 4002 611 4073 uulyo
656 4017 967 4057 succurram
1012 4004 1147 4059 libri
1350 4003 1467 4060 186
1513 4020 1635 4059 cum
1680 4020 1784 4059 ms.
1831 4004 2016 4059 Fabri
2060 4010 2171 4056 tum
2213 4004 2395 4058 celeri
2435 4001 2568 4056 libri

446 4084 561 4141 187
612 4086 976 4142 Exciderunt
1023 4089 1114 4143 uel
1156 4091 1212 4141 in
1257 4092 1492 4144 senario
1538 4089 1825 4143 tribrachi
1872 4095 1974 4143 aut
2017 4089 2239 4159 dactyli
2281 4088 2540 4159 syllabae
2584 4089 2735 4142 duae

433 4174 668 4240 priores
714 4172 808 4225 uel
864 4174 922 4225 in
967 4175 1298 4242 septenario
1344 4176 1539 4243 prima
1583 4173 1816 4243 dipodia
1872 4189 1999 4227 cum
2046 4190 2159 4227 una
2208 4173 2387 4227 breui.
2562 4187 2734 4227 coeno

438 4255 525 4308 ed.
566 4255 719 4309 1511
770 4255 891 4309 sino
924 4255 1074 4311 Colb.
1111 4256 1400 4327 Montisp„
1450 4256 1717 4329 Scaliqer
1759 4272 1789 4310 e
1833 4272 1902 4311 no
1948 4256 2089 4312 Par.
2123 4257 2177 4311 P
2217 4271 2350 4312 seno
2396 4260 2578 4312 celeri
2603 4257 2738 4313 libri

609 4354 702 4392 cxs
748 4342 884 4393 aeno
933 4340 1350 4412 Buechelerus‚
1398 4357 1511 4396 non
1555 4342 1996 4413 inprobabiliter
