3400 5075
1413 385 1477 437 L.
1521 384 1888 437 Armmvs
2687 386 2811 453 199

1444 540 1881 635 PRomevs

691 652 858 717 Nam
914 658 1014 719 me
1059 656 1288 740 pudet,
1334 657 1444 728 ubi
1493 659 1741 720 mecum
1786 658 2073 741 loquitur
2118 659 2497 744 Numerius,

690 768 957 853 Aliquid
1006 771 1270 835 sufferre
1318 770 1582 836 Graece:
1631 773 1855 837 irridet
1899 795 2001 838 me
2049 773 2219 840 ilico,

1444 904 1881 970 PRODITVS

1641 1021 1671 1084 I

687 1132 1131 1198 Deliberatum
1179 1125 1280 1198 est
1325 1138 1457 1199 11611
1503 1141 1714 1200 tacere
1766 1134 1917 1222 [me]
1966 1138 2269 1222 zimpliiis:

511 1249 641 1313 275
687 1248 1085 1313 Amunculas
1132 1251 1404 1315 tacendo
1453 1252 1715 1335 periisse
1765 1252 1974 1316 audio,

686 1487 785 1553 Tu
832 1489 1235 1553 senecionem
1285 1489 1457 1553 hunc
1504 1490 1662 1554 saitis
1711 1494 1809 1554 est
1855 1492 1910 1555 si
1957 1495 2206 1576 seru-58,
2252 1517 2432 1558 anuS.

1608 1614 1709 1678 III

685 1777 701 1796 .
746 1727 1081 1814 Remeligo
1112 1751 1150 1792 a
1178 1729 1451 1795 Laribus
1492 1729 1687 1795 missa
1736 1752 1876 1795 sum
1923 1731 2093 1795 hiinc
2124 1755 2285 1815 quae
2324 1756 2580 1799 cursum
2632 1736 2801 1799 edhi-

2215 1847 2418 1913 beam.

641 2044 932 2092 Puonmvs
968 2041 1180 2091 Nouius
1216 2045 1336 2103 397,
1373 2043 1406 2092 ὅ
1443 2042 1771 2093 ‘sufferre
1810 2040 2088 2107 significat
2125 2042 2322 2094 dedere
2361 2043 2450 2093 uel
2491 2059 2801 2112 supponere

508 2147 520 2159 .
551 2145 565 2160 .
594 2145 607 2159 .
631 2110 897 2160 Afranius
935 2110 1200 2174 Prodigo:
1239 2114 1387 2160 nam’
1427 2126 1475 2162 e.
1517 2125 1567 2174 q.
1602 2125 1646 2158 s.

641 2179 930 2227 Pitonia-vs
997 2178 1174 2227 Vnam
1213 2182 1424 2227 tantum
1465 2177 1712 2227 fabulam
1749 2175 1836 2226 uel
1864 2176 2160 2242 Prodigum
2196 2177 2284 2228 uel
2311 2178 2591 2228 Proditum
2628 2181 2802 2231 fuisse

504 2247 819 2310 suspicatur
854 2244 1168 2309 Stephanus
1375 2247 1401 2295 Ι
1439 2244 1621 2295 Schol.
1659 2246 1852 2297 Veron.
1891 2245 1947 2293 in
1986 2244 2150 2308 Verg.
2190 2245 2325 2295 Aen.
2365 2247 2409 2296 X
2449 2249 2548 2296 564
2587 2244 2803 2298 ‘tacitis

502 2315 762 2376 regnauit
806 2312 1065 2377 Amyclis.
1137 2311 1522 2362 Adnotandum
1570 2312 1713 2377 quod
1759 2312 1815 2360 in
1864 2311 2120 2376 catalogo
2168 2313 2326 2362 huius
2373 2330 2480 2364 nou
2538 2315 2799 2365 meminit.

502 2381 742 2445 Amyclis
781 2397 849 2430 ex
888 2380 1177 2444 prouerbio
1205 2420 1215 2431 .
1246 2420 1260 2433 .
1293 2386 1600 2444 .sumptum
1637 2384 1754 2440 est,
1791 2380 1945 2429 cuius
1981 2380 2243 2429 Afranius
2280 2382 2531 2431 meminit
2577 2383 2632 2431 in
2670 2384 2799 2432 Pro-

501 2448 642 2498 dito:
683 2447 1073 2498 deliberatum’
1113 2464 1160 2497 e.
1201 2464 1253 2512 q.
1290 2462 1330 2497 s.
1413 2447 1498 2497 cf.
1541 2449 1768 2498 Seruius
1805 2447 1859 2495 iu
1898 2446 1934 2496 l.
1971 2446 2005 2496 1.
2044 2446 2193 2498 ‘hinc
2235 2454 2319 2497 est
2368 2449 2511 2512 quod
2550 2450 2632 2498 ait
2669 2451 2801 2500 Lu-

501 2514 732 2566 cilius:
787 2515 949 2565 mihi
1005 2530 1289 2567 necesse
1337 2521 1439 2566 est
1493 2514 1705 2582 loqui:
1761 2530 1906 2564 nam
1956 2515 2101 2566 scio
2147 2517 2460 2579 Amyclas
2507 2517 2799 2568 tacendo

501 2601 577 2649 pe
599 2585 844 2635 riisse.’
917 2584 982 2632 In
1008 2585 1205 2646 quibus
1232 2583 1436 2634 Lucilii
1464 2599 1663 2632 nomen
1691 2599 1874 2633 errore
1902 2583 2156 2647 positum,
2196 2590 2385 2634 cetera
2413 2590 2595 2634 autem
2625 2601 2799 2650 praua

499 2653 763 2702 memoria
809 2656 939 2716 puto
986 2651 1271 2703 destructa
1319 2666 1464 2713 esse;
1512 2651 1730 2700 Afranii
1776 2650 1948 2699 uerba
1994 2649 2250 2699 laudasse
2290 2652 2563 2701 Lucilium
2602 2654 2801 2702 statuit

499 2720 567 2769 R.
605 2719 1022 2769 Bouterwekius
1069 2723 1307 2783 quaesit.
1353 2718 1532 2768 Lucil.
1569 2735 1619 2783 p.
1659 2721 1750 2774 29,
1800 2719 1894 2781 qui
1941 2723 2091 2767 certe
2138 2733 2393 2768 numeros
2441 2725 2642 2783 poetae
2691 2737 2798 2770 non

498 2786 796 2837 adsecutus
822 2792 921 2836 est.
996 2788 1083 2837 Cf.
1113 2785 1463 2851 peruigilium
1488 2786 1720 2836 Veneris
1747 2801 1796 2833 u.
1821 2788 1887 2834 92
1912 2786 2015 2834 ‘sic
2039 2786 2321 2847 Amyclae,
2362 2802 2483 2836 cum
2522 2792 2793 2847 tacerent,

499 2855 741 2918 perdidit
776 2854 1101 2907 silentium.’
1309 2854 1365 2903 11
1403 2853 1723 2903 Priscianus
1761 2852 1844 2901 ΙΙΙ
1883 2855 1912 2901 7
1948 2869 1998 2916 p.
2036 2855 2135 2903 618
2173 2853 2233 2901 Ρ.
2281 2859 2476 2904 ‘senex
2513 2856 2797 2905 senecio

500 2922 764 2972 Afranius
811 2923 868 2970 iu
906 2922 1158 2977 Prodito:
1208 2924 1290 2971 tu'
1329 2937 1376 2970 e.
1413 2937 1463 2985 q.
1504 2936 1546 2971 s,
1618 2920 1673 2983 (a
1691 2921 1926 2969 franus
1963 2920 2097 2984 Reg.
2147 2920 2501 2971 affranius
2540 2922 2794 2977 Carolir.)

633 2991 715 3039 111
752 2991 954 3038 Festus
981 3006 1030 3052 p.
1056 2991 1156 3038 277
1180 2989 1248 3037 Μ.
1290 2988 1756 3052 ‘remeligines
1794 2994 1850 3035 ct
1888 3003 2131 3037 remorae
2173 3005 2206 3037 a
2244 2991 2566 3039 remorando
2606 2990 2795 3039 dictae

497 3061 626 3106 sunt
671 3084 735 3093 —
783 3057 852 3105 ab
900 3057 1131 3107 Afranio
1180 3058 1237 3106 in
1281 3055 1535 3107 Prodito:
1592 3057 1857 3118 remeligo
1904 3071 1938 3103 a
1989 3056 2221 3106 Laribus
2268 3060 2439 3108 missa
2482 3072 2600 3107 sum
2649 3058 2795 3107 hunc

499 3140 639 3188 quae
678 3140 891 3175 cursum
940 3122 1256 3189 cohib[eam
1302 3158 1967 3177 .............
1970 3118 1993 3187 ]
2039 3118 2204 3173 riman
2252 3160 2794 3178 ..........

497 3201 756 3266 [Plautus
792 3198 1160 3266 TrinJummo’
1198 3218 1244 3252 e.
1281 3216 1332 3265 q.
1371 3216 1412 3250 s.
1485 3200 1570 3254 Cf.
1609 3201 1889 3264 Roeperus
1924 3198 2122 3250 Philol.
2161 3200 2237 3249 lx
2272 3202 2372 3281 273

667 3451 788 3508 272
836 3451 1001 3525 pudet
1038 3451 1178 3507 Gen.
1213 3451 1369 3506 Leid.
1418 3449 1560 3504 Par.
1593 3449 1648 3504 P
1686 3448 1855 3521 pudet
1901 3448 1943 3501 it
1988 3450 2171 3503 ceteri
2209 3448 2346 3503 libri
2514 3448 2635 3505 273
2682 3451 2796 3505 sus-

497 3537 641 3592 scrrc
686 3537 932 3592 Bothius
986 3535 1187 3591 suffero
1230 3535 1364 3590 libri
1530 3533 1783 3602 sufferre,
1832 3531 2030 3585 Graece
2077 3533 2453 3589 Her-mannus
2494 3535 2533 3588 l.
2582 3536 2620 3587 l.
2671 3534 2792 3590 285

666 3620 787 3677 274
833 3637 920 3675 me
975 3622 1350 3676 Hermannus
1404 3621 1442 3674 t.
1502 3621 1540 3673 l.
1591 3616 1748 3687 285,
1809 3634 1913 3672 om.
1973 3618 2097 3672 cod.
2301 3616 2422 3673 275
2469 3618 2794 3673 Amunculas

495 3708 912 3777 Hertzberqius
968 3720 1110 3761 muS.
1157 3704 1344 3761 Rhea.
1395 3701 1561 3759 XIII
1601 3702 1722 3758 639
1760 3704 2062 3772 persuasit
2106 3701 2422 3758 Bit-selectio
2481 3718 2682 3774 opusc.
2729 3703 2800 3758 II

497 3790 657 3861 503,
704 3793 804 3863 qui
859 3790 1016 3843 ctiam
1077 3788 1358 3861 Amyculas
1405 3794 1808 3859 temptauerat.
1898 3784 2144 3858 Amyclas
2190 3787 2314 3842 cod.
2362 3786 2603 3859 Amyclas
2650 3788 2792 3842 cuim

496 3877 873 3932 Her-mannus
1046 3872 1269 3929 tacendo
1315 3873 1540 3946 periisse
1574 3871 1648 3926 H.
1683 3872 1929 3939 mitius,
1974 3872 2071 3925 cui
2111 3873 2167 3925 in
2200 3873 2323 3926 cod.
2373 3878 2591 3926 tautum
2641 3878 2792 3926 [acen

433 3994 438 3998 -
498 4001 511 4015 .
547 4002 559 4014 .
595 4005 608 4019 .
642 3960 813 4014 erisse
857 3961 1137 4030 apparuit
1308 3957 1429 4013 276
1475 3956 1800 4011 Senicionem
1850 3954 2024 4026 Sunq.
2199 3964 2381 4009 seruat
2435 3955 2618 4029 Bonq.

493 4060 656 4099 sanus
689 4043 894 4099 Bamb.
940 4047 1110 4097 Sanus?
1145 4041 1308 4097 Grut.
1481 4039 1601 4095 277
1649 4040 1891 4109 explere
1935 4041 2151 4094 initium
2185 4054 2393 4095 uersus
2424 4042 2607 4101 nolui.
2654 4044 2791 4111 quia

497 4132 668 4185 uaria
714 4130 941 4183 ratione
983 4129 1120 4199 fieri
1157 4133 1347 4198 potest
1362 4150 1376 4179 .·
1421 4126 1540 4179 niun
1587 4123 1655 4192 (s.
1705 4122 1832 4193 huc)
1876 4122 2153 4196 Rcmcligo
2191 4131 2292 4179 aut
2324 4122 2600 4195 Rcmcligo
2632 4141 2790 4197 erge,

495 4217 612 4270 alia
647 4220 707 4268 ut
738 4214 969 4267 mittam.
1048 4211 1308 4267 Ceterum
1341 4208 1724 4281 Remeligiucm
1755 4212 1940 4278 ipsam
1982 4210 2141 4280 loqui
2183 4215 2341 4263 recte
2376 4208 2437 4264 0.
2471 4208 2791 4264 Muellerus

494 4300 764 4354 statuisse
811 4297 1057 4351 uidetur.
1190 4295 1329 4350 hanc
1359 4295 1483 4349 cod.
1520 4294 1624 4349 huc
1672 4293 1910 4349 Vrsinus
1942 4293 2071 4347 haec
2100 4294 2318 4349 mazeult
2354 4293 2415 4347 0.
2450 4293 2785 4349 Muellerus

664 4377 943 4436 cohibeam
990 4379 1323 4452 Stephanus
1366 4376 1569 4434 cohib.
1605 4419 1618 4433 .
1656 4420 1669 4433 .
1721 4379 1843 4434 cod.
1890 4375 2165 4433 cohibeam
2209 4378 2361 4432 nauis
2425 4378 2662 4435 Vrsinus

1497 4605 2022 4726 ‘gs-UMOLEA‘„

1421 4768 1428 4787 .
1579 4725 1927 4779 oxeoao

1491 4846 1522 4869 κῆ
1568 4820 1940 4895 &ostium
