3400 5075
1399 355 1754 418 ADDENDA
1800 384 1806 389 -
2547 352 2723 421 cxm

600 526 683 592 37
745 526 881 591 Aut
924 526 1182 611 potitu's
1239 527 1309 590 in
1356 526 1609 591 senario
1660 529 1774 590 aut
1819 526 1889 588 in
1935 525 2302 609 septenario
2347 526 2536 608 potiti
2578 526 2723 592 estis

421 658 566 700 eum
619 634 807 698 hiatu
864 633 1060 700 seribi
1116 634 1258 699 vult
1310 631 1430 698 Ed.
1487 631 1733 697 Becker
1788 631 1951 697 stud.
1997 630 2030 696 I
2092 632 2242 716 151,
2299 636 2603 697 neutrum
2649 635 2724 696 ut

423 741 586 806 mihi
633 740 1047 825 persuaserit.
1929 726 1936 733 ⁵

597 849 685 913 42
1343 846 1455 912 sed
1500 846 1685 931 quasi
1738 847 1945 911 amnis
1991 844 2207 913 obiice-3

847 954 1078 1039 Rupit,
1122 955 1336 1021 sedata
1380 958 1584 1019 tamen
1628 952 1869 1017 inflexu
1914 953 2199 1018 flectitur

423 1059 742 1146 Bergkius
787 1059 811 1123 l
858 1060 899 1125 l.
946 1061 1102 1146 254,
1158 1083 1350 1146 quam
1399 1061 1648 1126 scilieet
1704 1060 2074 1125 temeritate
2132 1058 2501 1124 admirabili
2567 1058 2719 1123 sim-

425 1166 854 1251 plicissimam
901 1166 1060 1232 dicit
1107 1189 1247 1233 esse
1295 1166 1832 1251 emendationem.

600 1273 687 1338 44
735 1295 828 1358 sq.
882 1294 1036 1338 nam
1090 1274 1309 1339 hidere
1355 1277 1429 1338 ut
1473 1274 1781 1339 laetantis
1829 1278 2086 1358 praeter
2135 1294 2390 1339 amnem
2435 1274 2608 1339 inter
2654 1293 2722 1338 se

1594 1381 1875 1446 vidimus
1886 1433 1905 1466 ,

885 1488 1185 1552 creterris
1233 1509 1485 1552 sumere
1532 1495 1766 1571 aqiiam
1813 1511 1891 1552 ex
1936 1486 2117 1552 fonte

423 1594 596 1660 idem
649 1618 711 1679 p.
759 1595 886 1659 277
943 1593 1489 1679 hypercatalectis
1544 1616 1695 1660 nam
1751 1596 1955 1661 ludere
2008 1600 2079 1659 ut
2124 1593 2412 1660 laetantis
2456 1595 2619 1660 inter
2662 1613 2726 1660 se

423 1703 695 1766 videmus
728 1705 979 1783 praeter
1023 1722 1268 1767 amnem
1312 1700 1687 1785 repudiatis,
1779 1700 1966 1766 Nihil
2006 1701 2147 1787 agit
2179 1705 2411 1785 aqu‘am
2436 1700 2723 1786 trisylla-

430 1808 585 1872 bum
633 1807 945 1872 seaenieis
995 1807 1365 1873 obtrudens,

606 1915 689 1979 47
741 1912 1004 1979 Conieci
1049 1918 1139 1981 sic
1181 1916 1314 1980 sine
1353 1915 1521 1996 ferro
1555 1937 1756 1998 pecua
1799 1916 2086 1982 manibus
2129 1920 2302 1982 sueta
2338 1920 2409 1981 ut
2443 1916 2530 1982 ad
2561 1934 2725 1981 mor-

429 2025 547 2085 tem
591 2025 817 2086 meant.

601 2127 688 2191 49
734 2127 927 2210 proin
970 2127 1353 2193 Dvaedviante
1398 2128 1718 2214 Bergkius
1763 2130 1804 2195 l.
1850 2130 1891 2196 l.
1938 2131 2094 2215 281,
2150 2131 2349 2195 etiam
2396 2130 2725 2214 mortuum

423 2232 702 2299 infelicis
772 2233 894 2297 filii
948 2237 1200 2318 patrem
1257 2235 1386 2300 isto
1441 2236 1704 2300 nomine
1759 2237 2121 2321 praedicari
2177 2236 2471 2321 potuisse
2525 2258 2729 2321 prava

427 2340 735 2423 opinione
783 2343 1093 2406 statuens.

602 2448 686 2512 57
735 2468 880 2512 eum
906 2445 1142 2513 Naevii
1188 2470 1350 2513 com.
1401 2448 1529 2513 120
1575 2448 1747 2514 idem
1792 2450 1832 2515 l.
1880 2450 1919 2515 l.
1965 2448 2170 2514 nimia
2214 2447 2583 2515 temeritate
2632 2450 2726 2514 sic

432 2556 763 2621 conflavit:

691 2661 811 2727 risi
856 2662 1116 2747 egomet
1160 2684 1410 2729 mecum
1457 2665 1933 2730 cassabundum
1979 2666 2074 2731 ire
2121 2665 2398 2732 ebrium:

693 2768 1040 2834 diabathra
1085 2769 1154 2833 in
1197 2769 1470 2853 pedibus
1480 2822 1498 2856 ,
1543 2776 1685 2837 erat
1731 2773 2005 2838 amictus
2053 2772 2368 2858 epicroca

606 2877 691 2942 58
741 2876 1067 2942 senarium
1111 2875 1284 2941 idem
1326 2876 1370 2943 l.
1415 2877 1459 2944 l.
1503 2878 1636 2944 280
1682 2878 1963 2945 effinxit:
2128 2963 2133 2968 .

833 2983 907 3047 in
950 2985 1234 3068 montes,
1278 2983 1392 3048 ubi
1439 3006 1508 3050 se
1554 2985 1733 3051 venti
1778 2983 2170 3073 frangebant
2215 2985 2341 3052 loci

428 3087 665 3155 Isidori
711 3090 999 3175 glossam
1042 3089 1139 3154 nil
1185 3111 1435 3156 curans.

610 3197 695 3262 63
740 3197 872 3264 dice
912 3197 986 3262 id
1024 3197 1177 3279 quid
1216 3197 1300 3263 sit
1345 3193 1785 3264 Studemundo
1834 3203 2097 3266 auctore
2143 3198 2262 3264 Ed.
2308 3198 2556 3263 Becker
2601 3198 2642 3263 1.
2686 3199 2730 3262 l.

435 3302 588 3367 174:
634 3302 744 3386 qui
790 3324 903 3368 cur
945 3303 1075 3370 dice
1118 3303 1273 3387 quid
1311 3304 1382 3370 id
1423 3309 1510 3372 est
1555 3305 1892 3390 spreverit,
1937 3306 2282 3391 intellegas
2323 3327 2400 3369 ex
2440 3304 2656 3371 adnot.
2686 3306 2728 3370 2

429 3407 513 3473 ad
548 3431 613 3494 p.
662 3408 807 3476 129.

491 3634 500 3640 ’
606 3620 800 3706 Apud
839 3621 1195 3688 ENNIVM
1232 3647 1291 3688 ν.
1330 3625 1373 3689 2
1403 3646 1495 3708 sq.
1531 3628 1686 3708 post
1729 3624 2048 3710 pessimos
2087 3622 2362 3690 creticos
2401 3623 2727 3690 senarium

432 3728 612 3812 sequi
650 3729 790 3794 vult
837 3729 1158 3815 Bergkius
1203 3729 1436 3795 Philol.
1482 3729 1766 3795 XXXIII
1811 3732 1968 3797 282:

752 3837 869 3921 per
914 3857 1035 3921 ego
1084 3836 1269 3901 deum
1319 3838 1631 3902 sublimas
1679 3837 1957 3905 subiioes
2002 3835 2330 3924 humidaS,

749 3942 918 4008 unde
965 3943 1172 4008 6ritur
1216 3944 1425 4009 imber
1472 3944 1689 4010 sonitu
1736 3966 1928 4011 saevo
1977 3948 2043 4009 et
2088 3941 2378 4029 spiritus-

610 4050 696 4114 22
742 4053 888 4115 abra
941 4050 1082 4116 bilis
1136 4050 1293 4115 mihi
1345 4051 1628 4116 minatur
1674 4053 1741 4114 et
1788 4074 1846 4117 v.
1892 4052 1977 4117 23
2025 4050 2214 4116 initio
2260 4050 2406 4116 vae!
2451 4050 2729 4116 coniecit

433 4155 601 4220 idem
648 4156 688 4220 l.
736 4157 778 4221 l.
823 4157 980 4242 283,
1028 4178 1191 4241 quae
1236 4180 1394 4221 num
1427 4154 1896 4242 CiceronianiS,
1941 4178 2216 4240 quorum
2264 4178 2332 4219 se
2377 4158 2727 4239 patronum

433 4261 754 4347 exhibuit,
799 4261 1185 4346 persuadere
1229 4263 1443 4347 possit
1487 4258 1773 4348 expecto,
1846 4284 1924 4327 ne
1963 4263 2104 4347 ipse
2137 4261 2395 4345 quidem
2421 4262 2728 4345 probavit

435 4389 597 4450 quae
625 4368 695 4432 in
722 4371 1008 4434 mentem
1035 4372 1345 4435 venerant
1371 4370 1556 4436 haec:
1586 4375 1794 4436 atram
1821 4369 2001 4436 bilem
2023 4369 2127 4434 vel
2146 4369 2454 4436 atribilem
2472 4369 2726 4435 mihim.

535 4481 650 4524 Con.
678 4482 795 4525 Ian.
823 4482 940 4524 ΒΜ..
2262 4474 2301 4528 h
