3400 5075
694 317 820 370 XVI
1582 314 2051 367 COROLLARIV
2055 314 2111 366 M

660 484 949 561 'cerotum
1008 479 1109 541 cui
1160 479 1317 542 olim
1362 477 1813 556 diffunderetur
1871 475 2270 558 adscriptum
2320 479 2435 539 est.
2510 475 2842 559 eidemque
2890 476 2986 539 III

692 587 753 668 5,
781 586 843 668 2,
886 586 1014 649 nisi
1061 585 1230 648 forte
1267 605 1573 667 perversa
1601 583 1899 647 doctrina
1945 583 2243 646 inductus
2282 582 2427 663 fuit,
2466 585 2691 646 eontra
2734 584 2985 646 codices

691 692 1159 756 restituendum
1209 696 1309 753 est
1354 690 1680 753 ‘dolenter
1727 690 1897 753 enim
1937 689 2234 752 homines
2282 690 2582 752 ferebant
2628 689 2988 771 pecuniam}

694 822 858 882 quae
908 798 1150 861 Fabiae
1198 797 1413 881 gentis
1463 795 1790 879 splendori
1831 795 2070 857 servire
2108 796 2403 877 debebat,
2451 794 2720 877 flagitiis
2756 795 2989 875 disier,

696 905 798 967 cui
848 904 1108 967 saeculo
1146 902 1301 966 XIII
1353 904 1571 965 extitit
1609 902 1720 984 qui
1761 902 2347 983 interpretamento
2395 902 2674 965 fortasse
2723 902 2988 983 antiquo

694 1033 849 1074 usus
904 1010 1202 1090 dissipa&
1257 1009 1704 1088 substitueret,
1759 1008 1827 1070 in
1884 1006 2375 1072 Vindobonensi
2434 1009 2569 1071 scil.
2619 1007 2855 1070 codice.
2904 1044 2984 1050 —

698 1117 1244 1180 Dubitabimusne
1290 1115 1513 1197 igitur,
1559 1113 1713 1196 quin
1763 1114 1872 1175 ubi
1923 1117 2254 1177 asotorum
2303 1114 2831 1195 adulescentium,
2878 1114 2985 1195 qui

698 1246 853 1305 opes
902 1227 1206 1305 paternas
1254 1219 1629 1303 disperdant
1676 1222 1743 1281 et
1771 1219 2093 1301 dissipent
2138 1220 2409 1301 luxuria,
2456 1222 2723 1282 notatur
2767 1220 2836 1281 in
2884 1241 2984 1281 co-

696 1329 978 1411 moedia,
1036 1330 1286 1391 disicere
1330 1327 1625 1407 verbum,
1678 1347 1810 1389 non
1856 1326 2140 1389 dissicere
2185 1326 2394 1387 locum
2444 1326 2729 1389 habeat?
2790 1326 2988 1387 immo

697 1436 798 1498 vel
847 1438 1072 1498 contra
1119 1435 1430 1497 librorum
1470 1431 1852 1495 memoriam
1892 1436 1958 1494 et
1995 1431 2245 1494 Naevio
2287 1432 2699 1494 restituemus
2749 1432 2989 1494 ‘disicis

696 1542 1111 1621 disqndveras’
1167 1543 1233 1601 et
1289 1536 1574 1600 Caecilio
1633 1540 1804 1602 ‘dide
1856 1539 2092 1602 ‹lisicc’.
2167 1537 2246 1599 ad
2304 1560 2466 1619 quae
2525 1542 2738 1600 cetera
2793 1538 2990 1599 verba

698 1648 764 1712 in
815 1647 1011 1709 simili
1060 1668 1127 1707 re
1175 1648 1487 1726 usurpata
1532 1644 1880 1727 quadrant:
1930 1651 2090 1707 ‘rem
2137 1644 2470 1725 ‹Ie‘lape‘das'
2525 1644 2684 1707 Pall.
2715 1644 2833 1707 inc,
2865 1644 2985 1706 inc.

699 1754 803 1835 55,
850 1760 1019 1816 ‘rem
1057 1752 1382 1833 disperdit'
1433 1750 1627 1813 Titin.
1664 1752 1764 1831 16,
1808 1752 2127 1831 ‘dissipes'
2176 1749 2410 1814 Caecil.
2441 1752 2587 1814 205.
2645 1750 2740 1813 De
2779 1752 2990 1813 forma

664 1844 1045 1939 'dispoliasti
1092 1856 1260 1939 apud
1307 1855 1668 1938 Turpilium
1725 1857 1846 1920 149
1894 1857 2067 1920 infra
2111 1858 2475 1940 disputabo,

878 1981 955 2044 In
1001 2004 1059 2044 v.
1107 1982 1191 2041 58
1247 1980 1474 2057 Imma,
1530 1983 1603 2041 ut
1657 1982 1937 2042 testatur
1975 1980 2263 2063 Nouius,
2321 1981 2520 2044 habet
2575 1982 2772 2044 codex
2824 1982 2985 2045 Har-

698 2089 966 2152 leianus.

878 2195 982 2257 60.
1048 2193 1306 2256 Novum
1367 2193 1615 2255 formae
1675 2193 1845 2255 simil
1906 2193 2269 2275 exemplum
2328 2193 2603 2256 forsitan
2666 2195 2870 2257 lateat
2923 2195 2986 2257 in

699 2302 1011 2363 zetemate
1086 2298 1479 2381 Pompeiano
1567 2296 1774 2382 (apud
1841 2298 2435 2381 Zangemeisterum
2509 2322 2568 2362 n.
2651 2301 2849 2381 1877,
2921 2301 2990 2362 in

701 2406 1078 2471 Buecheleri
1138 2405 1384 2467 anthol.
1432 2403 1573 2467 Lat.
1624 2426 1794 2486 spec.
1843 2404 1870 2466 Ι
1918 2427 1977 2468 n.
2027 2404 2236 2490 XIX),
2292 2406 2344 2467 si
2394 2406 2650 2489 quidem
2701 2407 2988 2488 priorum

700 2514 971 2578 duorum
1020 2532 1320 2575 versuum
1371 2509 1762 2574 sententiam
1809 2512 2238 2594 probabiliter
2285 2512 2566 2576 restitui:

905 2637 1136 2700 mulier
1182 2635 1434 2697 ferebat
1477 2632 1692 2697 filium
1744 2635 2021 2698 similem
2072 2638 2189 2699 sui.

905 2766 1023 2805 nec
1070 2743 1248 2804 meus
1298 2746 1398 2803 est
1441 2763 1559 2804 nec
1606 2743 1695 2804 mi
1739 2742 1935 2818 simil,
1981 2747 2049 2803 at
2094 2744 2324 2806 vellem
2374 2745 2545 2806 esset
2590 2767 2788 2808 meus,

704 2868 809 2931 ubi
881 2867 1193 2948 scriptum
1261 2868 1440 2927 extat
1503 2863 1602 2928 ΜΙ
1662 2864 2017 2927 SIMILAT
2073 2864 2237 2928 SED
2303 2868 2369 2929 in
2435 2872 2718 2928 extremo
2785 2889 2988 2929 versu.

703 2972 950 3047 Quibus
1000 2973 1167 3034 alius
1216 2971 1360 3053 quis
1409 2970 1809 3037 iocabundus
1858 2972 2234 3054 adscripsit:
2283 2978 2383 3035 ‘et
2424 2993 2543 3056 ego
2582 2972 2880 3035 volebam
2920 2976 2991 3034 ut

705 3099 886 3140 meus
934 3081 1134 3140 esset'
1186 3078 1471 3140 numeris
1519 3078 1716 3141 nullis
1765 3078 2092 3141 adstricta.
2167 3077 2336 3140 Nam
2385 3078 2724 3141 titulorum
2773 3075 2911 3140 CIL
2960 3077 2989 3139 I

703 3207 762 3247 n.
814 3184 916 3246 63.
966 3183 1051 3246 64
1099 3183 1411 3265 exemplis
1470 3184 1746 3247 tribunos
1799 3185 2070 3246 militare
2117 3185 2216 3246 vel
2264 3189 2525 3266 compote
2563 3184 2768 3262 factus
2822 3184 2991 3266 apud

702 3288 1015 3352 Orellium
1070 3311 1129 3351 ιι.
1179 3290 1351 3352 5758
1410 3312 1613 3372 neque
1668 3291 1871 3352 simile
1926 3290 2093 3372 apud
2149 3289 2466 3353 Naevium
2523 3313 2729 3373 neque
2776 3290 2844 3352 in
2888 3288 2989 3351 'ri-

702 3395 845 3457 tinii
880 3418 934 3457 v.
972 3395 1095 3457 106
1136 3394 1286 3458 ‘tale
1323 3418 1442 3478 pro
1484 3396 1626 3459 tali-²
1659 3395 2073 3459 defenderim.
2121 3395 2354 3458 Naevii
2387 3396 2664 3457 frustum
2695 3393 2987 3456 Ritsche-

702 3502 827 3564 lius
877 3502 969 3564 sic
1018 3523 1084 3564 se
1133 3502 1443 3565 constitui
1492 3503 1657 3564 velle
1705 3502 1867 3564 mihi
1916 3501 2335 3584 significavit:

942 3625 1055 3706 po'l
1098 3625 1201 3688 mc»
1245 3625 1400 3689 hant
1430 3625 1860 3706 parasitorum
1905 3625 2169 3688 alimum
2219 3624 2389 3687 simil
2434 3629 2521 3687 est
2566 3674 2754 3687 .....

883 3750 1285 3813 Nervolaricte
1329 3749 1560 3812 titulus
1608 3772 1682 3812 eo
1732 3749 2042 3829 firmatur,
2084 3749 2251 3830 quod
2293 3725 2642 3812 Hera-laria
2681 3748 2877 3811 etiam
2926 3747 2995 3811 in

706 3856 1058 3920 Harleiano
1090 3856 1308 3919 codice
1337 3856 1602 3939 legitur:
1630 3855 1986 3920 Ervillaria
2016 3854 2294 3917 coniecit
2322 3854 2776 3930 Quicheratius
2808 3854 2992 3917 ervil-

702 3965 911 4026 larum
961 3962 1377 4026 venditricem
1425 3963 1862 4043 interpretans
1911 3964 2140 4024 contra
2195 3961 2607 4025 notissimam
2657 3964 2990 4025 consuetu-

704 4070 920 4132 dinem
969 4069 1037 4131 in
1086 4068 1188 4132 his
1234 4068 1608 4132 nominibus
1656 4067 2086 4130 observatam.

882 4190 1045 4255 Cum
1094 4191 1360 4255 Proiecti
1404 4192 1597 4254 titulo
1654 4191 1734 4254 cf.
1781 4191 1997 4254 Plauti
2046 4191 2294 4256 Cistell.
2341 4192 2368 4255 Ι
2419 4194 2489 4274 2,
2534 4193 2576 4254 5
2627 4187 2989 4271 ‘parvolam

705 4299 980 4362 Pueram
1016 4299 1356 4378 proiectam
1403 4319 1477 4359 ex
1527 4297 1878 4381 angiportu
1927 4299 2201 4361 sustuli)
