3400 5075
634 318 761 382 386
1284 319 1661 372 APPENDIX
1700 321 2277 374 SENTENTIARVM

812 473 1113 561 'Expedit
1156 499 1275 561 pro
1324 475 1532 541 amico
1582 477 1785 541 occidi
1833 479 2025 561 quam
2072 501 2217 543 cum
2262 479 2523 543 inimico
2570 477 2810 544 uiuere.

813 591 1159 657 Amicitiae
1208 594 1400 657 unica
1446 595 1544 656 est
1588 593 1747 657 fides
1796 594 2155 678 coagulum.
2865 618 2926 665 19

633 707 764 771 250
808 706 1040 772 Pare're
1090 709 1250 773 scire
1296 709 1416 793 pair
1460 709 1728 793 imperio
1777 708 2064 794 gloriast.
2823 732 2925 781 356

809 823 1022 888 Malus
1070 829 1295 889 auctor
1341 824 1536 889 etiam
1581 825 1923 889 honestam
1968 846 2105 888 rem
2150 827 2405 908 turpem
2451 824 2625 890 facit.

809 937 1018 1004 Verbi
1060 962 1195 1005 non
1241 940 1396 1003 dicti
1443 940 1723 1023 pretium
1768 939 2259 1023 inaestimabile.

809 1053 1022 1118 Malus
1068 1055 1470 1120 blandilocus
1517 1055 1784 1138 laqueus
1831 1055 2391 1136 innocentiumst„

809 1168 976 1233 Mals
1015 1171 1375 1254 praesentis
1424 1171 1568 1253 spes
1614 1170 1819 1234 futuri
1866 1173 1965 1234 est
2009 1171 2379 1236 remedium.

633 1284 765 1349 255
810 1284 1104 1349 Fortuna
1137 1287 1551 1350 innocentem
1598 1307 1816 1369 saepe,
1861 1288 2215 1370 numquam
2260 1285 2435 1351 bona
2476 1309 2622 1371 spes
2670 1287 2923 1352 deserit.

809 1400 993 1476 Quod
1043 1401 1151 1464 dili
1197 1400 1524 1486 tractaris,
1571 1398 1636 1463 fd
1685 1404 1844 1484 puta
1888 1398 2336 1465 rectissimum.

781 1515 1230 1581 ²Occasionem
1276 1516 1515 1601 capiet,
1562 1538 1696 1580 non
1745 1516 1957 1598 rapiet
2004 1515 2201 1579 decet.

808 1631 1120 1722 Dupliczit
1166 1633 1453 1697 dolorem
1498 1632 1799 1697 inmerito
1847 1630 2155 1715 indignus
2204 1631 2313 1716 qui
2362 1607 2605 1697 sntuIitJ

803 1746 1053 1811 Iniuria
1098 1751 1197 1811 est
1242 1748 1513 1811 infamia
1559 1747 1695 1811 eius
1744 1746 1854 1831 qui
1900 1743 2180 1832 inrogat.

623 1863 757 1927 260
801 1861 1153 1947 Imperium
1201 1863 1508 1947 astringit
1554 1859 1671 1945 qui
1713 1861 1934 1946 nimiS,
1981 1859 2181 1927 soluit
2226 1861 2372 1926 cite.

757 2077 856 2126 253
893 2068 1174 2140 Diogenes
1218 2075 1282 2128 L.
1332 2075 1403 2127 v1
1451 2075 1508 2135 2,
1556 2075 1617 2123 51
1667 2068 1772 2126 τὸν
1817 2065 1959 2136 πρὸς
2005 2068 2172 2139 χάριν
2218 2065 2388 2139 λόγον
2435 2068 2549 2140 ἔφη
2586 2071 2918 2143 (Διογένης)

618 2142 919 2209 μελιτίνην
953 2135 1211 2210 ἀγχόνην
1248 2135 1418 2194 εἶναι.

793 2383 914 2441 248
962 2399 1170 2440 uersus
1216 2382 1456 2439 Gruter-i
1513 2390 1615 2438 est.
1704 2399 1804 2455 pro
1850 2383 2020 2437 amico
2080 2381 2251 2437 occidi
2309 2382 2523 2455 expedit
2580 2400 2736 2456 quam
2783 2401 2830 2439 c.
2877 2386 2913 2442 i:

621 2471 809 2525 uiuere
854 2488 906 2524 m
959 2469 1056 2541 15,
1103 2467 1185 2523 20
1360 2466 1480 2522 249
1527 2470 1819 2523 senarium
1866 2469 2271 2540 eleyantiorem
2319 2485 2490 2540 quam
2536 2470 2662 2524 olim
2709 2468 2908 2523 Grute-

619 2572 724 2611 rus
768 2555 1010 2610 reddidit
1057 2554 1318 2609 Bothius.
1409 2553 1578 2607 amico
1625 2551 1758 2607 fides
1803 2552 2087 2622 coagulum
2136 2560 2220 2606 est
2271 2553 2530 2607 amicitiae
2576 2572 2626 2608 m
2678 2551 2784 2622 18,
2834 2553 2907 2609 19

619 2638 791 2694 Solon
834 2638 996 2693 dixit:
1043 2639 1353 2695 conuiuium
1399 2636 1686 2709 coagulum
1733 2637 1994 2691 amicitiae
2039 2653 2158 2692 cum
2204 2635 2389 2705 bonis,
2435 2638 2746 2692 conuiuium
2792 2654 2912 2693 cum

619 2723 773 2778 malis
805 2724 1117 2778 conuiuium
1146 2720 1515 2795 imputandum
1548 2721 2039 2791 (numconuicium
2068 2721 2365 2793 putandum
2379 2720 2422 2792 ἲ)
2463 2739 2507 2793 p
2539 2720 2617 2775 24
2793 2721 2917 2779 250

617 2824 810 2881 parere
854 2809 992 2863 scire
1036 2824 1154 2862 cum
1194 2808 1490 2879 imperante
1535 2805 1771 2878 aequalis
1818 2814 1919 2861 est
1959 2806 2137 2878 gloria
2181 2823 2235 2860 m
2284 2805 2383 2876 19,
2432 2806 2495 2860 1:
2544 2809 2601 2861 in
2646 2819 2911 2863 numeros
2992 2842 2997 2847 -

619 2895 839 2965 redeyit
885 2893 1177 2948 Pithoeus,
1235 2891 1317 2964 cf.
1357 2890 1496 2963 Syri
1537 2908 1593 2946 u.
1644 2889 1773 2946 544,
1942 2889 2061 2945 251
2110 2897 2301 2944 auctor
2345 2890 2515 2946 malus
2561 2888 2755 2945 bonam
2802 2907 2910 2946 rem

620 2986 830 3050 turpem
879 2977 1001 3032 facit
1046 2995 1097 3031 m
1145 2974 1256 3046 22,
1303 2975 1339 3031 5
1386 2984 1576 3031 auctor
1622 2991 1691 3031 m.
1740 2975 1826 3029 uel
1871 2991 1984 3028 rem
2028 2973 2222 3029 bonam
2270 2983 2310 3029 t.
2359 2974 2398 3031 f.
2447 2975 2733 3031 Gruterus

619 3060 740 3119 252
788 3061 855 3117 de
899 3062 1123 3117 secretis
1169 3060 1433 3133 Diogenes
1487 3060 1645 3114 dixit:
1707 3060 1955 3115 consistit
2015 3060 2181 3114 uerbo
2241 3076 2349 3113 nou
2420 3058 2635 3132 prodito
2692 3060 2913 3115 inaesti-

616 3145 811 3201 mabile
855 3148 1108 3219 pretium.
1184 3144 1555 3217 Hermogenes
1599 3143 1760 3198 dixit:
1808 3142 1956 3199 uerbi
1988 3160 2097 3199 non
2146 3143 2344 3215 proditi
2390 3144 2616 3198 inmanis
2664 3160 2911 3199 mensura

616 3249 668 3286 m
715 3230 813 3300 23,
867 3232 897 3286 1
934 3246 1015 3303 sq.
1218 3229 1338 3284 253
1384 3229 1566 3283 Zenon
1614 3227 1749 3282 dixit
1794 3227 1987 3282 malum
2037 3228 2305 3283 hominem
2352 3226 2545 3284 blande
2597 3228 2910 3301 loquentem

617 3316 965 3370 innocentum
1010 3315 1260 3388 laqueum
1307 3330 1426 3368 esse
1471 3332 1524 3368 m
1568 3312 1666 3378 24,
1719 3313 1749 3367 1
1929 3311 2051 3366 254
2097 3311 2391 3367 remedium
2425 3312 2685 3376 malornm
2731 3313 2910 3368 futura

613 3416 740 3473 spes
786 3407 869 3453 est
899 3418 950 3454 m
983 3400 1085 3470 25,
1133 3398 1167 3453 2
1345 3398 1464 3453 255
1497 3397 1831 3471 Pythagoras
1863 3395 2026 3451 dixit:
2074 3395 2291 3451 fortuna
2321 3398 2665 3452 innocentem
2711 3396 2910 3451 deserit

616 3500 809 3556 saepe,
853 3493 905 3538 at
937 3483 1078 3538 bona
1109 3500 1233 3556 spes
1266 3498 1555 3555 numquam
1587 3501 1640 3537 m
1672 3481 1774 3551 25,
1800 3482 1836 3538 3
1884 3497 2044 3554 saepe
2076 3478 2292 3535 fortuna
2337 3482 2713 3552 innocentem,
2759 3497 2911 3536 num·

615 3585 772 3642 quam
804 3585 930 3641 spes
963 3567 1100 3623 bona
1130 3567 1332 3623 deserit
1365 3568 1652 3623 Gruterus
1826 3565 1946 3622 256
1996 3566 2234 3620 tractaris
2269 3566 2553 3621 Gruterus
2595 3568 2907 3623 tractauetis

613 3672 665 3708 m
710 3652 811 3723 28,
846 3653 876 3707 1
1056 3651 1176 3707 257
1225 3653 1564 3707 occasionem
1610 3669 1720 3707 non
1766 3652 1957 3724 accipi,
2018 3649 2111 3705 sed
2160 3650 2273 3722 rapi
2321 3659 2577 3722 oportere
2623 3668 2674 3705 m
2721 3649 2822 3719 29,
2871 3651 2905 3703 2

608 3756 652 3809 ρ
686 3737 721 3793 6
771 3739 1083 3792 occasiones
1129 3752 1238 3792 non
1281 3736 1441 3792 modo
1487 3738 1688 3809 accipe,
1735 3737 1909 3808 arripe
1958 3736 2243 3791 Gruterus
2286 3751 2392 3789 non
2442 3734 2749 3807 accipienda
2798 3732 2910 3806 (uel

614 3839 724 3876 non
773 3832 855 3877 est
900 3818 1208 3895 capienda),
1268 3821 1362 3876 sed
1411 3820 1663 3894 rapienda
1722 3822 2007 3875 occasiost
2040 3815 2291 3891 (occasio)
2343 3819 2741 3875 Buechelerus

614 3905 737 3962 258
783 3906 1023 3979 duplicat
1067 3905 1309 3962 dolorem
1356 3906 1675 3960 sustinentis
1722 3904 2012 3977 indignitas
2044 3902 2354 3973 inserentis,
2406 3902 2909 3976 intolerandumque

613 3989 674 4045 fit
707 3990 933 4060 malum,
980 3992 1135 4046 cuius
1180 3999 1457 4046 auctorem
1503 3999 1662 4062 tut-pe
1708 3990 1777 4044 sit
1809 3988 2056 4044 confiteri
2088 4006 2140 4043 m
2179 3987 2281 4057 32,
2317 3988 2347 4040 1
2384 3987 2689 4060 duplicatur
2731 3987 2905 4056 dolor,

615 4091 734 4131 cum
783 4074 846 4129 ab
893 4092 958 4130 eo
1005 4092 1033 4129 a
1080 4093 1187 4149 quo
1222 4092 1329 4131 non
1368 4077 1627 4130 merueris
1674 4074 1825 4128 uenit
1868 4092 1921 4128 m
1958 4072 2059 4142 32,
2093 4072 2129 4128 3
2304 4071 2425 4128 259
2473 4072 2716 4127 iniuriam
2764 4071 2909 4126 inro-

613 4169 791 4233 gatam
847 4161 961 4214 eius
1023 4160 1290 4215 infamiam
1348 4177 1467 4215 esse
1524 4160 1616 4233 qui
1669 4158 1797 4213 facit
1842 4176 1893 4211 m
1942 4158 2044 4227 35,
2096 4158 2123 4212 1
2176 4155 2495 4212 Aristoteles
2545 4198 2557 4211 .
2603 4198 2616 4211 .
2664 4158 2907 4211 iniuriam

614 4245 813 4299 iniuste
858 4246 1149 4317 irrogatam
1196 4246 1310 4300 eius
1356 4243 1626 4299 infamiam
1672 4258 1792 4298 esse
1840 4241 1932 4316 qui
1978 4240 2104 4296 sacit
2139 4258 2187 4312 p
2236 4241 2309 4296 11
2488 4239 2613 4298 260
2645 4256 2765 4296 eum
2814 4242 2906 4313 qui

613 4328 769 4383 nimis
816 4330 1082 4401 astringat
1127 4329 1443 4401 imperium,
1495 4329 1650 4383 nimis
1697 4326 1917 4382 soluere
1961 4345 2012 4381 m
2060 4325 2161 4397 39,
2210 4324 2245 4379 2
