3400 5075
662 333 814 387 LXII
1540 331 2068 388 COROLLARIVM

657 499 772 558 aut
815 494 968 575 quid
1010 496 1166 558 istuc
1211 499 1299 557 est
1345 491 1447 577 (ut
1493 494 1746 576 adelph.
1794 495 1924 557 956
1972 494 2050 557 cf.
2089 492 2313 557 Afran.
2345 492 2502 579 212)
2551 515 2696 558 cum
2743 496 2953 560 efferri

653 601 936 683 licuerit,
1001 599 1128 666 hoc
1186 601 1499 684 praetuli,
1563 604 1637 664 ut
1691 601 1921 664 deinde
1983 600 2272 663 varietur
2332 602 2649 665 accentus.
2740 603 2952 668 minus

653 708 905 791 placuit
967 708 1129 771 hacc
1193 707 1391 771 ratio:
1456 708 1608 788 quid
1658 708 1819 771 istze'c
1871 706 2001 771 est?
2070 709 2183 769 aut
2238 706 2390 787 quid
2449 707 2587 770 istic
2642 708 2765 772 sibi
2824 709 2956 774 vult

655 815 901 879 sermo?

839 921 963 985 106
1018 906 1335 985 audaciter
1390 920 1707 984 librorum
1762 920 2085 1002 scriptura
2147 923 2404 983 servata
2464 919 2691 984 deinde
2754 922 2950 986 inter-

657 1028 877 1112 rogari
941 1029 1175 1092 statuit
1226 1026 1635 1091 Duebnerus:
1703 1024 1901 1109 ‘viryo
1962 1026 2096 1089 ulla
2150 1030 2236 1089 est
2290 1024 2436 1089 tali'
2492 1027 2740 1092 Setiae?
2832 1031 2952 1093 talc

654 1132 801 1197 Par.
841 1134 894 1209 Q
993 1134 1342 1198 Praeterea
1397 1133 1633 1198 certior
1685 1132 1897 1196 factus
1952 1155 2095 1197 sum
2148 1132 2216 1196 in
2273 1131 2572 1197 Leidensi
2627 1157 2722 1217 pr.
2768 1157 2950 1218 ueryo

654 1237 788 1323 legi
832 1242 907 1303 ut
952 1239 1021 1302 in
1068 1238 1337 1305 Caecilii
1383 1262 1442 1305 v.
1487 1240 1620 1304 255
1664 1240 1954 1321 ueryinis.

841 1365 966 1430 108
1022 1364 1101 1429 cf.
1147 1365 1367 1429 Plauti
1416 1363 1571 1429 Cist.
1617 1363 1682 1427 11
1737 1364 1800 1446 1,
1853 1360 1932 1426 1'6
1990 1361 2225 1446 ‘neque
2281 1385 2400 1428 nos
2453 1364 2720 1443 factione
2773 1372 2948 1430 tanta

656 1474 900 1553 quanta
943 1474 1017 1534 tu
1063 1470 1323 1536 sumus'.

845 1595 968 1659 109
1023 1595 1278 1678 Puella,
1324 1597 1398 1658 ut
1444 1592 1782 1658 Charisius
1830 1593 2035 1675 docet,
2081 1594 2372 1657 modesta
2416 1594 2652 1697 nimias
2702 1598 2948 1661 amicae

655 1699 878 1767 laudes
924 1702 1160 1766 leniter
1205 1701 1490 1766 deflectit
1535 1704 1601 1764 et
1647 1700 2044 1783 deprecatur.

842 1828 961 1890 111
1013 1825 1421 1892 Molliculum
1469 1825 1945 1889 adulescentem
1990 1824 2334 1889 mulierum
2380 1849 2558 1893 more
2593 1830 2706 1910 pol
2749 1831 2951 1911 edepol

657 1932 1003 2007 iurantem,
1028 1935 1355 2018 castigans
1395 1932 1710 2017 magister
1756 1934 1953 2015 utque
1989 1932 2201 1995 virum
2239 1932 2423 1997 decet
2466 1935 2605 2017 ipse
2649 1937 2748 2001 edi
2791 1938 2951 2001 medi

659 2038 1001 2102 obsecrans
1050 2039 1451 2123 interrogare
1499 2038 1740 2122 potuit:
1787 2059 1874 2100 cm
1904 2088 1916 2101 .
1947 2087 1961 2100 .
1993 2088 2006 2101 .
2034 2040 2370 2103 meministi
2404 2061 2638 2104 marem
2685 2048 2739 2106 te
2780 2044 2947 2106 esse?

656 2143 834 2207 Idem
882 2145 1296 2230 paedagogus
1347 2146 1426 2207 ad
1474 2145 1745 2207 eundem
1791 2143 1867 2207 fr.
1917 2143 2006 2207 VI
2054 2144 2305 2209 locutus
2354 2151 2468 2210 est.

837 2268 913 2333 V.
950 2271 1073 2334 116
1122 2270 1176 2333 si
1221 2273 1396 2332 recte.
1443 2292 1483 2332 a
1512 2268 1584 2334 G.
1612 2267 1991 2332 Hermanno
2039 2271 2412 2334 emendatus
2462 2276 2575 2355 est,
2603 2274 2711 2336 vix
2756 2273 2947 2335 aliter

657 2375 910 2438 videtur
972 2376 1267 2461 intellegi
1326 2398 1514 2460 posse
1573 2376 1700 2439 nisi
1765 2379 1840 2440 ut
1901 2379 2225 2439 statuatur
2289 2378 2433 2441 ioco
2497 2379 2946 2465 frigidiusculo

656 2504 809 2547 sane
865 2482 1176 2548 delicatus
1235 2486 1300 2547 et
1353 2483 1716 2548 luxuriosus
1767 2482 2136 2547 adulescens
2199 2485 2387 2569 argui
2440 2484 2679 2570 mullos,
2738 2485 2944 2569 pisces

656 2589 908 2654 scilicet
951 2590 1200 2654 nobiles
1249 2591 1419 2653 alere
1477 2593 1544 2653 et
1596 2591 1665 2654 in
1713 2590 1917 2674 epulis
1975 2591 2323 2674 adponere,
2375 2595 2449 2655 ut
2491 2591 2641 2655 inde
2696 2592 2947 2655 mulleos

661 2696 787 2760 sibi
835 2700 1170 2780 comparet
1215 2697 1485 2781 calceos,
1530 2697 1593 2760 h.
1642 2720 1693 2761 e.
1741 2697 1912 2760 inter
1955 2697 2267 2779 patricios
2313 2700 2702 2761 numeretur.
2792 2719 2944 2760 nam

657 2827 696 2866 a
740 2803 938 2866 rubro
987 2802 1202 2866 colore
1249 2803 1637 2867 mulleorum
1693 2802 2269 2868 calciamentorum
2314 2802 2682 2867 Fenestella
2727 2802 2943 2866 mullis

657 2910 857 2973 etiam
911 2930 1149 2974 nomen
1195 2908 1419 2972 datum
1466 2931 1602 2974 esse
1649 2910 1944 2993 quamvis
2000 2932 2296 2994 perverse
2341 2911 2622 2994 putabat
2667 2906 2943 2995 (Plinius

656 3038 718 3081 n.
763 3015 827 3079 h.
871 3014 966 3079 IX
1013 3013 1144 3098 66).

838 3123 963 3186 124
1006 3123 1307 3186 inmittier
1350 3121 1495 3185 Par.
1539 3121 1593 3186 P
1642 3125 1712 3187 in
1756 3145 1895 3188 eum
1939 3124 2127 3189 nitier
2169 3122 2552 3188 Duebnerus

837 3229 963 3292 125
1008 3230 1189 3309 quasi
1233 3231 1395 3308 cum]
1442 3249 1631 3310 quam
1674 3228 1856 3294 Harl.

839 3354 961 3416 127
1011 3355 1301 3418 titinnius
1343 3353 1525 3417 Harl.
1563 3353 1709 3418 Par.
1747 3354 1800 3417 P
1844 3377 1907 3438 p.
1943 3356 2021 3418 19
2072 3354 2261 3440 (item
2308 3355 2389 3419 ad
2434 3377 2492 3418 v.
2521 3355 2608 3418 95
2656 3358 2722 3418 et
2771 3353 2941 3439 147).

653 3461 868 3524 sedina
912 3458 1053 3523 Par.
1099 3459 1153 3524 P
1197 3483 1258 3544 p.
1306 3460 1435 3524 503
1482 3463 1593 3525 seta·
1637 3461 1815 3525 Leid.
1863 3484 1923 3543 p.
1964 3462 2091 3525 249
2141 3484 2262 3525 sec.
2310 3461 2818 3545 Quichcratium,
2854 3460 2938 3525 W

653 3566 1000 3630 secundum
1047 3564 1468 3632 Basileenses.

835 3673 960 3737 128
1007 3693 1230 3753 quocus
1274 3672 1417 3738 Par.
1463 3674 1516 3739 P
1560 3699 1623 3760 p.
1670 3676 1801 3740 503
1896 3681 1953 3739 et
1995 3696 2148 3739 num
2193 3675 2375 3739 Harl.
2422 3699 2483 3759 p.
2530 3675 2660 3738 249
2750 3674 2947 3754 fuerit

653 3781 795 3845 Par.
842 3779 894 3844 P
941 3780 1183 3844 ibidem
1274 3785 1412 3863 trya
1458 3781 1600 3846 Par.
1648 3781 1699 3845 P
1745 3805 1806 3866 p.
1854 3784 1935 3847 87

836 3905 962 3968 130
1007 3904 1279 3969 Poenuli
1326 3906 1641 3988 exemplo,
1689 3906 1861 3989 quod
1888 3906 2282 3970 Ritschelius
2328 3906 2570 3987 laudat,
2618 3905 2942 3969 addendus

653 4014 752 4074 est
799 4008 1008 4075 Stichi
1036 4033 1094 4074 v.
1125 4013 1209 4075 62
1258 4010 1414 4074 ‘iam
1460 4011 1719 4095 quidem
1765 4013 1835 4074 in
1879 4032 1989 4076 suo
2016 4013 2246 4094 quique'
2283 4014 2407 4077 loco
2451 4013 2580 4075 nisi
2624 4013 2742 4074 erit
2783 4010 2945 4074 mihi

650 4119 776 4181 sita
832 4118 1243 4198 ffltpelle'ctilaes,
1304 4118 1511 4193 Quom
1572 4118 1693 4202 ego
1742 4121 2057 4201 revortar,
2113 4142 2225 4184 vos
2287 4117 2722 4184 monumentis
2770 4138 2939 4181 com-

652 4224 1081 4290 monefaciam
1138 4221 1439 4288 bubulis?
1528 4246 1683 4288 nam
1738 4227 1959 4306 quique
2019 4228 2439 4291 servaverunt
2499 4223 2748 4288 codices
2795 4220 2940 4301 OD,

649 4334 900 4415 quicque
943 4332 1015 4396 in
1040 4330 1185 4395 AB
1229 4330 1488 4415 invasit,
1533 4332 1604 4395 in
1649 4353 1870 4397 omnes
1921 4335 2139 4397 autem
2182 4334 2388 4415 situm,
2434 4335 2510 4394 ut
2551 4328 2940 4411 supellectilss
