3400 5075
1070 333 1134 390 L.
1172 330 1595 391 POMPONIVS
1633 335 2115 391 BONONIENfflS
2458 334 2465 344 “
2600 335 2727 403 243

1440 495 1570 559 VII
1652 496 1686 560 7

609 606 849 673 Mirum
887 610 967 673 ¹ni
1012 609 1171 674 haec
1218 610 1436 674 Marsa
1482 494 1720 696 §sisui
1768 613 2064 677 colubras
2111 613 2301 676 czillel:
2346 614 2722 678 cantiuncu-

2131 729 2279 792 lam.

1309 841 1842 908 PISOATORES

1490 958 1522 1021 I
1570 955 1672 1044 (3)

606 1067 774 1145 Quid
806 1070 1020 1135 'habes
1067 1072 1134 1135 in
1182 1070 1552 1158 surpiculi8‚
1600 1074 1827 1138 calue‘?
1886 1076 1917 1148 fl'
1966 1077 2155 1140 6mne
2203 1073 2441 1160 piscati
2497 1095 2717 1159 genus,

1461 1189 1529 1253 II
1576 1188 1677 1275 (1)

434 1300 559 1364 120
603 1299 841 1367 Nescio
889 1303 1066 1386 quid:
1114 1325 1248 1369 non
1295 1308 1395 1368 est
1438 1305 1562 1370 hoc
1609 1329 1883 1390 merum,
1930 1308 2101 1390 quod
2146 1307 2252 1370 hic
2299 1308 2513 1390 ploralz
2559 1358 2572 1371 .
2613 1357 2671 1372 ..
2700 1358 2714 1371 .

1444 1429 1545 1492 III
1592 1427 1694 1515 (2)

603 1541 769 1616 Quid
815 1541 939 1607 hoc
986 1545 1085 1607 cst
1130 1545 1440 1608 tumulti?

1419 1686 1728 1751 PISTOR

1487 1803 1519 1866 1
1567 1799 1668 1890 (1)

606 1913 862 1998 Daezeipit
906 1913 1182 1980 uicinos:
1230 1918 1401 2006 quod
1448 1918 1817 1982 moleindum
1864 1916 2198 2001 conduxit,
2243 1923 2503 1983 comest.

1466 2032 1532 2096 II
1579 2030 1680 2119 (3)

603 2143 771 2209 Nzim
820 2147 965 2230 plus
1013 2148 1261 2229 quaesti
1308 2149 1611 2231 sisterem,
1658 2171 1851 2231 quam
1907 2147 2255 2232 quadrinas
2313 2149 2365 2210 si
2411 2149 2716 2213 habercm

2023 2265 2244 2329 molas,

425 2457 835 2520 (Pompinius
871 2459 994 2512 Par.
1019 2459 1063 2508 P
1168 2458 1566 2509 pictoribus
1593 2457 1894 2519 Mercerus)
2033 2459 2139 2510 VII
2174 2460 2384 2511 Nonius
2408 2462 2528 2524 482,
2553 2463 2581 2511 7
2611 2461 2716 2510 ‘sic

421 2529 478 2574 et
514 2524 728 2574 callet
767 2525 915 2576 illam
942 2543 1053 2575 rem
1089 2543 1185 2592 pro
1213 2527 1312 2577 illa
1349 2544 1425 2581 re.
1497 2528 1830 2593 Pomponius
1865 2527 2207 2579 pictoribus:
2245 2526 2454 2579 mirum'
2497 2546 2545 2582 c.
2583 2545 2632 2594 q.
2671 2546 2715 2580 s.

424 2592 842 2655 (Pistoribus
881 2596 948 2644 w
986 2610 1053 2645 m.
1092 2596 1195 2658 pr.)

557 2660 892 2711 szcnouss
962 2663 985 2711 1
1027 2664 1237 2713 Nonius
1281 2664 1413 2726 488,
1457 2664 1517 2712 15
1563 2664 1857 2728 ‘piscati
1905 2680 2001 2728 pro
2047 2664 2310 2728 piscatus.
2383 2665 2716 2730 Pomponius

424 2728 833 2778 Piscatoribus:
885 2729 1037 2793 quid’
1088 2746 1135 2780 o.
1180 2746 1230 2794 q.
1270 2745 1312 2780 s.
1489 2733 1544 2782 11
1579 2731 1788 2782 Nonius
1824 2735 1940 2792 344,
1980 2734 2043 2781 13
2080 2736 2374 2791 ‘mei-um,
2424 2734 2713 2782 sincerum.

427 2795 761 2859 Pomponius
799 2796 1208 2847 Piscator-ibus:
1248 2797 1454 2847 nescio'
1493 2815 1539 2847 e.
1567 2815 1616 2863 q.
1643 2814 1686 2848 s.
1828 2799 1910 2848 111
1948 2800 2157 2848 Nonius
2192 2801 2309 2862 484,
2345 2803 2376 2848 2
2413 2799 2715 2849 ‘tumulti

421 2878 518 2925 pro
564 2863 828 2995 tu3nultus
862 2906 873 2916 .
909 2902 923 2916 .
961 2905 972 2917 .
1013 2866 1340 2929 Pomponius
1390 2866 1797 2916 piscatoribus:
1853 2867 2005 2931 quid’
2054 2884 2100 2916 e.
2148 2884 2199 2932 q.
2247 2883 2287 2917 s.
2368 2865 2713 2933 (Piscato-

429 2931 522 2979 ris
562 2932 626 2980 w

556 3000 758 3048 Pis‘ron
828 2999 855 3047 1
892 3000 1102 3050 Nonius
1140 3001 1232 3062 81,
1271 3003 1330 3048 21
1376 3005 1650 3050 ‘comest
1696 3018 1793 3066 pro
1831 3003 2070 3053 comedit
2106 3041 2118 3052 .
2157 3044 2171 3057 .
2207 3045 2219 3056 .
2255 3003 2589 3067 Pomponius
2626 3004 2717 3052 Pi-

420 3070 594 3115 stote:
645 3065 877 3131 decipit'
926 3084 972 3117 e.
1020 3084 1068 3132 q.
1118 3083 1159 3116 s.
1336 3067 1391 3117 11
1428 3069 1636 3117 Nouius
1671 3071 1800 3127 483,
1846 3072 1912 3119 25
1958 3072 2250 3135 ‘quaesti
2298 3071 2388 3120 uel
2429 3072 2716 3134 quaestuis

589 3246 800 3302 mercetl
839 3246 1128 3319 Berylcius
1155 3248 1385 3319 symbol.
1414 3245 1452 3302 I
1480 3246 1557 3303 66
1604 3245 1732 3317 (sed
1770 3251 1915 3304 idem
1946 3265 2120 3304 merce
2165 3248 2215 3302 id
2260 3250 2508 3319 probari
2542 3264 2717 3319 posse

422 3330 769 3402 arbitratur)
815 3330 1061 3386 mercede
1103 3333 1242 3388 libri
1371 3330 1490 3387 118
1522 3329 1773 3385 colubres
1806 3333 2007 3387 Bamb.
2141 3332 2537 3387 cantiunculam
2569 3333 2714 3387 Pas-

420 3419 693 3486 seratius,
728 3417 1025 3486 Berqlcius
1055 3419 1274 3471 annali.
1304 3417 1525 3486 philoll.
1551 3415 1715 3471 1870
1741 3433 1800 3487 p.
1826 3416 1947 3471 843
1980 3415 2294 3471 cauliculum
2329 3416 2483 3471 Leid.
2513 3417 2714 3472 Bamb.

420 3499 594 3555 Harl.
643 3501 795 3556 Colb.
842 3502 984 3556 Par.
1035 3501 1086 3555 P
1126 3500 1446 3555 cauliculum
1495 3504 1678 3556 ceteri
1719 3501 1855 3557 libri
2029 3501 2146 3555 119
2193 3501 2337 3572 quod
2396 3501 2535 3555 Par.
2590 3502 2639 3555 P

419 3586 689 3658 sirpiculis
740 3584 893 3642 Colb.
937 3585 1225 3659 syrpiculis
1269 3589 1451 3640 ceteri
1490 3586 1625 3641 libri
1794 3585 1953 3658 picati
1999 3586 2073 3640 W
2238 3602 2320 3639 em
2364 3584 2478 3667 =(uel
2522 3583 2714 3659 liabeo)

421 3686 578 3723 omne
623 3671 943 3726 Muellerus
982 3671 1217 3741 prosocl.
1264 3670 1456 3725 Plaut.
1505 3669 1626 3726 592
1806 3668 1928 3725 120
1970 3673 2360 3740 septenarium
2415 3672 2715 3725 iambicum

419 3770 574 3809 nunc
618 3758 919 3827 discripsi,
976 3758 1076 3827 qui
1129 3758 1499 3825 transpositis
1555 3755 1638 3809 liic
1682 3755 1827 3827 quod
1875 3757 2046 3810 etiam
2100 3757 2276 3809 leniri
2314 3758 2523 3825 possit:
2582 3771 2714 3831 mim

417 3840 567 3894 haec
627 3854 852 3913 quoque
908 3842 1124 3895 notatio
1181 3839 1328 3912 quod
1386 3838 1472 3894 hic
1517 3837 1692 3911 plorat
1739 3881 1751 3893 .
1801 3881 1813 3894 .
1861 3881 1873 3893 .
1919 3841 2124 3894 durior
2176 3846 2278 3893 est.
2387 3839 2716 3893 Trocleaeos

419 3926 597 3979 tales:
652 3924 834 3979 miscio
894 3923 1059 3997 quid,
1116 3924 1211 3979 sed
1268 3939 1377 3977 non
1437 3929 1520 3977 est
1581 3924 1683 3978 hoc
1739 3939 1942 3979 merum
2001 3923 2085 3978 hic
2151 3922 2296 3996 quod
2353 3922 2531 3995 plorat
2577 3964 2589 3976 .
2638 3966 2650 3978 .

418 4008 547 4062 olim
585 4008 871 4080 feceram.
961 4009 1090 4064 Non
1133 4011 1372 4079 placent
1417 4011 1500 4063 sic
1543 4010 1870 4078 discerpta.-
1914 4024 2152 4076 morum,
2199 4006 2351 4073 Quod
2412 4007 2495 4061 hic.
2542 4005 2711 4079 plorat

587 4094 770 4148 nescio
830 4087 985 4168 quid]
1046 4092 1126 4164 cf.
1176 4093 1243 4152 Α.
1293 4093 1485 4148 Luchs
1538 4093 1738 4150 Herm.
1806 4092 1885 4147 VI
1927 4092 2067 4147 269.
2133 4090 2253 4146 271
2303 4106 2386 4163 sq.
2565 4100 2713 4164 parat

415 4181 474 4232 in
528 4182 762 4234 senario
823 4178 1219 4234 Buecheler-us
1480 4176 1591 4232 121
1654 4176 1782 4249 quid
1843 4178 1992 4231 Colb.
2056 4176 2261 4229 Aldina
2321 4174 2469 4248 quod
2536 4179 2718 4231 ceteri

414 4264 552 4318 libri
683 4260 801 4317 122
847 4260 1083 4317 conduxi
1131 4263 1271 4317 Par.
1320 4262 1373 4316 P
1502 4261 1620 4317 123
1668 4262 1930 4334 quaeslim
1982 4260 2121 4314 Par.
2170 4259 2223 4313 P
2360 4262 2537 4330 rinus,
2580 4276 2715 4331 sup-

418 4362 612 4403 rascr.
660 4346 883 4420 quadri,
935 4346 1089 4401 Leid.
1140 4345 1395 4418 quadrina
1445 4346 1646 4402 Bamb.
1697 4344 1846 4404 Colb.
2021 4342 2193 4397 malos
2251 4343 2326 4398 W
2374 4343 2544 4401 Harl.

2210 4439 2317 4487 16*
