3400 5075
653 312 837 401 ¹XXVI
1546 314 2079 373 COROLLARIVM

660 479 1074 563 Septenarios
1137 481 1449 545 Tit-tlerus
1514 480 1752 546 annall.
1813 479 2065 564 philoll.
2121 481 2283 544 1861
2337 502 2395 564 p.
2451 481 2573 543 143
2623 502 2755 564 sqq.
2803 482 2948 544 edo-

656 587 821 650 lavit
865 587 1094 652 hosce:

834 692 889 757 is
920 695 1179 760 demum
1210 696 1407 759 miser
1435 696 1552 776 est,
1581 696 1691 777 qui
1724 717 2101 758 aerumnam
2130 696 2457 759 occultare
2489 697 2670 758 suam
2709 698 2948 779 nequit.

834 802 1001 864 fe‘rre
1030 803 1126 867 ita
1156 824 1257 865 me
1285 824 1448 865 uxor
1476 802 1686 864 forma
1715 805 1781 864 et
1808 802 2019 883 factiS,
2049 800 2109 864 si
2133 806 2403 884 taceam,
2433 802 2744 866 indicium
2772 803 2949 885 facit,

837 910 999 991 quae
1034 910 1164 972 nisi
1195 910 1412 974 dotem
1449 908 1648 971 habet
1684 929 1848 991 quae
1887 907 2074 972 nolis,
2131 908 2208 971 de
2245 932 2348 973 me
2378 908 2584 972 discet
2613 908 2725 992 qui
2760 911 2950 993 sapit,

832 1013 949 1100 qus
980 1016 1162 1098 quasi
1204 1016 1283 1079 ad
1322 1014 1533 1079 hostis
1572 1016 1803 1097 captus
1849 1015 2015 1078 liber
2064 1015 2372 1097 salvaque
2420 1037 2565 1079 arce
2614 1018 2842 1081 servio,

832 1123 995 1205 quae
1041 1123 1351 1206 quidquid
1401 1123 1616 1204 placet
1662 1124 1738 1185 e6
1794 1122 2050 1204 privato
2099 1119 2239 1185 viro
2288 1145 2355 1185 se
2406 1125 2623 1185 servat
2671 1124 2948 1188 unicam.

663 1229 812 1309 [sive
848 1226 1152 1312 quidquid
1202 1230 1581 1313 placitumst
1625 1250 1671 1291 e.
1717 1250 1773 1308 q.
1817 1230 1890 1306 3.]

832 1334 983 1399 dum
1031 1336 1169 1399 eius
1208 1339 1484 1401 mortem
1524 1356 1645 1418 ego
1685 1332 1866 1399 inhio
1909 1335 2114 1416 vivae,
2160 1338 2420 1419 egomet
2459 1338 2606 1401 vivo
2636 1341 2947 1402 mortuus.
2981 1402 2986 1403 ff

655 1438 975 1505 Convenit
1046 1442 1206 1506 mihi
1269 1464 1414 1507 cum
1482 1442 1778 1524 Kaysero
1842 1442 1919 1504 de
1987 1464 2040 1505 v.
2107 1443 2265 1524 146,
2331 1443 2438 1526 qui
2506 1449 2578 1508 ut
2640 1450 2818 1509 extat
2879 1448 2948 1512 in

653 1547 839 1611 libris
889 1548 1154 1631 optimis
1202 1550 1418 1613 salvus
1458 1552 1651 1631 atque
1699 1548 1952 1631 integer
1991 1552 2109 1629 est,
2156 1552 2495 1641 corruptus
2534 1555 2749 1615 autem
2798 1576 2946 1616 ana-

655 1655 901 1738 paestis
952 1654 1369 1722 Fleckeiseni.
1452 1656 1688 1738 ineptit
1735 1654 2078 1737 Tittlerus,
2125 1678 2314 1739 quem
2362 1656 2557 1719 latuit
2604 1658 2945 1741 simplicis·
3037 1698 3054 1708 ·

655 1761 822 1826 sima
877 1765 1225 1827 sententia:
1280 1786 1514 1846 nempe
1571 1762 1731 1826 dicit
1786 1786 1976 1825 senex
2032 1767 2255 1827 noster
2311 1764 2492 1827 salva
2548 1766 2705 1828 urbe
2754 1769 2946 1849 atque

656 1891 801 1934 arce
868 1869 1273 1934 Athenarum
1341 1870 1615 1949 scilicet,
1679 1869 1887 1932 libera
1944 1873 2137 1953 atque
2193 1870 2502 1934 incolumi
2558 1871 2821 1935 civitate
2878 1895 2946 1935 se

656 1976 865 2040 solum
897 1978 1156 2058 servire,
1185 1975 1370 2059 quasi
1401 1979 1627 2058 captus
1659 1975 1747 2038 sit
1784 1976 1974 2040 bello.
2022 1976 2298 2040 Versum
2335 1979 2664 2042 secundum
2692 1980 2944 2062 qualem

658 2083 920 2147 exhibet
977 2083 1308 2166 Kayserus
1368 2082 1747 2165 acciperem,
1804 2082 1856 2144 si
1921 2082 2384 2167 intellegerem.
2468 2084 2760 2169 intellegi
2821 2086 2945 2150 hoc

655 2191 820 2254 vult:
870 2189 1060 2253 ‘ferre
1099 2190 1193 2253 ita
1231 2188 1359 2254 me'
1407 2188 1520 2273 (sc.
1561 2211 1936 2253 aerumnam
1983 2211 2212 2271 meam,
2258 2194 2332 2254 ut
2374 2212 2688 2273 nequeam
2736 2193 2944 2256 occul-

655 2291 824 2378 tare)
873 2293 1069 2360 ‘uxor
1115 2297 1424 2361 indicium
1472 2295 1650 2377 facit,
1697 2296 1819 2357 etsi
1869 2294 2161 2359 taceam?
2244 2297 2352 2359 ubi
2410 2297 2693 2379 primum
2752 2320 2944 2382 aegre

652 2401 1055 2466 desideratur
1110 2403 1463 2483 obiectum,
1519 2424 1645 2484 quo
1702 2405 1841 2465 tum
1890 2402 2144 2465 denuun
2203 2424 2419 2466 carere
2477 2403 2670 2467 facile
2725 2428 2942 2488 posse·

652 2531 825 2592 muS‚
883 2510 937 2573 si
988 2509 1389 2575 antecedenti
1439 2531 1693 2592 quoque
1753 2531 1938 2572 versu
1998 2507 2229 2572 ‘ferre'
2277 2510 2544 2574 verbnm
2606 2512 2942 2596 legeretur.

653 2616 916 2681 omnino
966 2639 1116 2680 vero
1172 2620 1315 2680 tota
1361 2616 1685 2680 sententia
1732 2616 2060 2698 displicet:
2117 2619 2337 2698 potest
2385 2635 2731 2680 aerumnae
2780 2618 2938 2681 indi-

650 2722 821 2787 cium
886 2723 1098 2787 facere
1156 2723 1281 2787 dici
1348 2724 1494 2806 ipsa
1558 2745 1747 2804 uxor,
1805 2724 1912 2786 sed
1969 2723 2292 2806 quomodo
2349 2721 2517 2786 ferat
2579 2724 2679 2787 vir
2745 2725 2939 2788 talem

652 2851 1045 2912 aerumnam,
1098 2854 1230 2895 non
1285 2832 1431 2914 ipsa
1476 2830 1688 2893 forma
1737 2832 1802 2892 et
1855 2831 2048 2894 factis
2096 2830 2316 2914 prodit
2375 2853 2552 2895 uxor.
2643 2831 2720 2894 In
2768 2833 2942 2894 tertio

654 2957 844 2999 versu
892 2936 1224 3020 Kayserus
1283 2935 1614 3018 dactylum
1662 2937 1899 3015 onmia,
1945 2937 2102 3001 item
2151 2938 2218 3001 in
2263 2941 2427 3002 sexto
2475 2937 2739 3000 admisit
2782 2957 2940 3000 mor-

653 3046 809 3106 tuus.
894 3041 1239 3106 Praeterea
1291 3042 1428 3106 illic
1479 3041 1658 3106 habet
1702 3043 1759 3106 ei
1817 3045 2365 3126 transponendum
2421 3043 2572 3123 fuit,
2629 3044 2694 3106 in
2730 3045 2942 3124 primo

652 3154 716 3212 et
762 3149 1172 3213 inserendum
1210 3153 1468 3232 praeter
1512 3150 1966 3242 necessitatem
2013 3152 2140 3232 ipsc
2179 3154 2243 3213 et
2286 3153 2495 3232 nequit
2538 3150 2606 3212 in
2650 3170 2776 3213 non
2811 3152 2946 3231 quit

650 3255 1055 3338 mutandum3
1114 3255 1182 3319 in
1232 3257 1412 3317 sexto
1470 3255 1618 3318 dum
1664 3257 1796 3320 eius
1841 3256 2083 3339 duplici
2134 3256 2327 3320 Gellii
2383 3261 2449 3320 et
2503 3255 2700 3320 Nonii
2759 3258 2939 3319 testi-

649 3362 872 3426 monio
930 3361 1256 3425 firmatum
1304 3364 1545 3424 temere
1594 3363 1900 3446 mutavit3
1957 3365 2171 3444 quinto
2225 3362 2446 3425 inania
2501 3361 2940 3443 interpolavit,

650 3489 1043 3551 quamquam
1101 3468 1180 3530 ad
1236 3489 1493 3531 sensnm
1561 3470 1756 3551 paulo
1822 3470 2079 3551 aptiora
2134 3491 2326 3552 quam
2388 3490 2551 3551 quae
2616 3468 2940 3549 praeierat

650 3574 1103 3638 Fleckeisenus
1152 3596 1257 3639 nec
1301 3575 1423 3638 volt
1468 3596 1562 3638 ‘mc
1604 3581 1940 3641 servatum:
1987 3579 2056 3638 at
2103 3574 2392 3656 profecto
2439 3575 2686 3637 servari
2730 3579 2800 3638 'et
2846 3575 2937 3639 vi-

650 3703 796 3744 vere.
843 3680 1151 3744 maritum
1197 3680 1409 3745 voluit
1455 3704 1640 3764 uxor,
1699 3686 1775 3746 ut
1820 3682 2092 3744 haberet
2136 3702 2325 3763 quem
2375 3683 2700 3743 exerceret
2746 3685 2937 3764 atque

651 3787 984 3852 cruciaret.
1056 3788 1203 3872 Ego
1232 3788 1489 3870 quidem
1520 3786 2097 3870 transpositionem
2127 3807 2424 3850 versuum
2461 3787 2583 3851 148
2615 3792 2681 3852 et
2714 3789 2835 3851 147
2869 3792 2942 3852 ut

648 3894 924 3959 vitarem
980 3896 1187 3959 multa
1240 3894 1487 3958 frustra
1533 3893 1876 3977 temptavi:
1934 3895 2154 3957 manet
2198 3893 2431 3957 lacuna
2486 3892 2939 3976 intolerabilis,

652 4023 919 4084 eamque
976 4002 1185 4084 ipsam
1243 4005 1395 4084 post
1450 4024 1506 4063 v.
1552 4003 1854 4083 quartum
1911 4000 2196 4065 indicare
2252 4000 2584 4082 Kayserus
2643 4001 2776 4064 suis
2839 4022 2937 4063 ra-

652 4106 941 4170 tionibus
991 4114 1253 4172 coactus
1293 4111 1408 4170 est.
1480 4106 1660 4169 Idem
1708 4108 1911 4188 probe
1960 4107 2238 4170 sensisse
2287 4106 2557 4187 videtur,
2604 4128 2794 4188 quam
2841 4105 2933 4167 in-

650 4212 986 4277 commode
1034 4212 1239 4276 initiis
1288 4235 1586 4276 versuum
1635 4216 1702 4275 et
1748 4213 2023 4277 relativa
2069 4211 2223 4298 (qui,
2268 4233 2425 4294 quac
2476 4212 2616 4274 146.
2670 4207 2823 4293 148)
2871 4213 2936 4270 et

650 4319 1164 4388 demonstrativa
1190 4319 1578 4407 pronomina
1606 4315 1784 4408 (εἰπε,
1811 4341 1883 4385 ea
1917 4321 2059 4386 147.
2087 4316 2241 4405 149)
2271 4319 2663 4404 repetantur.
2710 4318 2935 4382 contra
