3400 5075
1509 220 1834 272 T1T1N1vs
2697 219 2819 283 135

1223 425 1237 441 .
1541 375 1637 441 IX
1685 373 1788 462 (7)

573 492 652 557 13
700 490 763 555 N
767 494 917 557 ochi
966 491 1235 575 diusque

1544 606 1605 671 X
1655 604 1800 694 (10)

698 722 931 788 Festus
986 746 1047 807 p.
1104 721 1237 787 364
1295 721 1383 786 M.
1450 726 1775 787 ‘tensam
1840 723 1934 786 ait
1998 722 2214 787 uocari
2272 720 2534 787 Sinnius
2583 721 2815 807 Capito
2899 784 2912 791 ,

522 840 917 923 uehiculum,
966 860 1092 922 quo
1141 837 1408 902 exuuiae
1455 837 1720 904 deorum
1761 837 2021 903 ludicris
2060 837 2449 902 circensibus
2477 837 2548 902 in
2576 838 2814 902 circum

521 955 601 1019 ad
648 955 951 1039 puluinar
996 953 1339 1018 uehunixur.
1429 954 1583 1019 fuit
1629 958 1704 1018 et
1749 975 1835 1017 ex
1881 953 2140 1038 ebore,
2185 957 2269 1017 ut
2314 954 2510 1038 apud
2558 953 2813 1018 Titin-

519 1071 749 1135 nium'
802 1068 1183 1153 (titinium
1230 1068 1437 1133 Vatic.
1487 1066 1558 1153 S)
1607 1070 1709 1133 ‘in
1756 1069 2116 1154 barbato,
2162 1073 2228 1133 et
2272 1092 2349 1134 ex
2396 1061 2704 1155 argento?

1493 1199 1833 1267 CAECVS

696 1317 799 1382 Ita
846 1318 1195 1382 semitatim
1240 1317 1383 1402 fugi
1431 1321 1624 1401 atque
1672 1315 1876 1403 effugi
1918 1322 2188 1403 patrem.

1438 1447 1886 1515 FVLLONIA

1570 1563 1604 1628 Ῑ
1650 1562 1750 1650 (4)

570 1684 650 1748 15
694 1682 839 1768 Ego
887 1684 989 1746 me
1037 1681 1409 1745 mandatam
1456 1682 1598 1745 meo
1647 1681 1788 1745 uiro
1836 1680 2004 1744 male
2051 1681 2357 1766 arbitror,

692 1797 814 1873 Qui
860 1800 996 1862 rem
1044 1796 1357 1881 disperdit
1400 1798 1467 1861 et
1510 1818 1722 1861 meam
1769 1796 1985 1862 dotem
2030 1801 2293 1862 comest.

1553 1911 1621 1976 Π
1667 1909 1768 1997 (2)

801 2079 813 2093 .
906 2029 1034 2092 iam
1080 2028 1328 2113 pridem
1377 2028 1635 2114 egressa
1680 2030 1753 2090 tu
1800 2025 2174 2112 perbitereS.

1535 2142 1637 2207 III
1684 2140 1784 2228 (8)

1539 2257 1832 2323 uideram
1880 2280 1999 2344 ego
2048 2262 2112 2324 te
2159 2257 2484 2344 uirginem

686 2374 1090 2459 Formosam,
1135 2374 1345 2439 formzi
1390 2374 1699 2459 ferocem,
1750 2370 1958 2460 [mshi]
2010 2395 2147 2439 esse
2195 2397 2434 2459 sponso
2486 2371 2648 2462 [tud]
2700 2399 2802 2441 su-

2214 2490 2482 2576 perham

509 2689 774 2738 ‘'ritinius
798 2688 855 2737 in
893 2687 1191 2737 baratto:
1228 2685 1293 2735 id
1329 2689 1729 2737 necessest?
1769 2686 2245 2751 respondetur'
2284 2682 2672 2753 (respondet
2711 2688 2795 2739 ed.

511 2773 588 2820 pr.
626 2761 673 2814 R
708 2753 902 2819 Neap.)
954 2754 1111 2812 ‘cdi,
1167 2770 1266 2819 pro
1314 2754 1471 2804 edius
1517 2753 1718 2805 fidius’.
1927 2755 2004 2804 IX
2051 2752 2334 2806 Charisius
2380 2756 2436 2806 ΙΙ
2492 2771 2546 2820 p.
2595 2758 2692 2807 186
2738 2757 2800 2807 Ρ.

510 2823 1050 2921 ‘noct-ufliuque3
1091 2821 1552 2873 Sallustius...at
1588 2837 1718 2872 uero
1755 2822 1998 2872 Titinius
2035 2822 2093 2871 in
2129 2822 2407 2873 barrato
2443 2828 2611 2873 noctu
2648 2823 2799 2875 dius·

512 2907 615 2957 que
644 2896 861 3010 gitsovs
932 2956 1216 3007 Charisius
1251 2957 1305 3008 II
1341 2973 1392 3022 p.
1424 2957 1522 3007 194
1545 2956 1606 3009 P.
1646 2957 2039 3008 ‘semitatim
2075 2957 2320 3008 Titinius
2357 2959 2410 3008 in
2447 2957 2660 3010 Caeco:
2699 2957 2797 3009 ita'

519 3044 564 3077 e·
603 3042 934 3143 qhehnoms
970 3091 1086 3156 (uel
1122 3091 1447 3155 Fvnnonss)
1521 3091 1608 3142 cf.
1637 3092 1974 3148 Rite-cholino
2009 3093 2234 3158 Parerg.
2266 3094 2289 3144 1
2322 3094 2413 3143 142
2541 3093 2799 3146 INonius

506 3163 590 3225 81,
630 3164 691 3213 15
728 3161 999 3211 ‘comest
1035 3176 1131 3224 pro
1171 3160 1777 3212 comedit...Titinius
1814 3159 2315 3212 Gemina...idem
2364 3158 2796 3212 Fullonibus:

508 3232 633 3294 ego'
671 3246 717 3283 e.
756 3244 806 3293 q.
844 3244 886 3280 s.
1025 3227 1079 3277 11
1118 3228 1325 3278 Nonius
1355 3231 1475 3290 153,
1500 3230 1566 3278 25
1604 3230 2004 3293 ‘pei-nitere,
2044 3230 2225 3294 perire
2255 3268 2267 3281 .
2295 3266 2307 3277 .
2337 3264 2350 3277 .
2374 3229 2616 3278 Titinius
2644 3230 2796 3279 Ful—

509 3297 716 3347 lonia:
757 3299 887 3346 iam'
925 3311 974 3349 c.
1014 3312 1064 3360 q.
1101 3311 1143 3345 s.
1286 3296 1366 3346 111
1404 3297 1612 3346 Nonius
1649 3298 1768 3359 305,
1807 3299 1837 3345 2
1876 3297 2089 3345 ‘ferox
2126 3311 2242 3344 sum
2280 3295 2380 3344 illa
2405 3313 2464 3345 re
2502 3297 2704 3346 dicitur
2739 3303 2799 3346 ut

507 3363 603 3414 illa
640 3381 698 3415 re
727 3379 844 3415 snm
870 3364 1045 3414 fretus
1073 3362 1164 3413 uel
1198 3378 1481 3428 arrogans.
1551 3364 1797 3413 Titinius
1834 3363 2270 3413 Fullonibus:
2310 3363 2579 3413 uideram'
2607 3379 2652 3414 e.
2678 3381 2727 3429 q.
2752 3380 2794 3418 s.

507 3543 800 3618 respondet
861 3541 944 3597 edi
1001 3544 1191 3615 uulqo.
1295 3542 1578 3599 Numeros
1636 3543 1765 3598 olim
1823 3549 2141 3598 statueram
2199 3543 2574 3598 bacchiacos:
2639 3559 2795 3598 nunc

504 3630 867 3700 septenarios
920 3629 1193 3683 iambicos
1246 3630 1517 3698 praetuli.
1788 3626 1861 3684 13
1918 3620 2068 3702 dius]
2128 3625 2216 3698 Cf.
2274 3627 2682 3682 Lachmannus
2735 3630 2792 3683 in

504 3715 677 3769 Lucr.
738 3712 888 3768 227:
942 3716 1267 3785 yenctiuum
1326 3715 1792 3784 interpretantur
1846 3712 2244 3768 Buechelerus
2298 3714 2514 3767 annali.
2566 3712 2789 3782 philoll.

507 3797 667 3856 1867
708 3815 769 3868 p.
819 3796 898 3853 68
946 3806 999 3852 et
1047 3797 1335 3870 Berqlcius
1378 3799 1552 3869 symb.
1596 3798 1635 3853 Ι
1675 3795 1758 3855 80
1942 3796 2019 3853 16
2065 3813 2178 3851 rem
2234 3797 2427 3853 Urbin.
2475 3796 2617 3867 307,
2665 3797 2789 3852 edd.

504 3900 600 3938 ren
641 3883 779 3938 libri
944 3898 1008 3938 ac
1060 3881 1253 3938 Urbin.
1429 3881 1610 3937 dotem
1657 3899 1764 3938 om.
1824 3882 1902 3936 W
2067 3881 2142 3938 17
2193 3889 2252 3935 tu
2297 3880 2689 3938 Neulcirchius
2733 3889 2793 3936 ut

502 3969 638 4023 libri
805 3965 1102 4040 perbiteres
1159 3965 1403 4022 Bothius
1456 3964 1742 4039 pet-biteris
1793 3967 1930 4023 libri
2187 3966 2260 4022 19
2321 3966 2613 4020 formosam
2671 3981 2791 4021 esse

504 4069 707 4125 sponso
739 4067 860 4106 cssc
890 4050 1177 4125 superbam
1211 4050 1379 4106 torma
1411 4050 1646 4106 ferocem
1688 4051 1851 4122 libri,
1900 4055 1958 4106 in
1990 4052 2244 4109 ordinem
2275 4051 2539 4122 rediqere
2572 4056 2625 4105 et
2654 4065 2812 4123 sup·-

499 4139 664 4208 plere
710 4144 956 4192 conatus
1013 4153 1136 4192 sum
1308 4135 1547 4190 uideram
1603 4151 1709 4209 ego
1769 4143 1820 4190 te
1881 4137 2146 4210 uirginem
2191 4131 2531 4203 Formosam,
2587 4133 2790 4207 sponso

500 4220 809 4297 superbam,
843 4218 1011 4276 forma
1040 4237 1159 4276 esse
1192 4216 1425 4276 ferocem
1448 4266 1460 4279 .
1490 4261 1504 4275 .
1525 4220 1902 4276 Hermannus
1924 4238 2123 4292 opusc.
2175 4219 2221 4275 V
2248 4216 2367 4272 267
2405 4216 2642 4274 uideram
2673 4235 2794 4276 esse
