3400 5075
696 1273 1032 1340 Alienum
1077 1275 1191 1340 est
1235 1291 1498 1357 omne,
1527 1272 1868 1354 quicquid
1914 1274 2222 1358 optando
2269 1275 2533 1343 euenit.

697 1388 802 1455 Ab
847 1390 994 1455 alio
1040 1389 1371 1472 expectes
1416 1388 1634 1454 alteri
1683 1375 1871 1469 quod
1920 1387 2203 1455 feceris
2779 1415 2803 1460 1

697 1506 970 1570 Animus
1017 1506 1224 1571 uereri
1270 1503 1387 1590 qu1‘
1430 1505 1578 1588 scit,
1625 1504 1747 1568 scit
1791 1506 1933 1568 tuto
1982 1501 2253 1590 ingredi.
2738 1531 2807 1575 32

695 1619 960 1685 Auxilia
1003 1621 1274 1686 humilia
1318 1618 1512 1685 firma
1556 1624 1908 1685 consensus
1955 1619 2174 1684 facit*
2741 1643 2808 1691 43

515 1815 982 1868 TESTIMONIA.
1054 1814 1426 1870 EXEMPLA.

654 1913 679 1960 1
720 1909 933 1961 Seneca
970 1910 1131 1976 epist.
1166 1912 1218 1973 8,
1255 1912 1288 1960 9
1333 1914 1520 1975 ‘quam
1566 1908 1725 1958 multi
1773 1912 1973 1973 poetae
2009 1909 2227 1972 dicunt,
2274 1925 2417 1973 quac
2466 1909 2809 1975 philosophis

518 1982 615 2030 aut
654 1978 805 2029 dicta
828 1982 958 2028 sunt
980 1981 1077 2028 aut
1110 1977 1374 2028 dicenda!
1412 1993 1519 2028 non
1546 1977 1820 2041 attingam
1850 1977 2093 2042 tragicos
2119 1993 2224 2027 nec
2261 1982 2537 2043 togatas
2574 1982 2806 2028 nostras.

516 2046 725 2097 habent
760 2046 904 2096 enim
941 2045 1047 2096 hae
1092 2060 1306 2111 quoque
1345 2044 1552 2110 aliquid
1589 2044 1906 2098 seueritatis
1944 2049 1999 2095 et
2036 2050 2164 2096 sunt
2209 2046 2355 2095 inter
2397 2045 2702 2095 comoedias
2739 2062 2807 2096 ac

517 2113 836 2179 tragoedias
887 2113 1120 2165 mediae.
1213 2118 1474 2178 quantum
1532 2112 2017 2162 disertissimorum
2073 2127 2326 2163 uersuum
2379 2114 2529 2163 inter
2581 2113 2807 2163 mimos

516 2181 694 2232 iacet!
750 2197 911 2246 quam
949 2181 1119 2231 multa
1158 2180 1448 2231 Publilii
1471 2195 1594 2247 ‚non
1631 2179 2007 2242 excalceatis,
2054 2180 2153 2230 sed
2191 2180 2536 2230 cothurnatis
2572 2180 2808 2231 dicenda

516 2251 667 2302 sunt!
716 2265 877 2298 unum
917 2264 1130 2298 uersum
1169 2249 1315 2308 eius,
1354 2249 1449 2311 qui
1485 2246 1552 2297 ad
1588 2245 1988 2312 philosophiam
2028 2249 2273 2312 pertinet
2308 2253 2365 2299 et
2402 2248 2470 2297 ad
2509 2247 2652 2297 hanc
2690 2265 2808 2313 par-

518 2324 653 2378 tem,
689 2332 829 2381 quae
869 2316 1027 2366 modo
1063 2316 1166 2365 fuit
1202 2316 1255 2365 in
1295 2316 1574 2376 manibus,
1615 2315 1872 2375 referam,
1912 2330 2019 2380 quo
2054 2322 2227 2380 negat
2262 2316 2493 2366 fortuita
2530 2316 2585 2364 in
2622 2321 2809 2367 nostro

516 2384 800 2436 habenda:
839 2384 1170 2433 alienum’*
1199 2402 1245 2433 e.
1275 2400 1321 2448 q.
1348 2399 1390 2434 s.
1463 2384 1652 2432 ‘Hunc
1689 2398 1905 2432 uersum
1945 2399 1978 2432 a
2014 2388 2069 2433 te
2108 2383 2215 2433 dici
2253 2399 2362 2434 non
2398 2382 2566 2448 paulo
2590 2383 2806 2446 melius,

516 2452 615 2503 sed
655 2452 976 2502 adstrictius
1013 2453 1260 2501 memini:
1309 2467 1436 2502 non
1474 2449 1581 2501 est
1616 2456 1821 2511 tuum,
1870 2449 2148 2501 fortuna
2194 2451 2362 2514 qnod
2399 2449 2576 2502 fecit
2614 2455 2808 2506 tuum.

514 2519 658 2571 Illud
695 2519 862 2570 etiam
887 2535 1031 2571 nunc
1055 2519 1249 2571 melius
1274 2519 1477 2569 dictum
1503 2535 1538 2569 a
1573 2524 1630 2569 te
1656 2534 1761 2569 non
1800 2518 2144 2583 praeteriboe
2184 2517 2331 2570 dari
2369 2519 2539 2571 bonu
2552 2515 2808 2585 m'quod

516 2587 772 2653 potuit,
825 2586 1091 2638 auferri
1141 2593 1385 2652 potest.
1429 2588 1590 2644 ‚Hoc
1636 2602 1747 2637 non
1789 2586 1979 2650 inputo
2026 2587 2081 2636 in
2127 2586 2368 2637 solutum
2413 2587 2478 2637 de
2523 2593 2619 2638 tuo
2665 2586 2808 2640 tibi)

516 2656 840 2706 Vincentius
894 2655 1313 2707 Bellouacensis
1359 2654 1582 2719 speculo
1635 2654 1806 2706 doctr.
1854 2657 1910 2717 5,
1956 2657 2020 2705 76
2099 2655 2252 2705 Inter
2295 2656 2403 2705 inc.
2455 2655 2570 2709 fab.
2617 2655 2685 2705 fr.
2731 2655 2808 2704 IV

516 2723 857 2776 rettuleram.
1005 2726 1038 2772 2
1074 2724 1288 2773 Seneca
1325 2725 1488 2789 epist.
1524 2725 1611 2786 94,
1645 2726 1736 2774 43:
1775 2723 1901 2773 uide
1940 2722 2007 2772 ad
2046 2722 2177 2786 pall.
2217 2723 2324 2773 inc.
2356 2723 2461 2773 inc.
2492 2723 2602 2773 fab.
2631 2722 2808 2772 LXIX

517 2792 850 2842 Lactantius
875 2791 1053 2845 instit.
1081 2792 1108 2842 1
1131 2793 1211 2853 16,
1240 2796 1318 2844 10.
1367 2790 1558 2841 Aelius
1582 2789 1931 2854 Lampridius
1955 2791 2013 2840 in
2035 2790 2156 2839 uita
2182 2790 2481 2841 Alexandri
2506 2790 2699 2841 Seueri
2725 2792 2806 2840 51.

514 2859 595 2909 Ad
680 2873 796 2910 uem
840 2858 1022 2909 locum
1068 2857 1307 2909 editores
1353 2858 1799 2908 Weidmanniani
1838 2856 2067 2907 laudant
2111 2857 2339 2908 Tobiam
2384 2861 2446 2921 4,
2500 2860 2557 2907 16
2604 2872 2803 2922 euang.

516 2927 660 2977 Matt
699 2964 713 2979 .
751 2929 801 2989 ⁷,
842 2929 903 2975 12
941 2926 1234 2990 Augustini
1270 2925 1444 2975 doctr.
1484 2925 1611 2975 Chr.
1649 2926 1730 2976 111
1773 2927 1847 2976 14.
1923 2926 1985 2974 ln
2031 2923 2252 2977 Gruteri
2308 2925 2566 2975 thesauro
2611 2927 2736 2985 928,
2775 2929 2806 2975 9

516 3009 737 3045 carmen
785 2995 1126 3057 recognitum
1180 3008 1358 3059 nuper
1404 3010 1439 3042 a
1485 2991 1828 3043 Buechelero
1873 3008 2006 3042 mus.
2052 2993 2224 3047 Rhen.
2264 2992 2471 3042 XXVII
2524 2994 2619 3042 187
2667 2992 2801 3041 tale:

518 3067 602 3114 ‘ut
636 3059 1016 3127 perferantur,
1056 3062 1102 3111 si
1140 3075 1250 3126 qua
1285 3063 1439 3123 sunt,
1476 3060 1546 3110 ad
1583 3060 1811 3109 inferos.
1885 3059 2028 3110 Date
2054 3059 2237 3110 terrae
2265 3061 2530 3122 fructum,
2571 3067 2630 3108 ut
2658 3064 2806 3109 terra

515 3130 691 3195 possit
731 3129 973 3180 reddere.
1043 3128 1134 3178 Ab
1173 3127 1313 3178 alio
1350 3143 1608 3192 speres,
1658 3127 1877 3178 altero
1915 3128 2085 3193 quod
2134 3129 2430 3178 feceris.'
2503 3128 2806 3190 Comparat

514 3196 888 3247 Buechelerus
931 3195 1105 3247 Orelli
1159 3197 1324 3245 inser.
1371 3195 1522 3245 4786.
1564 3196 1700 3245 4802
1789 3194 1874 3245 cf.
1933 3195 2165 3260 denique
2221 3194 2524 3245 Caecilium
2572 3194 2804 3243 Balbum

514 3265 735 3315 Monac.
783 3267 829 3325 1,
875 3266 941 3314 29
988 3280 1039 3329 p.
1083 3267 1175 3327 ‘303
1228 3262 1512 3314 vincentii
1556 3261 1975 3313 Bellouacensis
2019 3280 2173 3329 spec.
2221 3262 2391 3315 doctr.
2437 3262 2511 3312 IV
2560 3264 2640 3313 67.
2696 3263 2804 3312 132.

517 3332 682 3383 Edidi
718 3331 848 3382 olim
883 3332 1050 3382 etiam
1089 3332 1234 3381 inter
1270 3331 1537 3396 palliatae
1575 3330 1680 3379 inc.
1725 3330 1832 3383 inc.
1871 3330 1937 3384 fr.
1976 3330 2172 3381 LXIX.

688 3513 715 3566 1
753 3527 913 3567 omne
943 3528 1048 3568 om.
1081 3510 1201 3579 CV,
1236 3511 1423 3566 codex
1451 3508 1868 3581 Amplonianus
1892 3509 2170 3579 Senecae,
2218 3508 2545 3564 Vincentius
2662 3508 2809 3562 uenit

516 3598 577 3667 C,
622 3598 788 3653 codd.
818 3598 1137 3651 deteriores
1169 3595 1455 3662 Senecae,
1507 3594 1837 3650 Vincentius
2008 3593 2045 3648 2
2076 3610 2262 3668 speres
2304 3607 2539 3646 carmen
2574 3592 2812 3647 Gruteri

514 3689 736 3755 expecta
799 3681 1127 3737 Vincentius
1162 3679 1302 3750 132,
1362 3679 1657 3735 Walter-us
1691 3679 1912 3750 Burley
2083 3677 2229 3751 quod
2276 3677 2430 3732 alteri
2481 3677 2808 3733 Vincentius

514 3766 615 3837 67,
675 3766 966 3822 Walter-us
1137 3764 1308 3819 altero
1355 3780 1594 3819 carmen
1626 3764 1862 3818 Gruter-i
2034 3760 2317 3819 Disseruit
2361 3762 2430 3816 de
2473 3762 2582 3817 hoc
2628 3777 2805 3818 uersu

512 3851 860 3907 Bitschelius
890 3865 1087 3921 opusc.
1123 3849 1191 3905 11
1220 3848 1341 3905 667
1495 3848 1533 3904 3
1579 3850 1671 3921 qui
1703 3849 1806 3904 scit
1838 3848 2014 3901 uereri
2064 3848 2109 3902 V
2249 3854 2369 3900 tuto
2406 3845 2457 3901 B
2498 3862 2804 3916 suprascr.

511 3951 625 3991 sec.
683 3953 775 4005 m.,
823 3935 901 3990 P⁴
954 3950 1110 3989 corr.
1161 3948 1280 3988 rec.
1330 3950 1420 4002 m.,
1468 3929 1529 4006 β,
1574 3934 1734 3989 codd.
1771 3933 2030 4000 Gruteri,
2074 3932 2362 3986 Erasmus
2405 3937 2522 3985 tuta
2568 3932 2723 3987 FPR
2746 3930 2808 4000 V,

513 4020 751 4077 Gruteri
778 4020 1005 4076 codices
1034 4021 1295 4091 quidam,
1337 4020 1549 4089 probat
1595 4016 1964 4089 Woelfflinus
1993 4023 2149 4071 tuliis
2184 4012 2228 4067 C
2254 4023 2375 4086 apta
2412 4015 2461 4068 Β
2592 4014 2814 4092 aggredi

511 4105 795 4161 Erasmus
826 4110 880 4159 et
910 4104 1074 4159 codd.
1107 4104 1336 4176 quidam
1368 4102 1604 4163 Gruteri
1773 4100 1811 4157 4
1848 4100 2080 4159 humana
2132 4098 2179 4158 V
2310 4098 2457 4153 firma
2502 4108 2692 4162 erasis
2735 4102 2820 4157 tit-

513 4193 655 4247 teris
698 4189 751 4243 iu
799 4188 853 4243 B
899 4187 1084 4243 firmus
1133 4188 1180 4244 V
1330 4186 1539 4246 infirma
1589 4192 1735 4251 firma
1780 4186 1931 4242 Tan.
1968 4188 2189 4257 Faber,
2236 4183 2531 4255 eleqanter
2702 4203 2830 4246 con-

512 4290 696 4329 sessus
740 4265 818 4329 pb
867 4272 1151 4328 consessus
1198 4271 1335 4327 ΒΡ(ι
