<?xml version="1.0" encoding="UTF-8"?>
<!DOCTYPE html PUBLIC "-//W3C//DTD XHTML 1.0 Transitional//EN"
    "http://www.w3.org/TR/xhtml1/DTD/xhtml1-transitional.dtd">
<html xmlns="http://www.w3.org/1999/xhtml" xml:lang="en" lang="en">
 <head>
  <title>
</title>
<meta http-equiv="Content-Type" content="text/html;charset=utf-8" />
  <meta name='ocr-system' content='tesseract 3.04.00' />
  <meta name='ocr-capabilities' content='ocr_page ocr_carea ocr_par ocr_line ocrx_word'/>
</head>
<body>
  <div class='ocr_page' id='page_1' title='image "./comicorumromano00teregoog_0190.png"; bbox 0 0 3400 5075; ppageno 0'>
   <div class='ocr_carea' id='block_1_1' title="bbox 642 346 2141 409">
    <p class='ocr_par' dir='ltr' id='par_1_1' title="bbox 642 346 2141 409">
     <span class='ocr_line' id='line_1_1' title="bbox 642 346 2141 409; baseline -0.009 0"><span class='ocrx_word' id='word_1_1' title='bbox 642 346 726 409; x_wconf 82' lang='lat'><strong>52</strong></span> <span class='ocrx_word' id='word_1_2' title='bbox 1412 346 1803 398; x_wconf 77' lang='lat' dir='ltr'><strong>CAECIles</strong></span> <span class='ocrx_word' id='word_1_3' title='bbox 1843 346 2141 398; x_wconf 73' lang='lat' dir='ltr'><strong>STA‘mvs</strong></span> 
     </span>
    </p>
   </div>
   <div class='ocr_carea' id='block_1_2' title="bbox 822 503 2507 826">
    <p class='ocr_par' dir='ltr' id='par_1_2' title="bbox 822 503 2507 826">
     <span class='ocr_line' id='line_1_2' title="bbox 823 503 2035 586; baseline -0.002 -19"><span class='ocrx_word' id='word_1_4' title='bbox 823 504 987 567; x_wconf 76' lang='lat' dir='ltr'><strong>Tute</strong></span> <span class='ocrx_word' id='word_1_5' title='bbox 1037 503 1205 567; x_wconf 88' lang='lat' dir='ltr'><strong>idem</strong></span> <span class='ocrx_word' id='word_1_6' title='bbox 1253 504 1365 566; x_wconf 83' lang='lat' dir='ltr'><strong>ubi</strong></span> <span class='ocrx_word' id='word_1_7' title='bbox 1414 504 1537 566; x_wconf 89' lang='lat' dir='ltr'><strong>eris</strong></span> <span class='ocrx_word' id='word_1_8' title='bbox 1584 503 2035 586; x_wconf 72' lang='lat' dir='ltr'><strong>experrectus?</strong></span> 
     </span>
     <span class='ocr_line' id='line_1_3' title="bbox 1671 625 1917 713; baseline 0.004 -24"><span class='ocrx_word' id='word_1_9' title='bbox 1671 626 1767 690; x_wconf 89' lang='lat' dir='ltr'><strong>IV</strong></span> <span class='ocrx_word' id='word_1_10' title='bbox 1816 625 1917 713; x_wconf 89' lang='lat'><strong>(3)</strong></span> 
     </span>
     <span class='ocr_line' id='line_1_4' title="bbox 822 741 2507 826; baseline -0.001 -20"><span class='ocrx_word' id='word_1_11' title='bbox 822 794 1258 806; x_wconf 91' lang='grc'><strong>.....</strong></span> <span class='ocrx_word' id='word_1_12' title='bbox 1353 741 1557 826; x_wconf 72' lang='lat' dir='ltr'><strong>quid?</strong></span> <span class='ocrx_word' id='word_1_13' title='bbox 1605 742 1763 806; x_wconf 88' lang='lat' dir='ltr'><strong>mihi</strong></span> <span class='ocrx_word' id='word_1_14' title='bbox 1811 764 1944 806; x_wconf 89' lang='lat' dir='ltr'><strong>non</strong></span> <span class='ocrx_word' id='word_1_15' title='bbox 1994 745 2146 806; x_wconf 76' lang='lat' dir='ltr'><strong>sunt</strong></span> <span class='ocrx_word' id='word_1_16' title='bbox 2191 741 2507 805; x_wconf 66' lang='lat' dir='ltr'><strong>balneae?</strong></span> 
     </span>
    </p>
   </div>
   <div class='ocr_carea' id='block_1_3' title="bbox 816 870 2870 1074">
    <p class='ocr_par' dir='ltr' id='par_1_3' title="bbox 816 870 2870 1074">
     <span class='ocr_line' id='line_1_5' title="bbox 1350 870 2221 960; baseline -0.003 -21"><span class='ocrx_word' id='word_1_17' title='bbox 1350 873 1412 939; x_wconf 92' lang='lat' dir='ltr'><strong>V</strong></span> <span class='ocrx_word' id='word_1_18' title='bbox 1460 873 1689 960; x_wconf 83' lang='lat' dir='ltr'>(Licin.</span> <span class='ocrx_word' id='word_1_19' title='bbox 1739 875 1932 939; x_wconf 89' lang='lat' dir='ltr'><strong>Imbr.</strong></span> <span class='ocrx_word' id='word_1_20' title='bbox 1981 876 2101 937; x_wconf 89' lang='lat' dir='ltr'><strong>inc.</strong></span> <span class='ocrx_word' id='word_1_21' title='bbox 2150 870 2221 958; x_wconf 79' lang='lat'><strong>2)</strong></span> 
     </span>
     <span class='ocr_line' id='line_1_6' title="bbox 816 987 2870 1074; baseline -0.001 -19"><span class='ocrx_word' id='word_1_22' title='bbox 816 989 1149 1074; x_wconf 80' lang='lat' dir='ltr'><strong>Resupina</strong></span> <span class='ocrx_word' id='word_1_23' title='bbox 1196 990 1453 1074; x_wconf 80' lang='lat' dir='ltr'><strong>obstipo</strong></span> <span class='ocrx_word' id='word_1_24' title='bbox 1504 990 1787 1074; x_wconf 65' lang='lat' dir='ltr'><strong>capitulo</strong></span> <span class='ocrx_word' id='word_1_25' title='bbox 1838 990 1958 1054; x_wconf 88' lang='lat' dir='ltr'><strong>sibi</strong></span> <span class='ocrx_word' id='word_1_26' title='bbox 2007 991 2275 1053; x_wconf 71' lang='lat' dir='ltr'><strong>uentum</strong></span> <span class='ocrx_word' id='word_1_27' title='bbox 2321 987 2538 1052; x_wconf 78' lang='lat' dir='ltr'><strong>facere‘</strong></span> <span class='ocrx_word' id='word_1_28' title='bbox 2580 989 2870 1053; x_wconf 76' lang='lat' dir='ltr'><strong>tunicula</strong></span> 
     </span>
    </p>
   </div>
   <div class='ocr_carea' id='block_1_4' title="bbox 1537 1118 2051 1205">
    <p class='ocr_par' dir='ltr' id='par_1_4' title="bbox 1537 1118 2051 1205">
     <span class='ocr_line' id='line_1_7' title="bbox 1537 1118 2051 1205; baseline 0 -21"><span class='ocrx_word' id='word_1_29' title='bbox 1537 1120 1633 1184; x_wconf 80' lang='lat' dir='ltr'><strong>vl</strong></span> <span class='ocrx_word' id='word_1_30' title='bbox 1680 1118 1932 1204; x_wconf 80' lang='lat' dir='ltr'><strong>(vmbr.</strong></span> <span class='ocrx_word' id='word_1_31' title='bbox 1987 1121 2051 1205; x_wconf 91' lang='lat'><strong>1)</strong></span> 
     </span>
    </p>
   </div>
   <div class='ocr_carea' id='block_1_5' title="bbox 646 1233 2941 1435">
    <p class='ocr_par' dir='ltr' id='par_1_5' title="bbox 646 1233 2941 1435">
     <span class='ocr_line' id='line_1_8' title="bbox 646 1233 2941 1323; baseline -0.001 -20"><span class='ocrx_word' id='word_1_32' title='bbox 646 1240 771 1303; x_wconf 90' lang='grc'><strong>100</strong></span> <span class='ocrx_word' id='word_1_33' title='bbox 816 1235 978 1323; x_wconf 84' lang='lat' dir='ltr'><strong>&#39;Age</strong></span> <span class='ocrx_word' id='word_1_34' title='bbox 1027 1259 1173 1322; x_wconf 87' lang='lat' dir='ltr'><strong>age,</strong></span> <span class='ocrx_word' id='word_1_35' title='bbox 1228 1237 1250 1300; x_wconf 90' lang='lat' dir='ltr'><strong>i</strong></span> <span class='ocrx_word' id='word_1_36' title='bbox 1297 1233 1520 1321; x_wconf 80' lang='lat' dir='ltr'><strong>puere&#39;,</strong></span> <span class='ocrx_word' id='word_1_37' title='bbox 1577 1236 1698 1299; x_wconf 75' lang='lat' dir='ltr'><strong>dlic</strong></span> <span class='ocrx_word' id='word_1_38' title='bbox 1758 1257 1858 1299; x_wconf 88' lang='lat' dir='ltr'><strong>me</strong></span> <span class='ocrx_word' id='word_1_39' title='bbox 1917 1236 1997 1299; x_wconf 81' lang='lat' dir='ltr'><strong>ad</strong></span> <span class='ocrx_word' id='word_1_40' title='bbox 2045 1237 2292 1320; x_wconf 82' lang='lat' dir='ltr'><strong>patrios</strong></span> <span class='ocrx_word' id='word_1_41' title='bbox 2340 1234 2509 1300; x_wconf 73' lang='lat' dir='ltr'><strong>fines</strong></span> <span class='ocrx_word' id='word_1_42' title='bbox 2570 1237 2941 1302; x_wconf 78' lang='lat' dir='ltr'><strong>decoratum</strong></span> 
     </span>
     <span class='ocr_line' id='line_1_9' title="bbox 1921 1351 2211 1435; baseline 0 -20"><span class='ocrx_word' id='word_1_43' title='bbox 1921 1351 2211 1435; x_wconf 82' lang='lat' dir='ltr'><strong>6pipare!</strong></span> 
     </span>
    </p>
   </div>
   <div class='ocr_carea' id='block_1_6' title="bbox 636 1528 2943 2540">
    <p class='ocr_par' dir='ltr' id='par_1_6' title="bbox 636 1528 2943 2540">
     <span class='ocr_line' id='line_1_10' title="bbox 642 1528 2939 1596; baseline -0.002 -16"><span class='ocrx_word' id='word_1_44' title='bbox 642 1536 1118 1596; x_wconf 77' lang='lat' dir='ltr'><strong>experrectum</strong></span> <span class='ocrx_word' id='word_1_45' title='bbox 1145 1529 1299 1579; x_wconf 83' lang='lat' dir='ltr'><strong>facit.</strong></span> <span class='ocrx_word' id='word_1_46' title='bbox 1341 1529 1593 1593; x_wconf 81' lang='lat' dir='ltr'><strong>quamuis</strong></span> <span class='ocrx_word' id='word_1_47' title='bbox 1617 1528 1984 1577; x_wconf 84' lang='lat' dir='ltr'><strong>uetustissimi</strong></span> <span class='ocrx_word' id='word_1_48' title='bbox 2012 1529 2180 1578; x_wconf 81' lang='lat' dir='ltr'><strong>etiam</strong></span> <span class='ocrx_word' id='word_1_49' title='bbox 2209 1529 2528 1593; x_wconf 78' lang='lat' dir='ltr'><strong>expergitus</strong></span> <span class='ocrx_word' id='word_1_50' title='bbox 2554 1528 2815 1579; x_wconf 82' lang='lat' dir='ltr'><strong>dicebant</strong></span> <span class='ocrx_word' id='word_1_51' title='bbox 2841 1566 2852 1576; x_wconf 92' lang='lat'><strong>.</strong></span> <span class='ocrx_word' id='word_1_52' title='bbox 2884 1566 2895 1576; x_wconf 93' lang='lat'><strong>.</strong></span> <span class='ocrx_word' id='word_1_53' title='bbox 2927 1569 2939 1582; x_wconf 86' lang='lat'><strong>.</strong></span> 
     </span>
     <span class='ocr_line' id='line_1_11' title="bbox 639 1593 2940 1659; baseline -0 -13"><span class='ocrx_word' id='word_1_54' title='bbox 639 1597 916 1648; x_wconf 78' lang='lat' dir='ltr'><strong>Caecilius</strong></span> <span class='ocrx_word' id='word_1_55' title='bbox 961 1613 1092 1648; x_wconf 90' lang='lat' dir='ltr'><strong>uero</strong></span> <span class='ocrx_word' id='word_1_56' title='bbox 1140 1596 1436 1647; x_wconf 86' lang='lat' dir='ltr'><strong>secundum</strong></span> <span class='ocrx_word' id='word_1_57' title='bbox 1479 1595 1798 1659; x_wconf 79' lang='lat' dir='ltr'><strong>analogiam</strong></span> <span class='ocrx_word' id='word_1_58' title='bbox 1843 1596 2074 1659; x_wconf 79' lang='lat' dir='ltr'><strong>protulit</strong></span> <span class='ocrx_word' id='word_1_59' title='bbox 2119 1598 2176 1645; x_wconf 90' lang='lat' dir='ltr'><strong>in</strong></span> <span class='ocrx_word' id='word_1_60' title='bbox 2222 1596 2446 1645; x_wconf 85' lang='lat' dir='ltr'><strong>Imbris:</strong></span> <span class='ocrx_word' id='word_1_61' title='bbox 2493 1593 2644 1645; x_wconf 89' lang='lat' dir='ltr'><strong>mihi’</strong></span> <span class='ocrx_word' id='word_1_62' title='bbox 2692 1611 2738 1649; x_wconf 89' lang='lat' dir='ltr'><strong>e.</strong></span> <span class='ocrx_word' id='word_1_63' title='bbox 2789 1610 2840 1659; x_wconf 89' lang='lat' dir='ltr'><strong>q.</strong></span> <span class='ocrx_word' id='word_1_64' title='bbox 2895 1611 2940 1645; x_wconf 91' lang='lat' dir='ltr'><strong>s.</strong></span> 
     </span>
     <span class='ocr_line' id='line_1_12' title="bbox 637 1661 2942 1731; baseline -0.002 -15"><span class='ocrx_word' id='word_1_65' title='bbox 637 1666 835 1731; x_wconf 56' lang='lat' dir='ltr'><strong>(Caess</strong></span> <span class='ocrx_word' id='word_1_66' title='bbox 876 1667 1009 1716; x_wconf 85' lang='lat' dir='ltr'><strong>lius</strong></span> <span class='ocrx_word' id='word_1_67' title='bbox 1055 1665 1187 1729; x_wconf 83' lang='lat' dir='ltr'><strong>Reg.</strong></span> <span class='ocrx_word' id='word_1_68' title='bbox 1234 1663 1514 1713; x_wconf 86' lang='lat' dir='ltr'><strong>Caelius</strong></span> <span class='ocrx_word' id='word_1_69' title='bbox 1567 1663 1720 1712; x_wconf 82' lang='lat' dir='ltr'><strong>Grut.</strong></span> <span class='ocrx_word' id='word_1_70' title='bbox 1774 1662 1938 1711; x_wconf 78' lang='lat' dir='ltr'><strong>Halb.</strong></span> <span class='ocrx_word' id='word_1_71' title='bbox 1990 1664 2161 1727; x_wconf 86' lang='lat' dir='ltr'><strong>Bong.</strong></span> <span class='ocrx_word' id='word_1_72' title='bbox 2210 1664 2376 1713; x_wconf 86' lang='lat' dir='ltr'><strong>Barb.</strong></span> <span class='ocrx_word' id='word_1_73' title='bbox 2425 1661 2657 1713; x_wconf 84' lang='lat' dir='ltr'><strong>Carolir.</strong></span> <span class='ocrx_word' id='word_1_74' title='bbox 2718 1664 2942 1712; x_wconf 88' lang='lat' dir='ltr'><strong>celius</strong></span> 
     </span>
     <span class='ocr_line' id='line_1_13' title="bbox 637 1729 2941 1797; baseline -0.001 -16"><span class='ocrx_word' id='word_1_75' title='bbox 637 1733 804 1797; x_wconf 82' lang='lat' dir='ltr'><strong>Sang.</strong></span> <span class='ocrx_word' id='word_1_76' title='bbox 866 1733 1117 1783; x_wconf 63' lang='lat' dir='ltr'><strong>*celius</strong></span> <span class='ocrx_word' id='word_1_77' title='bbox 1142 1732 1331 1781; x_wconf 86' lang='lat' dir='ltr'><strong>Bamb.</strong></span> <span class='ocrx_word' id='word_1_78' title='bbox 1435 1730 1714 1780; x_wconf 85' lang='lat' dir='ltr'><strong>Imbriis</strong></span> <span class='ocrx_word' id='word_1_79' title='bbox 1740 1729 2056 1781; x_wconf 84' lang='lat' dir='ltr'><strong>Meinekius</strong></span> <span class='ocrx_word' id='word_1_80' title='bbox 2087 1732 2233 1780; x_wconf 85' lang='lat' dir='ltr'><strong>Meu.</strong></span> <span class='ocrx_word' id='word_1_81' title='bbox 2260 1734 2317 1779; x_wconf 80' lang='lat' dir='ltr'><strong>et</strong></span> <span class='ocrx_word' id='word_1_82' title='bbox 2341 1730 2482 1780; x_wconf 85' lang='lat' dir='ltr'><strong>Phil.</strong></span> <span class='ocrx_word' id='word_1_83' title='bbox 2524 1747 2573 1794; x_wconf 83' lang='lat' dir='ltr'><strong>p.</strong></span> <span class='ocrx_word' id='word_1_84' title='bbox 2600 1731 2665 1780; x_wconf 88' lang='grc'><strong>98</strong></span> <span class='ocrx_word' id='word_1_85' title='bbox 2702 1730 2941 1780; x_wconf 86' lang='lat' dir='ltr'><strong>imbris</strong></span> 
     </span>
     <span class='ocr_line' id='line_1_14' title="bbox 637 1796 2940 1864; baseline -0.001 -15"><span class='ocrx_word' id='word_1_86' title='bbox 637 1800 790 1862; x_wconf 88' lang='lat' dir='ltr'><strong>libri,</strong></span> <span class='ocrx_word' id='word_1_87' title='bbox 826 1801 934 1850; x_wconf 77' lang='lat' dir='ltr'><strong>nisi</strong></span> <span class='ocrx_word' id='word_1_88' title='bbox 973 1800 1113 1864; x_wconf 84' lang='lat' dir='ltr'><strong>quod</strong></span> <span class='ocrx_word' id='word_1_89' title='bbox 1150 1798 1401 1848; x_wconf 86' lang='lat' dir='ltr'><strong>umbris</strong></span> <span class='ocrx_word' id='word_1_90' title='bbox 1438 1814 1505 1847; x_wconf 89' lang='lat' dir='ltr'><strong>m.</strong></span> <span class='ocrx_word' id='word_1_91' title='bbox 1532 1800 1562 1847; x_wconf 78' lang='lat'><strong>2</strong></span> <span class='ocrx_word' id='word_1_92' title='bbox 1592 1798 1726 1861; x_wconf 81' lang='lat' dir='ltr'><strong>Reg.</strong></span> <span class='ocrx_word' id='word_1_93' title='bbox 1756 1803 1812 1847; x_wconf 85' lang='lat' dir='ltr'><strong>et</strong></span> <span class='ocrx_word' id='word_1_94' title='bbox 1842 1796 2027 1861; x_wconf 85' lang='lat' dir='ltr'><strong>Halb.)</strong></span> <span class='ocrx_word' id='word_1_95' title='bbox 2165 1798 2241 1848; x_wconf 90' lang='lat' dir='ltr'><strong>IV</strong></span> <span class='ocrx_word' id='word_1_96' title='bbox 2280 1798 2490 1848; x_wconf 88' lang='lat' dir='ltr'><strong>Nonius</strong></span> <span class='ocrx_word' id='word_1_97' title='bbox 2518 1800 2632 1858; x_wconf 83' lang='lat'>194,</span> <span class='ocrx_word' id='word_1_98' title='bbox 2671 1800 2728 1847; x_wconf 88' lang='lat'><strong>11</strong></span> <span class='ocrx_word' id='word_1_99' title='bbox 2771 1798 2940 1848; x_wconf 80' lang='lat' dir='ltr'><strong>‘bal-</strong></span> 
     </span>
     <span class='ocr_line' id='line_1_15' title="bbox 637 1865 2942 1930; baseline -0.001 -13"><span class='ocrx_word' id='word_1_100' title='bbox 637 1883 808 1917; x_wconf 85' lang='lat' dir='ltr'><strong>neae</strong></span> <span class='ocrx_word' id='word_1_101' title='bbox 837 1868 1072 1918; x_wconf 86' lang='lat' dir='ltr'><strong>nominis</strong></span> <span class='ocrx_word' id='word_1_102' title='bbox 1100 1866 1353 1917; x_wconf 83' lang='lat' dir='ltr'><strong>feminini</strong></span> <span class='ocrx_word' id='word_1_103' title='bbox 1381 1903 1393 1913; x_wconf 91' lang='lat'><strong>.</strong></span> <span class='ocrx_word' id='word_1_104' title='bbox 1424 1906 1436 1918; x_wconf 88' lang='lat'><strong>.</strong></span> <span class='ocrx_word' id='word_1_105' title='bbox 1461 1901 1474 1914; x_wconf 92' lang='lat'><strong>.</strong></span> <span class='ocrx_word' id='word_1_106' title='bbox 1502 1865 1781 1915; x_wconf 79' lang='lat' dir='ltr'><strong>Caecilius</strong></span> <span class='ocrx_word' id='word_1_107' title='bbox 1808 1866 1862 1913; x_wconf 90' lang='lat' dir='ltr'><strong>in</strong></span> <span class='ocrx_word' id='word_1_108' title='bbox 1887 1866 2114 1916; x_wconf 87' lang='lat' dir='ltr'><strong>Imbris:</strong></span> <span class='ocrx_word' id='word_1_109' title='bbox 2155 1866 2308 1930; x_wconf 87' lang='lat' dir='ltr'><strong>quid‘</strong></span> <span class='ocrx_word' id='word_1_110' title='bbox 2336 1882 2383 1920; x_wconf 81' lang='lat' dir='ltr'><strong>e.</strong></span> <span class='ocrx_word' id='word_1_111' title='bbox 2411 1880 2466 1929; x_wconf 90' lang='lat' dir='ltr'><strong>q.</strong></span> <span class='ocrx_word' id='word_1_112' title='bbox 2494 1881 2535 1916; x_wconf 87' lang='lat' dir='ltr'><strong>s.</strong></span> <span class='ocrx_word' id='word_1_113' title='bbox 2615 1866 2700 1927; x_wconf 89' lang='lat' dir='ltr'><strong>(in</strong></span> <span class='ocrx_word' id='word_1_114' title='bbox 2740 1865 2942 1930; x_wconf 88' lang='lat' dir='ltr'><strong>phoe-</strong></span> 
     </span>
     <span class='ocr_line' id='line_1_16' title="bbox 637 1932 2940 1998; baseline -0.001 -14"><span class='ocrx_word' id='word_1_115' title='bbox 637 1936 737 1984; x_wconf 91' lang='lat' dir='ltr'><strong>bis</strong></span> <span class='ocrx_word' id='word_1_116' title='bbox 763 1936 957 1986; x_wconf 90' lang='lat' dir='ltr'><strong>Urbin.</strong></span> <span class='ocrx_word' id='word_1_117' title='bbox 986 1935 1114 1985; x_wconf 78' lang='lat'>308:</span> <span class='ocrx_word' id='word_1_118' title='bbox 1154 1949 1224 1982; x_wconf 83' lang='lat' dir='ltr'><strong>an</strong></span> <span class='ocrx_word' id='word_1_119' title='bbox 1252 1949 1319 1982; x_wconf 84' lang='lat' dir='ltr'><strong>ex</strong></span> <span class='ocrx_word' id='word_1_120' title='bbox 1347 1932 1646 1997; x_wconf 81' lang='lat' dir='ltr'><strong>Ephebis</strong></span> <span class='ocrx_word' id='word_1_121' title='bbox 1672 1932 1867 1982; x_wconf 82' lang='lat' dir='ltr'><strong>fabula</strong></span> <span class='ocrx_word' id='word_1_122' title='bbox 1893 1939 2134 1982; x_wconf 87' lang='lat' dir='ltr'><strong>ceterum</strong></span> <span class='ocrx_word' id='word_1_123' title='bbox 2161 1934 2378 1998; x_wconf 82' lang='lat' dir='ltr'><strong>ignota,</strong></span> <span class='ocrx_word' id='word_1_124' title='bbox 2404 1934 2514 1982; x_wconf 86' lang='lat' dir='ltr'><strong>uisi</strong></span> <span class='ocrx_word' id='word_1_125' title='bbox 2541 1933 2684 1997; x_wconf 82' lang='lat' dir='ltr'><strong>quod</strong></span> <span class='ocrx_word' id='word_1_126' title='bbox 2712 1934 2940 1983; x_wconf 80' lang='lat' dir='ltr'><strong>Laberii</strong></span> 
     </span>
     <span class='ocr_line' id='line_1_17' title="bbox 640 1999 2938 2066; baseline -0.001 -14"><span class='ocrx_word' id='word_1_127' title='bbox 640 2002 954 2066; x_wconf 82' lang='lat' dir='ltr'><strong>Ephebus</strong></span> <span class='ocrx_word' id='word_1_128' title='bbox 994 2001 1279 2061; x_wconf 82' lang='lat' dir='ltr'><strong>laudatur,</strong></span> <span class='ocrx_word' id='word_1_129' title='bbox 1316 2000 1471 2050; x_wconf 88' lang='lat' dir='ltr'><strong>locus</strong></span> <span class='ocrx_word' id='word_1_130' title='bbox 1503 1999 1766 2060; x_wconf 80' lang='lat' dir='ltr'><strong>excidit‘?)</strong></span> <span class='ocrx_word' id='word_1_131' title='bbox 1908 2001 1950 2048; x_wconf 88' lang='lat' dir='ltr'>V</span> <span class='ocrx_word' id='word_1_132' title='bbox 1987 2001 2189 2051; x_wconf 76' lang='lat' dir='ltr'><strong>Festus</strong></span> <span class='ocrx_word' id='word_1_133' title='bbox 2230 2017 2283 2065; x_wconf 88' lang='lat' dir='ltr'><strong>p.</strong></span> <span class='ocrx_word' id='word_1_134' title='bbox 2315 2003 2411 2051; x_wconf 84' lang='lat'><strong>193</strong></span> <span class='ocrx_word' id='word_1_135' title='bbox 2438 2000 2510 2050; x_wconf 80' lang='lat' dir='ltr'><strong>M.</strong></span> <span class='ocrx_word' id='word_1_136' title='bbox 2551 2002 2938 2065; x_wconf 80' lang='lat' dir='ltr'><strong>‘obstipum,</strong></span> 
     </span>
     <span class='ocr_line' id='line_1_18' title="bbox 639 2066 2942 2133; baseline -0.002 -14"><span class='ocrx_word' id='word_1_137' title='bbox 639 2069 938 2132; x_wconf 87' lang='lat' dir='ltr'><strong>obliquum.</strong></span> <span class='ocrx_word' id='word_1_138' title='bbox 1012 2069 1222 2118; x_wconf 84' lang='lat' dir='ltr'><strong>Ennius</strong></span> <span class='ocrx_word' id='word_1_139' title='bbox 1264 2095 1309 2101; x_wconf 89' lang='lat'><em>-</em></span> <span class='ocrx_word' id='word_1_140' title='bbox 1339 2066 1620 2116; x_wconf 81' lang='lat' dir='ltr'><strong>Caecilius</strong></span> <span class='ocrx_word' id='word_1_141' title='bbox 1646 2068 1703 2117; x_wconf 88' lang='lat' dir='ltr'><strong>in</strong></span> <span class='ocrx_word' id='word_1_142' title='bbox 1732 2068 2004 2117; x_wconf 79' lang='lat' dir='ltr'><strong>imbros:</strong></span> <span class='ocrx_word' id='word_1_143' title='bbox 2045 2069 2324 2132; x_wconf 86' lang='lat' dir='ltr'><strong>resupina’</strong></span> <span class='ocrx_word' id='word_1_144' title='bbox 2367 2084 2412 2120; x_wconf 88' lang='lat' dir='ltr'><strong>e.</strong></span> <span class='ocrx_word' id='word_1_145' title='bbox 2443 2083 2494 2131; x_wconf 90' lang='lat' dir='ltr'><strong>q.</strong></span> <span class='ocrx_word' id='word_1_146' title='bbox 2523 2084 2566 2117; x_wconf 87' lang='lat' dir='ltr'><strong>s.</strong></span> <span class='ocrx_word' id='word_1_147' title='bbox 2611 2066 2694 2133; x_wconf 90' lang='lat' dir='ltr'><strong>(C.</strong></span> <span class='ocrx_word' id='word_1_148' title='bbox 2723 2070 2779 2117; x_wconf 87' lang='lat' dir='ltr'><strong>in</strong></span> <span class='ocrx_word' id='word_1_149' title='bbox 2816 2068 2942 2116; x_wconf 77' lang='lat' dir='ltr'><strong>Im·</strong></span> 
     </span>
     <span class='ocr_line' id='line_1_19' title="bbox 641 2134 2941 2199; baseline 0 -15"><span class='ocrx_word' id='word_1_150' title='bbox 641 2138 782 2187; x_wconf 77' lang='lat' dir='ltr'><strong>bris</strong></span> <span class='ocrx_word' id='word_1_151' title='bbox 819 2136 882 2186; x_wconf 91' lang='grc' dir='ltr'><strong>Ο.</strong></span> <span class='ocrx_word' id='word_1_152' title='bbox 911 2135 1211 2187; x_wconf 75' lang='lat' dir='ltr'><strong>Muellerus</strong></span> <span class='ocrx_word' id='word_1_153' title='bbox 1238 2134 1303 2187; x_wconf 92' lang='lat' dir='ltr'><strong>C.</strong></span> <span class='ocrx_word' id='word_1_154' title='bbox 1342 2137 1408 2184; x_wconf 87' lang='lat' dir='ltr'><strong>in</strong></span> <span class='ocrx_word' id='word_1_155' title='bbox 1447 2135 1704 2185; x_wconf 81' lang='lat' dir='ltr'><strong>Imbres</strong></span> <span class='ocrx_word' id='word_1_156' title='bbox 1731 2136 2072 2197; x_wconf 70' lang='lat' dir='ltr'><strong>Augustinus</strong></span> <span class='ocrx_word' id='word_1_157' title='bbox 2097 2135 2153 2184; x_wconf 89' lang='lat' dir='ltr'><strong>in</strong></span> <span class='ocrx_word' id='word_1_158' title='bbox 2179 2150 2284 2199; x_wconf 85' lang='lat' dir='ltr'><strong>mg.</strong></span> <span class='ocrx_word' id='word_1_159' title='bbox 2325 2134 2644 2185; x_wconf 86' lang='lat' dir='ltr'><strong>Licinius</strong></span> <span class='ocrx_word' id='word_1_160' title='bbox 2679 2135 2941 2184; x_wconf 80' lang='lat' dir='ltr'><strong>Imbrex</strong></span> 
     </span>
     <span class='ocr_line' id='line_1_20' title="bbox 640 2202 2942 2268; baseline -0.001 -15"><span class='ocrx_word' id='word_1_161' title='bbox 640 2204 864 2268; x_wconf 84' lang='lat' dir='ltr'><strong>Aldina)</strong></span> <span class='ocrx_word' id='word_1_162' title='bbox 1002 2203 1079 2255; x_wconf 88' lang='lat' dir='ltr'><strong>VI</strong></span> <span class='ocrx_word' id='word_1_163' title='bbox 1117 2203 1436 2253; x_wconf 84' lang='lat' dir='ltr'><strong>Priscianus</strong></span> <span class='ocrx_word' id='word_1_164' title='bbox 1475 2202 1548 2252; x_wconf 92' lang='lat' dir='ltr'><strong>v1</strong></span> <span class='ocrx_word' id='word_1_165' title='bbox 1584 2205 1616 2253; x_wconf 86' lang='lat'>8</span> <span class='ocrx_word' id='word_1_166' title='bbox 1653 2218 1705 2266; x_wconf 88' lang='lat' dir='ltr'><strong>p.</strong></span> <span class='ocrx_word' id='word_1_167' title='bbox 1743 2204 1840 2252; x_wconf 84' lang='grc'><strong>697</strong></span> <span class='ocrx_word' id='word_1_168' title='bbox 1871 2204 1928 2253; x_wconf 89' lang='grc' dir='ltr'><strong>Ρ.</strong></span> <span class='ocrx_word' id='word_1_169' title='bbox 1968 2202 2079 2252; x_wconf 72' lang='lat' dir='ltr'><strong>‘hie</strong></span> <span class='ocrx_word' id='word_1_170' title='bbox 2106 2209 2165 2253; x_wconf 84' lang='lat' dir='ltr'><strong>et</strong></span> <span class='ocrx_word' id='word_1_171' title='bbox 2201 2203 2339 2253; x_wconf 87' lang='lat' dir='ltr'><strong>haec</strong></span> <span class='ocrx_word' id='word_1_172' title='bbox 2377 2217 2538 2267; x_wconf 85' lang='lat' dir='ltr'><strong>puer</strong></span> <span class='ocrx_word' id='word_1_173' title='bbox 2573 2203 2942 2252; x_wconf 81' lang='lat' dir='ltr'><strong>uetustissimi</strong></span> 
     </span>
     <span class='ocr_line' id='line_1_21' title="bbox 678 2268 2941 2336; baseline -0.001 -15"><span class='ocrx_word' id='word_1_174' title='bbox 678 2272 936 2323; x_wconf 79' lang='lat' dir='ltr'><strong>retulisse</strong></span> <span class='ocrx_word' id='word_1_175' title='bbox 972 2271 1329 2320; x_wconf 88' lang='lat' dir='ltr'><strong>inueniuntur</strong></span> <span class='ocrx_word' id='word_1_176' title='bbox 1365 2306 1379 2320; x_wconf 90' lang='lat'><strong>.</strong></span> <span class='ocrx_word' id='word_1_177' title='bbox 1408 2306 1420 2319; x_wconf 93' lang='lat'><strong>.</strong></span> <span class='ocrx_word' id='word_1_178' title='bbox 1454 2307 1466 2319; x_wconf 93' lang='lat'><strong>.</strong></span> <span class='ocrx_word' id='word_1_179' title='bbox 1505 2268 1779 2319; x_wconf 86' lang='lat' dir='ltr'><strong>Caecilius</strong></span> <span class='ocrx_word' id='word_1_180' title='bbox 1826 2272 1882 2319; x_wconf 90' lang='lat' dir='ltr'><strong>in</strong></span> <span class='ocrx_word' id='word_1_181' title='bbox 1919 2269 2184 2322; x_wconf 85' lang='lat' dir='ltr'><strong>Imbris:</strong></span> <span class='ocrx_word' id='word_1_182' title='bbox 2233 2274 2360 2336; x_wconf 82' lang='lat' dir='ltr'><strong>age’</strong></span> <span class='ocrx_word' id='word_1_183' title='bbox 2399 2286 2446 2320; x_wconf 92' lang='lat' dir='ltr'><strong>e.</strong></span> <span class='ocrx_word' id='word_1_184' title='bbox 2487 2286 2538 2335; x_wconf 90' lang='lat' dir='ltr'><strong>q.</strong></span> <span class='ocrx_word' id='word_1_185' title='bbox 2579 2285 2620 2319; x_wconf 87' lang='lat' dir='ltr'><strong>s.</strong></span> <span class='ocrx_word' id='word_1_186' title='bbox 2678 2270 2941 2333; x_wconf 88' lang='lat' dir='ltr'><strong>(Imbris</strong></span> 
     </span>
     <span class='ocr_line' id='line_1_22' title="bbox 636 2288 2943 2402; baseline -0.001 -14"><span class='ocrx_word' id='word_1_187' title='bbox 636 2288 949 2389; x_wconf 56' lang='lat' dir='ltr'><strong>{Ieinekius</strong></span> <span class='ocrx_word' id='word_1_188' title='bbox 1006 2339 1044 2390; x_wconf 93' lang='lat'><strong>1.</strong></span> <span class='ocrx_word' id='word_1_189' title='bbox 1091 2337 1126 2387; x_wconf 92' lang='lat' dir='ltr'><strong>l.</strong></span> <span class='ocrx_word' id='word_1_190' title='bbox 1180 2354 1232 2402; x_wconf 87' lang='lat' dir='ltr'><strong>p.</strong></span> <span class='ocrx_word' id='word_1_191' title='bbox 1274 2339 1340 2388; x_wconf 88' lang='grc'><strong>89</strong></span> <span class='ocrx_word' id='word_1_192' title='bbox 1393 2337 1648 2387; x_wconf 87' lang='lat' dir='ltr'><strong>umbris</strong></span> <span class='ocrx_word' id='word_1_193' title='bbox 1695 2337 1846 2400; x_wconf 86' lang='lat' dir='ltr'><strong>libri)</strong></span> <span class='ocrx_word' id='word_1_194' title='bbox 1918 2337 2234 2387; x_wconf 87' lang='lat' dir='ltr'><strong>Thesaurus</strong></span> <span class='ocrx_word' id='word_1_195' title='bbox 2282 2353 2405 2387; x_wconf 90' lang='lat' dir='ltr'><strong>nou.</strong></span> <span class='ocrx_word' id='word_1_196' title='bbox 2452 2338 2579 2388; x_wconf 83' lang='lat' dir='ltr'><strong>Lat.</strong></span> <span class='ocrx_word' id='word_1_197' title='bbox 2626 2338 2682 2387; x_wconf 90' lang='lat' dir='ltr'><strong>in</strong></span> <span class='ocrx_word' id='word_1_198' title='bbox 2726 2339 2788 2388; x_wconf 89' lang='lat' dir='ltr'><strong>A.</strong></span> <span class='ocrx_word' id='word_1_199' title='bbox 2827 2337 2943 2387; x_wconf 81' lang='lat' dir='ltr'><strong>Mai</strong></span> 
     </span>
     <span class='ocr_line' id='line_1_23' title="bbox 639 2404 2942 2469; baseline -0.001 -12"><span class='ocrx_word' id='word_1_200' title='bbox 639 2414 781 2457; x_wconf 81' lang='lat' dir='ltr'><strong>auct.</strong></span> <span class='ocrx_word' id='word_1_201' title='bbox 807 2406 968 2457; x_wconf 86' lang='lat' dir='ltr'><strong>class.</strong></span> <span class='ocrx_word' id='word_1_202' title='bbox 997 2405 1131 2455; x_wconf 90' lang='lat' dir='ltr'>VIII</span> <span class='ocrx_word' id='word_1_203' title='bbox 1158 2408 1258 2456; x_wconf 83' lang='lat'><strong>390</strong></span> <span class='ocrx_word' id='word_1_204' title='bbox 1295 2410 1379 2455; x_wconf 81' lang='lat' dir='ltr'><strong>‘et</strong></span> <span class='ocrx_word' id='word_1_205' title='bbox 1417 2405 1547 2455; x_wconf 88' lang='lat' dir='ltr'><strong>inde</strong></span> <span class='ocrx_word' id='word_1_206' title='bbox 1583 2406 1865 2469; x_wconf 85' lang='lat' dir='ltr'><strong>opipare</strong></span> <span class='ocrx_word' id='word_1_207' title='bbox 1902 2404 2029 2454; x_wconf 88' lang='lat' dir='ltr'><strong>adu.</strong></span> <span class='ocrx_word' id='word_1_208' title='bbox 2070 2407 2153 2454; x_wconf 91' lang='lat' dir='ltr'><strong>·i·</strong></span> <span class='ocrx_word' id='word_1_209' title='bbox 2194 2405 2594 2467; x_wconf 81' lang='lat' dir='ltr'><strong>habundanter,</strong></span> <span class='ocrx_word' id='word_1_210' title='bbox 2631 2405 2776 2455; x_wconf 85' lang='lat' dir='ltr'><strong>unde</strong></span> <span class='ocrx_word' id='word_1_211' title='bbox 2803 2404 2942 2455; x_wconf 86' lang='lat' dir='ltr'><strong>Cae-</strong></span> 
     </span>
     <span class='ocr_line' id='line_1_24' title="bbox 647 2472 2942 2540; baseline -0.001 -17"><span class='ocrx_word' id='word_1_212' title='bbox 647 2474 839 2524; x_wconf 82' lang='lat' dir='ltr'><strong>cilius:</strong></span> <span class='ocrx_word' id='word_1_213' title='bbox 890 2477 1022 2540; x_wconf 82' lang='lat' dir='ltr'><strong>age’</strong></span> <span class='ocrx_word' id='word_1_214' title='bbox 1064 2489 1113 2526; x_wconf 89' lang='lat' dir='ltr'><strong>e.</strong></span> <span class='ocrx_word' id='word_1_215' title='bbox 1156 2489 1206 2539; x_wconf 90' lang='lat' dir='ltr'><strong>q.</strong></span> <span class='ocrx_word' id='word_1_216' title='bbox 1246 2489 1291 2524; x_wconf 89' lang='lat' dir='ltr'><strong>s.</strong></span> <span class='ocrx_word' id='word_1_217' title='bbox 1364 2473 1576 2523; x_wconf 85' lang='lat' dir='ltr'><strong>Ibidem</strong></span> <span class='ocrx_word' id='word_1_218' title='bbox 1620 2475 1718 2523; x_wconf 85' lang='grc'><strong>407</strong></span> <span class='ocrx_word' id='word_1_219' title='bbox 1768 2476 1859 2522; x_wconf 78' lang='lat' dir='ltr'><strong>‘et</strong></span> <span class='ocrx_word' id='word_1_220' title='bbox 1905 2473 2188 2522; x_wconf 90' lang='lat' dir='ltr'><strong>sciendum</strong></span> <span class='ocrx_word' id='word_1_221' title='bbox 2234 2472 2378 2536; x_wconf 90' lang='lat' dir='ltr'><strong>quod</strong></span> <span class='ocrx_word' id='word_1_222' title='bbox 2425 2474 2642 2539; x_wconf 82' lang='lat' dir='ltr'><strong>antiqui</strong></span> <span class='ocrx_word' id='word_1_223' title='bbox 2680 2472 2942 2523; x_wconf 89' lang='lat' dir='ltr'><strong>dicebaut</strong></span> 
     </span>
    </p>
   </div>
   <div class='ocr_carea' id='block_1_7' title="bbox 643 2589 1067 2595">
    <p class='ocr_par' dir='ltr' id='par_1_7' title="bbox 643 2589 1067 2595">
     <span class='ocr_line' id='line_1_25' title="bbox 643 2589 1067 2595; baseline 0 0"><span class='ocrx_word' id='word_1_224' title='bbox 643 2589 1067 2595; x_wconf 95' lang='lat' dir='ltr'><strong> </strong></span> 
     </span>
    </p>
   </div>
   <div class='ocr_carea' id='block_1_8' title="bbox 639 2651 2942 3737">
    <p class='ocr_par' dir='ltr' id='par_1_8' title="bbox 639 2651 2942 3737">
     <span class='ocr_line' id='line_1_26' title="bbox 640 2651 2934 2724; baseline -0.001 -14"><span class='ocrx_word' id='word_1_225' title='bbox 640 2653 869 2710; x_wconf 74' lang='lat' dir='ltr'><strong>Krelalii</strong></span> <span class='ocrx_word' id='word_1_226' title='bbox 912 2651 1132 2708; x_wconf 88' lang='lat' dir='ltr'><strong>sordido</strong></span> <span class='ocrx_word' id='word_1_227' title='bbox 1181 2653 1394 2710; x_wconf 80' lang='lat' dir='ltr'><strong>Veneta</strong></span> <span class='ocrx_word' id='word_1_228' title='bbox 1433 2653 1459 2708; x_wconf 96' lang='grc'><strong>1</strong></span> <span class='ocrx_word' id='word_1_229' title='bbox 1513 2652 1678 2708; x_wconf 87' lang='lat' dir='ltr'><strong>surdo</strong></span> <span class='ocrx_word' id='word_1_230' title='bbox 1712 2655 2080 2709; x_wconf 75' lang='lat' dir='ltr'><strong>coniecerant</strong></span> <span class='ocrx_word' id='word_1_231' title='bbox 2125 2657 2514 2724; x_wconf 78' lang='lat' dir='ltr'><strong>septenarium</strong></span> <span class='ocrx_word' id='word_1_232' title='bbox 2546 2671 2582 2708; x_wconf 87' lang='lat' dir='ltr'><strong>a</strong></span> <span class='ocrx_word' id='word_1_233' title='bbox 2628 2653 2756 2708; x_wconf 75' lang='lat' dir='ltr'><strong>mihi</strong></span> <span class='ocrx_word' id='word_1_234' title='bbox 2797 2670 2934 2723; x_wconf 85' lang='lat' dir='ltr'><strong>pro-</strong></span> 
     </span>
     <span class='ocr_line' id='line_1_27' title="bbox 639 2733 2937 2808; baseline -0.001 -14"><span class='ocrx_word' id='word_1_235' title='bbox 639 2741 866 2798; x_wconf 78' lang='lat' dir='ltr'><strong>nomine</strong></span> <span class='ocrx_word' id='word_1_236' title='bbox 894 2733 1181 2808; x_wconf 68' lang='lat' dir='ltr'><strong>incipiens</strong></span> <span class='ocrx_word' id='word_1_237' title='bbox 1352 2737 1521 2794; x_wconf 87' lang='lat' dir='ltr'><strong>surdo</strong></span> <span class='ocrx_word' id='word_1_238' title='bbox 1557 2737 1686 2792; x_wconf 84' lang='lat' dir='ltr'><strong>mihi</strong></span> <span class='ocrx_word' id='word_1_239' title='bbox 1719 2734 2014 2792; x_wconf 73' lang='lat' dir='ltr'><strong>Dormitum</strong></span> <span class='ocrx_word' id='word_1_240' title='bbox 2046 2737 2466 2794; x_wconf 77' lang='lat' dir='ltr'><strong>Fleckeisenus</strong></span> <span class='ocrx_word' id='word_1_241' title='bbox 2623 2737 2937 2792; x_wconf 82' lang='lat' dir='ltr'><strong>diormitum</strong></span> 
     </span>
     <span class='ocr_line' id='line_1_28' title="bbox 640 2819 2940 2894; baseline -0 -18"><span class='ocrx_word' id='word_1_242' title='bbox 640 2822 677 2893; x_wconf 88' lang='lat' dir='ltr'><strong>(i</strong></span> <span class='ocrx_word' id='word_1_243' title='bbox 719 2839 816 2893; x_wconf 86' lang='lat' dir='ltr'><strong>pr.</strong></span> <span class='ocrx_word' id='word_1_244' title='bbox 864 2821 1044 2890; x_wconf 82' lang='lat' dir='ltr'><strong>eras.)</strong></span> <span class='ocrx_word' id='word_1_245' title='bbox 1101 2820 1267 2877; x_wconf 82' lang='lat' dir='ltr'><strong>Grut.</strong></span> <span class='ocrx_word' id='word_1_246' title='bbox 1323 2822 1588 2877; x_wconf 83' lang='lat' dir='ltr'><strong>domitum</strong></span> <span class='ocrx_word' id='word_1_247' title='bbox 1649 2821 1826 2894; x_wconf 72' lang='lat' dir='ltr'><strong>Sanq.</strong></span> <span class='ocrx_word' id='word_1_248' title='bbox 1998 2820 2190 2876; x_wconf 79' lang='lat' dir='ltr'><strong>suadet</strong></span> <span class='ocrx_word' id='word_1_249' title='bbox 2236 2830 2295 2876; x_wconf 92' lang='lat' dir='ltr'><strong>ut</strong></span> <span class='ocrx_word' id='word_1_250' title='bbox 2341 2838 2455 2877; x_wconf 87' lang='lat' dir='ltr'><strong>eam</strong></span> <span class='ocrx_word' id='word_1_251' title='bbox 2501 2830 2556 2877; x_wconf 86' lang='lat' dir='ltr'><strong>et</strong></span> <span class='ocrx_word' id='word_1_252' title='bbox 2601 2822 2645 2875; x_wconf 87' lang='lat' dir='ltr'><strong>si</strong></span> <span class='ocrx_word' id='word_1_253' title='bbox 2694 2837 2798 2894; x_wconf 82' lang='lat' dir='ltr'><strong>ego</strong></span> <span class='ocrx_word' id='word_1_254' title='bbox 2843 2819 2940 2875; x_wconf 89' lang='lat' dir='ltr'><strong>ob-</strong></span> 
     </span>
     <span class='ocr_line' id='line_1_29' title="bbox 639 2903 2939 2982; baseline -0.001 -22"><span class='ocrx_word' id='word_1_255' title='bbox 639 2906 951 2962; x_wconf 82' lang='lat' dir='ltr'><strong>dormiuero</strong></span> <span class='ocrx_word' id='word_1_256' title='bbox 984 2904 1111 2976; x_wconf 88' lang='lat' dir='ltr'><strong>(om.</strong></span> <span class='ocrx_word' id='word_1_257' title='bbox 1146 2905 1449 2980; x_wconf 87' lang='lat' dir='ltr'><strong>quisquam)</strong></span> <span class='ocrx_word' id='word_1_258' title='bbox 1484 2905 1662 2979; x_wconf 73' lang='lat' dir='ltr'><strong>Sanq.</strong></span> <span class='ocrx_word' id='word_1_259' title='bbox 1712 2903 1902 2960; x_wconf 83' lang='lat' dir='ltr'><strong>suadet</strong></span> <span class='ocrx_word' id='word_1_260' title='bbox 1933 2903 2148 2982; x_wconf 69' lang='lat' dir='ltr'><strong>(suadet</strong></span> <span class='ocrx_word' id='word_1_261' title='bbox 2176 2904 2376 2978; x_wconf 81' lang='lat' dir='ltr'><strong>Halb.)</strong></span> <span class='ocrx_word' id='word_1_262' title='bbox 2401 2914 2462 2960; x_wconf 90' lang='lat' dir='ltr'><strong>ut</strong></span> <span class='ocrx_word' id='word_1_263' title='bbox 2493 2922 2606 2960; x_wconf 84' lang='lat' dir='ltr'><strong>eam</strong></span> <span class='ocrx_word' id='word_1_264' title='bbox 2656 2905 2939 2978; x_wconf 82' lang='lat' dir='ltr'><strong>quisquam</strong></span> 
     </span>
     <span class='ocr_line' id='line_1_30' title="bbox 640 2988 2940 3064; baseline -0 -19"><span class='ocrx_word' id='word_1_265' title='bbox 640 2989 895 3064; x_wconf 87' lang='lat' dir='ltr'><strong>(quisque</strong></span> <span class='ocrx_word' id='word_1_266' title='bbox 941 2989 1126 3046; x_wconf 83' lang='lat' dir='ltr'><strong>Barb.</strong></span> <span class='ocrx_word' id='word_1_267' title='bbox 1176 2990 1446 3060; x_wconf 85' lang='lat' dir='ltr'><strong>Carolir.)</strong></span> <span class='ocrx_word' id='word_1_268' title='bbox 1502 2998 1556 3045; x_wconf 87' lang='lat' dir='ltr'><strong>ct</strong></span> <span class='ocrx_word' id='word_1_269' title='bbox 1600 2992 1648 3045; x_wconf 88' lang='lat' dir='ltr'><strong>si</strong></span> <span class='ocrx_word' id='word_1_270' title='bbox 1704 3006 1808 3063; x_wconf 82' lang='lat' dir='ltr'><strong>ego</strong></span> <span class='ocrx_word' id='word_1_271' title='bbox 1855 2988 2238 3046; x_wconf 85' lang='lat' dir='ltr'><strong>obdormiuero</strong></span> <span class='ocrx_word' id='word_1_272' title='bbox 2296 2989 2663 3062; x_wconf 79' lang='lat' dir='ltr'><strong>(obdormiero</strong></span> <span class='ocrx_word' id='word_1_273' title='bbox 2714 2989 2940 3058; x_wconf 87' lang='lat' dir='ltr'><strong>Bamb.)</strong></span> 
     </span>
     <span class='ocr_line' id='line_1_31' title="bbox 641 3073 2939 3148; baseline 0 -18"><span class='ocrx_word' id='word_1_274' title='bbox 641 3078 821 3132; x_wconf 81' lang='lat' dir='ltr'><strong>ceteri</strong></span> <span class='ocrx_word' id='word_1_275' title='bbox 877 3076 1037 3146; x_wconf 86' lang='lat' dir='ltr'><strong>boni,</strong></span> <span class='ocrx_word' id='word_1_276' title='bbox 1094 3090 1239 3148; x_wconf 83' lang='lat' dir='ltr'><strong>quos</strong></span> <span class='ocrx_word' id='word_1_277' title='bbox 1283 3074 1702 3130; x_wconf 77' lang='lat' dir='ltr'><strong>Fleckeisenus</strong></span> <span class='ocrx_word' id='word_1_278' title='bbox 1757 3081 1812 3130; x_wconf 83' lang='lat' dir='ltr'><strong>et</strong></span> <span class='ocrx_word' id='word_1_279' title='bbox 1856 3073 2255 3131; x_wconf 78' lang='lat' dir='ltr'><strong>Buechelerus</strong></span> <span class='ocrx_word' id='word_1_280' title='bbox 2298 3080 2609 3130; x_wconf 78' lang='lat' dir='ltr'><strong>secuntur.-</strong></span> <span class='ocrx_word' id='word_1_281' title='bbox 2673 3081 2939 3145; x_wconf 83' lang='lat' dir='ltr'><strong>transpo-</strong></span> 
     </span>
     <span class='ocr_line' id='line_1_32' title="bbox 641 3157 2942 3231; baseline -0.002 -15"><span class='ocrx_word' id='word_1_282' title='bbox 641 3162 765 3216; x_wconf 78' lang='lat' dir='ltr'><strong>sitis</strong></span> <span class='ocrx_word' id='word_1_283' title='bbox 809 3160 1003 3215; x_wconf 84' lang='lat' dir='ltr'><strong>uerbis</strong></span> <span class='ocrx_word' id='word_1_284' title='bbox 1033 3166 1314 3216; x_wconf 80' lang='lat' dir='ltr'><strong>accentus</strong></span> <span class='ocrx_word' id='word_1_285' title='bbox 1344 3163 1589 3215; x_wconf 75' lang='lat' dir='ltr'><strong>correxi</strong></span> <span class='ocrx_word' id='word_1_286' title='bbox 1600 3201 1616 3229; x_wconf 84' lang='lat'>‚</span> <span class='ocrx_word' id='word_1_287' title='bbox 1662 3174 1774 3214; x_wconf 82' lang='lat' dir='ltr'><strong>nec</strong></span> <span class='ocrx_word' id='word_1_288' title='bbox 1818 3157 2010 3213; x_wconf 82' lang='lat' dir='ltr'><strong>suadet</strong></span> <span class='ocrx_word' id='word_1_289' title='bbox 2040 3161 2323 3231; x_wconf 85' lang='lat' dir='ltr'><strong>quisquam</strong></span> <span class='ocrx_word' id='word_1_290' title='bbox 2355 3166 2415 3213; x_wconf 88' lang='lat' dir='ltr'><strong>ut</strong></span> <span class='ocrx_word' id='word_1_291' title='bbox 2445 3174 2560 3212; x_wconf 85' lang='lat' dir='ltr'><strong>eam</strong></span> <span class='ocrx_word' id='word_1_292' title='bbox 2607 3175 2736 3214; x_wconf 86' lang='lat' dir='ltr'><strong>cum</strong></span> <span class='ocrx_word' id='word_1_293' title='bbox 2779 3160 2942 3214; x_wconf 77' lang='lat' dir='ltr'><strong>hiatu</strong></span> 
     </span>
     <span class='ocr_line' id='line_1_33' title="bbox 640 3242 2938 3316; baseline -0.002 -16"><span class='ocrx_word' id='word_1_294' title='bbox 640 3250 861 3300; x_wconf 78' lang='lat' dir='ltr'><strong>mutata</strong></span> <span class='ocrx_word' id='word_1_295' title='bbox 919 3249 1054 3299; x_wconf 81' lang='lat' dir='ltr'><strong>ante</strong></span> <span class='ocrx_word' id='word_1_296' title='bbox 1112 3252 1166 3298; x_wconf 87' lang='lat' dir='ltr'><strong>et</strong></span> <span class='ocrx_word' id='word_1_297' title='bbox 1215 3258 1473 3315; x_wconf 82' lang='lat' dir='ltr'><strong>persona</strong></span> <span class='ocrx_word' id='word_1_298' title='bbox 1531 3242 1839 3314; x_wconf 78' lang='lat' dir='ltr'><strong>satisfecit.</strong></span> <span class='ocrx_word' id='word_1_299' title='bbox 1896 3251 1954 3297; x_wconf 84' lang='lat' dir='ltr'><strong>ut</strong></span> <span class='ocrx_word' id='word_1_300' title='bbox 1999 3259 2114 3298; x_wconf 86' lang='lat' dir='ltr'><strong>eam</strong></span> <span class='ocrx_word' id='word_1_301' title='bbox 2162 3244 2392 3316; x_wconf 86' lang='lat' dir='ltr'><strong>quisque</strong></span> <span class='ocrx_word' id='word_1_302' title='bbox 2438 3243 2755 3298; x_wconf 80' lang='lat' dir='ltr'><strong>moechetur</strong></span> <span class='ocrx_word' id='word_1_303' title='bbox 2799 3250 2855 3298; x_wconf 87' lang='lat' dir='ltr'><strong>et</strong></span> <span class='ocrx_word' id='word_1_304' title='bbox 2895 3243 2938 3296; x_wconf 87' lang='lat' dir='ltr'><strong>si</strong></span> 
     </span>
     <span class='ocr_line' id='line_1_34' title="bbox 641 3326 2938 3402; baseline -0.002 -19"><span class='ocrx_word' id='word_1_305' title='bbox 641 3345 747 3402; x_wconf 82' lang='lat' dir='ltr'><strong>ego</strong></span> <span class='ocrx_word' id='word_1_306' title='bbox 794 3326 1176 3383; x_wconf 87' lang='lat' dir='ltr'><strong>obdormiuero</strong></span> <span class='ocrx_word' id='word_1_307' title='bbox 1208 3329 1366 3399; x_wconf 84' lang='lat' dir='ltr'><strong>Lips.</strong></span> <span class='ocrx_word' id='word_1_308' title='bbox 1404 3327 1435 3382; x_wconf 91' lang='lat'>1</span> <span class='ocrx_word' id='word_1_309' title='bbox 1485 3327 1629 3382; x_wconf 80' lang='lat' dir='ltr'><strong>Mihi</strong></span> <span class='ocrx_word' id='word_1_310' title='bbox 1656 3328 1786 3383; x_wconf 85' lang='lat' dir='ltr'><strong>olim</strong></span> <span class='ocrx_word' id='word_1_311' title='bbox 1832 3327 2120 3400; x_wconf 81' lang='lat' dir='ltr'><strong>quisquam</strong></span> <span class='ocrx_word' id='word_1_312' title='bbox 2150 3328 2456 3383; x_wconf 78' lang='lat' dir='ltr'><strong>uidebatur</strong></span> <span class='ocrx_word' id='word_1_313' title='bbox 2493 3343 2571 3382; x_wconf 75' lang='lat' dir='ltr'><strong>ex</strong></span> <span class='ocrx_word' id='word_1_314' title='bbox 2617 3328 2938 3400; x_wconf 81' lang='lat' dir='ltr'><strong>nequiquam</strong></span> 
     </span>
     <span class='ocr_line' id='line_1_35' title="bbox 643 3410 2936 3484; baseline -0.002 -16"><span class='ocrx_word' id='word_1_315' title='bbox 643 3417 1155 3484; x_wconf 78' lang='lat' dir='ltr'><strong>interpretamento</strong></span> <span class='ocrx_word' id='word_1_316' title='bbox 1205 3416 1365 3469; x_wconf 86' lang='lat' dir='ltr'><strong>uocis</strong></span> <span class='ocrx_word' id='word_1_317' title='bbox 1410 3410 1577 3467; x_wconf 85' lang='lat' dir='ltr'><strong>surdo</strong></span> <span class='ocrx_word' id='word_1_318' title='bbox 1635 3419 1821 3468; x_wconf 83' lang='lat' dir='ltr'><strong>ortam</strong></span> <span class='ocrx_word' id='word_1_319' title='bbox 1879 3426 2038 3474; x_wconf 56' lang='lat' dir='ltr'><strong>essen</strong></span> <span class='ocrx_word' id='word_1_320' title='bbox 2091 3416 2300 3468; x_wconf 88' lang='lat' dir='ltr'><strong>omissa</strong></span> <span class='ocrx_word' id='word_1_321' title='bbox 2346 3413 2461 3467; x_wconf 79' lang='lat' dir='ltr'><strong>hac</strong></span> <span class='ocrx_word' id='word_1_322' title='bbox 2507 3413 2725 3484; x_wconf 77' lang='lat' dir='ltr'><strong>elego</strong></span> <span class='ocrx_word' id='word_1_323' title='bbox 2767 3427 2936 3481; x_wconf 86' lang='lat' dir='ltr'><strong>pron.</strong></span> 
     </span>
     <span class='ocr_line' id='line_1_36' title="bbox 644 3492 2940 3569; baseline -0.003 -17"><span class='ocrx_word' id='word_1_324' title='bbox 644 3499 867 3569; x_wconf 82' lang='lat' dir='ltr'><strong>reliqua</strong></span> <span class='ocrx_word' id='word_1_325' title='bbox 916 3498 1201 3552; x_wconf 84' lang='lat' dir='ltr'><strong>commode</strong></span> <span class='ocrx_word' id='word_1_326' title='bbox 1256 3501 1342 3553; x_wconf 84' lang='lat' dir='ltr'><strong>sic</strong></span> <span class='ocrx_word' id='word_1_327' title='bbox 1388 3503 1730 3552; x_wconf 80' lang='lat' dir='ltr'><strong>currerent.-</strong></span> <span class='ocrx_word' id='word_1_328' title='bbox 1776 3496 1905 3550; x_wconf 86' lang='lat' dir='ltr'><strong>mihi</strong></span> <span class='ocrx_word' id='word_1_329' title='bbox 1951 3494 2243 3552; x_wconf 89' lang='lat' dir='ltr'><strong>dormitum</strong></span> <span class='ocrx_word' id='word_1_330' title='bbox 2289 3494 2481 3552; x_wconf 78' lang='lat' dir='ltr'><strong>suadet</strong></span> <span class='ocrx_word' id='word_1_331' title='bbox 2527 3504 2587 3549; x_wconf 93' lang='lat' dir='ltr'><strong>ut</strong></span> <span class='ocrx_word' id='word_1_332' title='bbox 2632 3511 2747 3550; x_wconf 86' lang='lat' dir='ltr'><strong>eam</strong></span> <span class='ocrx_word' id='word_1_333' title='bbox 2792 3492 2940 3566; x_wconf 84' lang='lat' dir='ltr'><strong>quis·</strong></span> 
     </span>
     <span class='ocr_line' id='line_1_37' title="bbox 644 3578 2940 3654; baseline -0 -19"><span class='ocrx_word' id='word_1_334' title='bbox 644 3581 841 3654; x_wconf 78' lang='lat' dir='ltr'><strong>quam?</strong></span> <span class='ocrx_word' id='word_1_335' title='bbox 931 3581 1131 3637; x_wconf 79' lang='lat' dir='ltr'><strong>Eiecto</strong></span> <span class='ocrx_word' id='word_1_336' title='bbox 1188 3581 1470 3654; x_wconf 87' lang='lat' dir='ltr'><strong>quisquam</strong></span> <span class='ocrx_word' id='word_1_337' title='bbox 1528 3584 1697 3636; x_wconf 78' lang='lat' dir='ltr'><strong>etiam</strong></span> <span class='ocrx_word' id='word_1_338' title='bbox 1754 3579 1948 3635; x_wconf 82' lang='lat' dir='ltr'><strong>suades</strong></span> <span class='ocrx_word' id='word_1_339' title='bbox 2004 3583 2062 3634; x_wconf 85' lang='lat' dir='ltr'><strong>in</strong></span> <span class='ocrx_word' id='word_1_340' title='bbox 2118 3588 2358 3637; x_wconf 76' lang='lat' dir='ltr'><strong>mentem</strong></span> <span class='ocrx_word' id='word_1_341' title='bbox 2417 3583 2591 3635; x_wconf 76' lang='lat' dir='ltr'><strong>uenit.</strong></span> <span class='ocrx_word' id='word_1_342' title='bbox 2695 3578 2940 3651; x_wconf 83' lang='lat' dir='ltr'><strong>Reliqua</strong></span> 
     </span>
     <span class='ocr_line' id='line_1_38' title="bbox 644 3666 2754 3737; baseline -0 -17"><span class='ocrx_word' id='word_1_343' title='bbox 644 3674 698 3720; x_wconf 87' lang='lat' dir='ltr'><strong>et</strong></span> <span class='ocrx_word' id='word_1_344' title='bbox 743 3667 789 3720; x_wconf 84' lang='lat' dir='ltr'><strong>si</strong></span> <span class='ocrx_word' id='word_1_345' title='bbox 835 3681 884 3721; x_wconf 83' lang='lat' dir='ltr'><strong>e.</strong></span> <span class='ocrx_word' id='word_1_346' title='bbox 931 3684 986 3736; x_wconf 82' lang='lat' dir='ltr'><strong>q.</strong></span> <span class='ocrx_word' id='word_1_347' title='bbox 1035 3681 1078 3720; x_wconf 87' lang='lat' dir='ltr'><strong>s.</strong></span> <span class='ocrx_word' id='word_1_348' title='bbox 1125 3666 1318 3722; x_wconf 82' lang='lat' dir='ltr'><strong>dubito</strong></span> <span class='ocrx_word' id='word_1_349' title='bbox 1365 3674 1557 3722; x_wconf 81' lang='lat' dir='ltr'><strong>atrum</strong></span> <span class='ocrx_word' id='word_1_350' title='bbox 1602 3667 1852 3720; x_wconf 80' lang='lat' dir='ltr'><strong>eiusdem</strong></span> <span class='ocrx_word' id='word_1_351' title='bbox 1898 3682 1976 3719; x_wconf 89' lang='lat' dir='ltr'><strong>an</strong></span> <span class='ocrx_word' id='word_1_352' title='bbox 2022 3666 2266 3721; x_wconf 80' lang='lat' dir='ltr'><strong>alterius</strong></span> <span class='ocrx_word' id='word_1_353' title='bbox 2305 3681 2599 3737; x_wconf 80' lang='lat' dir='ltr'><strong>personae</strong></span> <span class='ocrx_word' id='word_1_354' title='bbox 2643 3667 2754 3720; x_wconf 83' lang='lat' dir='ltr'><strong>sint</strong></span> 
     </span>
    </p>
   </div>
   <div class='ocr_carea' id='block_1_9' title="bbox 646 3747 2943 3992">
    <p class='ocr_par' dir='ltr' id='par_1_9' title="bbox 646 3747 2943 3992">
     <span class='ocr_line' id='line_1_39' title="bbox 646 3747 2942 3822; baseline -0.002 -15"><span class='ocrx_word' id='word_1_355' title='bbox 646 3749 722 3807; x_wconf 85' lang='lat'><strong>97</strong></span> <span class='ocrx_word' id='word_1_356' title='bbox 773 3758 888 3805; x_wconf 89' lang='lat' dir='ltr'><strong>tute</strong></span> <span class='ocrx_word' id='word_1_357' title='bbox 934 3761 995 3803; x_wconf 82' lang='grc' dir='ltr'>Ξ</span> <span class='ocrx_word' id='word_1_358' title='bbox 1043 3748 1186 3805; x_wconf 89' lang='lat' dir='ltr'><strong>ldem</strong></span> <span class='ocrx_word' id='word_1_359' title='bbox 1232 3752 1416 3806; x_wconf 87' lang='lat' dir='ltr'><strong>Barb.</strong></span> <span class='ocrx_word' id='word_1_360' title='bbox 1471 3757 1620 3820; x_wconf 86' lang='lat' dir='ltr'><strong>tute,</strong></span> <span class='ocrx_word' id='word_1_361' title='bbox 1668 3766 1795 3821; x_wconf 80' lang='lat' dir='ltr'><strong>sap.</strong></span> <span class='ocrx_word' id='word_1_362' title='bbox 1842 3747 2010 3817; x_wconf 87' lang='lat' dir='ltr'><strong>idem,</strong></span> <span class='ocrx_word' id='word_1_363' title='bbox 2060 3749 2243 3822; x_wconf 73' lang='lat' dir='ltr'><strong>Bony.</strong></span> <span class='ocrx_word' id='word_1_364' title='bbox 2421 3748 2639 3804; x_wconf 86' lang='lat' dir='ltr'><strong>uberius</strong></span> <span class='ocrx_word' id='word_1_365' title='bbox 2681 3765 2836 3805; x_wconf 88' lang='lat' dir='ltr'><strong>corr.</strong></span> <span class='ocrx_word' id='word_1_366' title='bbox 2885 3752 2942 3804; x_wconf 84' lang='lat' dir='ltr'><strong>in</strong></span> 
     </span>
     <span class='ocr_line' id='line_1_40' title="bbox 648 3832 2941 3908; baseline -0.002 -19"><span class='ocrx_word' id='word_1_367' title='bbox 648 3834 736 3889; x_wconf 89' lang='lat' dir='ltr'><strong>ubi</strong></span> <span class='ocrx_word' id='word_1_368' title='bbox 781 3835 889 3889; x_wconf 84' lang='lat' dir='ltr'><strong>eris</strong></span> <span class='ocrx_word' id='word_1_369' title='bbox 922 3836 1063 3908; x_wconf 73' lang='lat' dir='ltr'><strong>Req.</strong></span> <span class='ocrx_word' id='word_1_370' title='bbox 1110 3834 1181 3890; x_wconf 82' lang='lat' dir='ltr'><strong>ihi</strong></span> <span class='ocrx_word' id='word_1_371' title='bbox 1227 3837 1335 3890; x_wconf 83' lang='lat' dir='ltr'><strong>eris</strong></span> <span class='ocrx_word' id='word_1_372' title='bbox 1374 3835 1689 3890; x_wconf 76' lang='lat' dir='ltr'><strong>Patsclzius</strong></span> <span class='ocrx_word' id='word_1_373' title='bbox 1861 3833 1938 3889; x_wconf 90' lang='grc'><strong>99</strong></span> <span class='ocrx_word' id='word_1_374' title='bbox 1987 3832 2204 3907; x_wconf 84' lang='lat' dir='ltr'><strong>obstipo</strong></span> <span class='ocrx_word' id='word_1_375' title='bbox 2253 3834 2522 3906; x_wconf 82' lang='lat' dir='ltr'><strong>Gifanius</strong></span> <span class='ocrx_word' id='word_1_376' title='bbox 2568 3832 2771 3889; x_wconf 84' lang='lat' dir='ltr'><strong>obstito</strong></span> <span class='ocrx_word' id='word_1_377' title='bbox 2820 3834 2941 3890; x_wconf 83' lang='lat' dir='ltr'><strong>cod.</strong></span> 
     </span>
     <span class='ocr_line' id='line_1_41' title="bbox 817 3916 2943 3992; baseline 0 -21"><span class='ocrx_word' id='word_1_378' title='bbox 817 3919 1053 3975; x_wconf 84' lang='lat' dir='ltr'><strong>tunicula</strong></span> <span class='ocrx_word' id='word_1_379' title='bbox 1120 3919 1358 3975; x_wconf 80' lang='lat' dir='ltr'><strong>Vrsinus</strong></span> <span class='ocrx_word' id='word_1_380' title='bbox 1401 3916 1647 3973; x_wconf 89' lang='lat' dir='ltr'><strong>cunicula</strong></span> <span class='ocrx_word' id='word_1_381' title='bbox 1691 3920 1816 3974; x_wconf 84' lang='lat' dir='ltr'><strong>cod.</strong></span> <span class='ocrx_word' id='word_1_382' title='bbox 1995 3918 2116 3975; x_wconf 92' lang='grc'><strong>100</strong></span> <span class='ocrx_word' id='word_1_383' title='bbox 2173 3935 2273 3991; x_wconf 82' lang='lat' dir='ltr'><strong>age</strong></span> <span class='ocrx_word' id='word_1_384' title='bbox 2329 3935 2428 3992; x_wconf 82' lang='lat' dir='ltr'><strong>age</strong></span> <span class='ocrx_word' id='word_1_385' title='bbox 2483 3920 2497 3972; x_wconf 89' lang='lat' dir='ltr'><strong>i</strong></span> <span class='ocrx_word' id='word_1_386' title='bbox 2554 3935 2721 3990; x_wconf 82' lang='lat' dir='ltr'><strong>puere</strong></span> <span class='ocrx_word' id='word_1_387' title='bbox 2785 3918 2943 3974; x_wconf 82' lang='lat' dir='ltr'><strong>Vind.</strong></span> 
     </span>
    </p>
   </div>
   <div class='ocr_carea' id='block_1_10' title="bbox 645 4001 2945 4396">
    <p class='ocr_par' dir='ltr' id='par_1_10' title="bbox 645 4001 2945 4396">
     <span class='ocr_line' id='line_1_42' title="bbox 648 4001 2945 4076; baseline -0.002 -17"><span class='ocrx_word' id='word_1_388' title='bbox 648 4002 823 4075; x_wconf 73' lang='lat' dir='ltr'><strong>Sany.</strong></span> <span class='ocrx_word' id='word_1_389' title='bbox 874 4001 1119 4059; x_wconf 83' lang='lat' dir='ltr'><strong>Carolir.</strong></span> <span class='ocrx_word' id='word_1_390' title='bbox 1168 4012 1222 4058; x_wconf 83' lang='lat' dir='ltr'><strong>el</strong></span> <span class='ocrx_word' id='word_1_391' title='bbox 1266 4006 1378 4059; x_wconf 86' lang='lat' dir='ltr'><strong>nisi</strong></span> <span class='ocrx_word' id='word_1_392' title='bbox 1406 4003 1561 4075; x_wconf 81' lang='lat' dir='ltr'><strong>quod</strong></span> <span class='ocrx_word' id='word_1_393' title='bbox 1600 4018 1798 4075; x_wconf 85' lang='lat' dir='ltr'><strong>puerae</strong></span> <span class='ocrx_word' id='word_1_394' title='bbox 1833 4001 1996 4058; x_wconf 82' lang='lat' dir='ltr'><strong>Grut.</strong></span> <span class='ocrx_word' id='word_1_395' title='bbox 2046 4018 2148 4075; x_wconf 79' lang='lat' dir='ltr'><strong>age</strong></span> <span class='ocrx_word' id='word_1_396' title='bbox 2191 4019 2292 4076; x_wconf 78' lang='lat' dir='ltr'><strong>age</strong></span> <span class='ocrx_word' id='word_1_397' title='bbox 2337 4018 2505 4075; x_wconf 81' lang='lat' dir='ltr'><strong>puere</strong></span> <span class='ocrx_word' id='word_1_398' title='bbox 2553 4001 2741 4074; x_wconf 86' lang='lat' dir='ltr'><strong>(puere</strong></span> <span class='ocrx_word' id='word_1_399' title='bbox 2773 4003 2945 4058; x_wconf 81' lang='lat' dir='ltr'><strong>semel</strong></span> 
     </span>
     <span class='ocr_line' id='line_1_43' title="bbox 646 4085 2942 4160; baseline -0.002 -19"><span class='ocrx_word' id='word_1_400' title='bbox 646 4103 799 4142; x_wconf 87' lang='lat' dir='ltr'><strong>cras.</strong></span> <span class='ocrx_word' id='word_1_401' title='bbox 848 4090 907 4143; x_wconf 82' lang='lat' dir='ltr'><strong>in</strong></span> <span class='ocrx_word' id='word_1_402' title='bbox 939 4085 1146 4160; x_wconf 74' lang='lat' dir='ltr'><strong>Bony.)</strong></span> <span class='ocrx_word' id='word_1_403' title='bbox 1193 4091 1376 4142; x_wconf 79' lang='lat' dir='ltr'><strong>ceteri</strong></span> <span class='ocrx_word' id='word_1_404' title='bbox 1418 4088 1581 4143; x_wconf 82' lang='lat' dir='ltr'><strong>codd.</strong></span> <span class='ocrx_word' id='word_1_405' title='bbox 1613 4087 1909 4143; x_wconf 81' lang='lat' dir='ltr'><strong>Prisciani</strong></span> <span class='ocrx_word' id='word_1_406' title='bbox 1950 4102 2051 4159; x_wconf 77' lang='lat' dir='ltr'><strong>age</strong></span> <span class='ocrx_word' id='word_1_407' title='bbox 2099 4101 2198 4159; x_wconf 84' lang='lat' dir='ltr'><strong>age</strong></span> <span class='ocrx_word' id='word_1_408' title='bbox 2244 4103 2380 4159; x_wconf 84' lang='lat' dir='ltr'><strong>puer</strong></span> <span class='ocrx_word' id='word_1_409' title='bbox 2425 4088 2566 4142; x_wconf 76' lang='lat' dir='ltr'><strong>thes.</strong></span> <span class='ocrx_word' id='word_1_410' title='bbox 2608 4085 2732 4141; x_wconf 89' lang='grc'><strong>390</strong></span> <span class='ocrx_word' id='word_1_411' title='bbox 2775 4099 2942 4157; x_wconf 85' lang='lat' dir='ltr'><strong>puere</strong></span> 
     </span>
     <span class='ocr_line' id='line_1_44' title="bbox 646 4169 2942 4245; baseline -0.003 -19"><span class='ocrx_word' id='word_1_412' title='bbox 646 4187 812 4245; x_wconf 85' lang='lat' dir='ltr'><strong>puerc</strong></span> <span class='ocrx_word' id='word_1_413' title='bbox 857 4173 1002 4227; x_wconf 81' lang='lat' dir='ltr'><strong>idem</strong></span> <span class='ocrx_word' id='word_1_414' title='bbox 1046 4170 1168 4227; x_wconf 84' lang='lat'><strong>407</strong></span> <span class='ocrx_word' id='word_1_415' title='bbox 1342 4171 1447 4227; x_wconf 90' lang='lat' dir='ltr'><strong>duc</strong></span> <span class='ocrx_word' id='word_1_416' title='bbox 1490 4187 1641 4227; x_wconf 83' lang='lat' dir='ltr'><strong>unus</strong></span> <span class='ocrx_word' id='word_1_417' title='bbox 1700 4172 1825 4226; x_wconf 81' lang='lat' dir='ltr'><strong>cod.</strong></span> <span class='ocrx_word' id='word_1_418' title='bbox 1889 4169 2205 4243; x_wconf 75' lang='lat' dir='ltr'><strong>Spenqelii‚</strong></span> <span class='ocrx_word' id='word_1_419' title='bbox 2267 4170 2441 4226; x_wconf 89' lang='lat' dir='ltr'><strong>deduc</strong></span> <span class='ocrx_word' id='word_1_420' title='bbox 2501 4170 2643 4225; x_wconf 78' lang='lat' dir='ltr'><strong>thes.</strong></span> <span class='ocrx_word' id='word_1_421' title='bbox 2702 4175 2942 4238; x_wconf 82' lang='lat' dir='ltr'><strong>utroque</strong></span> 
     </span>
     <span class='ocr_line' id='line_1_45' title="bbox 645 4249 2937 4328; baseline -0.004 -17"><span class='ocrx_word' id='word_1_422' title='bbox 645 4258 789 4318; x_wconf 86' lang='lat' dir='ltr'><strong>loco,</strong></span> <span class='ocrx_word' id='word_1_423' title='bbox 834 4258 1005 4328; x_wconf 75' lang='lat' dir='ltr'><strong>yloss.</strong></span> <span class='ocrx_word' id='word_1_424' title='bbox 1046 4254 1288 4311; x_wconf 82' lang='lat' dir='ltr'><strong>Osberni</strong></span> <span class='ocrx_word' id='word_1_425' title='bbox 1331 4256 1466 4311; x_wconf 86' lang='lat' dir='ltr'><strong>duce</strong></span> <span class='ocrx_word' id='word_1_426' title='bbox 1497 4259 1679 4311; x_wconf 80' lang='lat' dir='ltr'><strong>celeri</strong></span> <span class='ocrx_word' id='word_1_427' title='bbox 1719 4256 1853 4310; x_wconf 85' lang='lat' dir='ltr'><strong>libri</strong></span> <span class='ocrx_word' id='word_1_428' title='bbox 1880 4255 2177 4310; x_wconf 80' lang='lat' dir='ltr'><strong>Prisciani</strong></span> <span class='ocrx_word' id='word_1_429' title='bbox 2345 4254 2725 4310; x_wconf 66' lang='lat' dir='ltr'><strong>decomatum</strong></span> <span class='ocrx_word' id='word_1_430' title='bbox 2757 4249 2937 4320; x_wconf 75' lang='lat' dir='ltr'><strong>Bonq.</strong></span> 
     </span>
     <span class='ocr_line' id='line_1_46' title="bbox 646 4339 1632 4396; baseline 0.001 -1"><span class='ocrx_word' id='word_1_431' title='bbox 646 4340 941 4396; x_wconf 79' lang='lat' dir='ltr'><strong>Prisciani</strong></span> <span class='ocrx_word' id='word_1_432' title='bbox 983 4339 1261 4394; x_wconf 81' lang='lat' dir='ltr'><strong>decorauit</strong></span> <span class='ocrx_word' id='word_1_433' title='bbox 1316 4342 1457 4396; x_wconf 74' lang='lat' dir='ltr'><strong>thes,</strong></span> <span class='ocrx_word' id='word_1_434' title='bbox 1509 4339 1632 4396; x_wconf 83' lang='lat'><strong>390</strong></span> 
     </span>
    </p>
   </div>
   <div class='ocr_carea' id='block_1_11' title="bbox 834 4507 861 4529">
    <p class='ocr_par' dir='ltr' id='par_1_11' title="bbox 834 4507 861 4529">
     <span class='ocr_line' id='line_1_47' title="bbox 834 4507 861 4529; baseline 0 0"><span class='ocrx_word' id='word_1_435' title='bbox 834 4507 861 4529; x_wconf 57' lang='lat' dir='ltr'>Q</span> 
     </span>
    </p>
   </div>
  </div>
 </body>
</html>
