3400 5075
617 345 906 399 XXXVIII
1504 342 1543 393 C
1551 340 2032 396 OROLLARIVM

617 534 677 592 p.
728 511 809 573 87
854 508 928 571 K.
1025 506 1041 534 ³
1056 507 1300 587 pudore
1348 504 1733 587 dcsponzto',
1779 528 1910 568 non
1957 506 2310 587 dispoliata,
2358 507 2431 568 ut
2476 506 2543 570 in
2590 506 2779 570 libris
2826 509 2911 570 le-

619 616 814 699 gitur,
873 613 1211 695 scripsisse
1259 611 1582 695 putandus
1638 614 1754 677 est.
1831 636 1903 674 ac
1961 617 2184 675 nostro
2241 635 2491 696 quoque
2557 614 2702 676 loco
2767 636 2913 695 pru-

532 778 539 785 .
618 722 874 785 (lentius
923 720 1195 801 videtur,
1242 718 1541 802 quamvis
1589 720 1687 782 dis
1732 719 2130 801 praepositio
2181 742 2296 801 per
2343 742 2410 782 se
2461 723 2616 802 apta
2662 724 2911 783 senten-

620 830 750 891 tiae
800 826 1002 890 videri
1050 826 1263 909 possit
1309 823 1414 909 (cf.
1456 847 1654 908 supra
1702 825 1780 887 ad
1827 825 2058 888 Naevii
2101 849 2155 889 v.
2186 827 2266 889 57
2318 824 2698 909 disputata),
2745 850 2914 890 com-

621 936 989 998 mendatam
1022 932 1210 995 bonis
1239 932 1427 995 libris
1448 932 1805 1011 &spoliasti
1834 932 2222 1015 scripturam
2245 932 2546 1013 recipere.
2586 933 2916 1018 castigans

617 1041 923 1103 nimirum
986 1043 1171 1121 pater
1236 1039 1440 1101 filium
1509 1038 1910 1100 luxuriosum
1969 1037 2244 1101 ‘meam'
2301 1038 2514 1121 inquit
2570 1038 2736 1102 ‘rem
2803 1043 2918 1102 tua

620 1147 889 1210 libidine
937 1128 1379 1225 (16111111111811’,ι
1415 1148 1487 1207 111
1532 1144 1662 1206 iam
1713 1144 1878 1208 nihil
1927 1145 2059 1207 fere
2100 1145 2396 1208 relictum
2430 1146 2532 1208 sit.
2597 1146 2920 1229 dispolasti

619 1276 751 1317 11οΠ
798 1252 1245 1331 coniecissem,
1291 1250 1418 1313 nisi
1465 1254 1605 1312 tum
1653 1250 1854 1313 etiam
1902 1250 2099 1313 Nonii
2150 1274 2210 1333 p.
2255 1253 2413 1332 480,
2469 1254 2546 1313 12
2595 1275 2724 1315 non
2770 1254 2916 1316 doc-

620 1360 860 1440 trinae,
928 1360 1053 1421 sed
1106 1356 1480 1421 testimonio
1548 1356 1833 1439 aliquam
1901 1357 2090 1420 fidem
2145 1357 2539 1421 habuissem.
2613 1360 2919 1440 diSJmlare

623 1466 873 1529 scilicet
939 1466 1209 1528 verbum
1277 1462 1537 1547 aliquod
1606 1464 1686 1526 ad
1751 1463 1926 1526 illius
1992 1464 2362 1545 interpolare
2426 1465 2916 1529 similitudinem

617 1573 863 1636 factum
915 1571 1075 1635 mihi
1126 1572 1473 1656 fingebam,
1522 1573 1715 1653 atque
1765 1574 1837 1633 ut
1885 1570 2005 1633 hoc
2055 1564 2124 1632 in*
2159 1570 2478 1634 fullonum
2520 1570 2780 1635 officina
2829 1573 2916 1635 vi-

620 1682 807 1743 detur
874 1683 1087 1742 ortum
1147 1701 1316 1760 esse,
1380 1679 1490 1740 ubi
1553 1677 2146 1760 interpolabantur,
2212 1677 2273 1739 h.
2331 1699 2381 1739 e.
2439 1678 2920 1761 refingebantur

621 1786 1195 1867 sarciebanturque
1245 1788 1475 1865 vestes,
1525 1785 1617 1847 sic
1666 1806 1858 1846 sensu
1907 1783 2234 1847 contra-rio
2283 1783 2586 1864 clispolari
2632 1784 2756 1847 dici
2785 1808 2914 1867 ‘po-

619 1893 822 1956 tuisse
880 1914 1043 1974 quae
1102 1891 1167 1953 in
1228 1891 1519 1973 singulas
1576 1889 1851 1952 lacinias
1917 1889 2437 1973 discerperentur
2502 1890 2918 1955 coniciebam.

623 2000 732 2062 sed
781 2004 916 2061 tam
958 2018 1126 2080 vaga
1172 1996 1457 2079 suspicio
1507 2018 1651 2059 cum
1691 1995 1760 2059 in
1801 1997 1942 2059 sola
1977 1995 2178 2061 Nonii
2220 1996 2608 2060 auctoritate
2656 1996 2920 2077 nitatur,

623 2106 803 2169 cuius
872 2104 1168 2185 exempla
1225 2106 1297 2165 ut
1352 2102 1757 2166 alienissima
1823 2104 1904 2165 ab
1966 2103 2078 2165 illa
2136 2103 2697 2185 interpretatione,
2746 2105 2841 2167 ita
2886 2128 2919 2167 e

620 2212 809 2275 libris
868 2210 1191 2290 corruptis
1250 2209 1599 2272 manifesto
1658 2214 1960 2291 excerpta
2010 2214 2179 2287 sunt,
2230 2208 2436 2271 abieci
2494 2213 2703 2273 totam
2753 2211 2918 2275 ario-

622 2318 952 2381 lationem.
993 2314 1313 2378 -Ceterum
1349 2315 1519 2397 apud
1542 2314 1866 2379 Lucilium
1895 2316 2005 2378 lib.
2027 2314 2242 2378 XXVI
2275 2313 2364 2393 (N
2370 2339 2468 2379 on.
2490 2317 2594 2399 97,
2625 2315 2693 2401 6)
2723 2317 2918 2381 libro-

622 2447 767 2487 rum
828 2423 1167 2506 scripturis
1215 2422 1659 2503 dejaeculassere
1707 2425 1772 2484 et
1816 2422 2263 2503 depomdasserc
2320 2425 2540 2504 aperte
2599 2423 2920 2487 indicatur

623 2531 1029 2614 depoclassere
1057 2529 1290 2611 forma,
1319 2528 1387 2592 in
1418 2528 1684 2591 alterius
1709 2551 1932 2592 versus
1965 2528 2140 2591 exitu
2170 2530 2625 2610 depoffdasserc
2652 2530 2918 2595 conicio.

812 2636 932 2700 152
988 2635 1362 2698 Mensuram
1418 2635 1595 2697 hodie
1648 2636 1964 2718 producta
2023 2636 2231 2699 vocali
2290 2657 2324 2699 o
2382 2659 2419 2699 a
2469 2637 2699 2700 Plauto
2748 2641 2919 2701 certe

623 2745 906 2809 nondum
966 2741 1203 2824 ubique
1264 2742 1536 2804 vitatam
1595 2742 1797 2804 fuisse
1845 2742 2281 2806 Buechelerus
2339 2744 2415 2806 de
2473 2743 2584 2807 lat.
2631 2744 2787 2810 decl.
2835 2746 2920 2807 52

627 2851 859 2914 statuit
906 2853 972 2912 et
1021 2848 1327 2910 adversus
1377 2845 1808 2911 Ritschelium
1857 2847 2027 2932 (nov.
2060 2872 2303 2912 excurs.
2337 2850 2541 2912 Plaut.
2573 2849 2600 2911 Ι
2640 2850 2719 2912 91
2758 2850 2919 2933 sqq.)

626 2959 885 3020 firmare
937 2953 1186 3016 studuit
1233 2953 1471 3016 annali.
1519 2953 1771 3036 philoll.
1828 2954 1992 3018 1869
2039 2978 2099 3038 p.
2145 2957 2293 3018 487.
2361 2977 2632 3038 cumque
2679 2955 2919 3019 diserto

626 3062 820 3126 Marii
870 3059 1195 3124 Victorini
1242 3059 1618 3123 testimonio
1676 3060 1920 3123 tradita
1967 3061 2054 3123 sit
2099 3062 2358 3146 longior
2411 3061 2648 3125 hocede'e
2691 3061 2921 3144 forma,

628 3191 821 3252 quam
884 3172 1104 3230 tamen
1171 3165 1304 3228 scio
1365 3188 1496 3229 non
1562 3165 1725 3228 mihi
1787 3170 2037 3230 tantum
2106 3168 2387 3250 dactylis
2453 3168 2663 3252 magis
2725 3192 2916 3252 quam

628 3275 941 3339 scaenicis
986 3272 1273 3336 numeris
1322 3273 1729 3335 commodam
1780 3273 2010 3357 videri,
2059 3275 2282 3356 quidni
2329 3275 2588 3338 brevior
2633 3275 2767 3338 sive
2813 3276 2922 3339 hoc

624 3384 723 3446 die
768 3382 903 3444 sive
958 3380 1167 3443 lenior
1209 3378 1284 3441 ho
1331 3381 1428 3442 clio
1475 3375 1577 3463 (ut
1618 3378 1687 3441 hi
1741 3380 1895 3443 iacet
1932 3380 1999 3443 in
2054 3381 2248 3443 titulo
2307 3379 2445 3442 CIL
2495 3379 2556 3442 Π
2602 3403 2665 3444 11.
2712 3381 2916 3464 3244)

630 3486 976 3570 aliquando
1028 3486 1311 3548 admissa
1358 3486 1600 3549 fuerit?
1659 3490 1829 3550 certe
1869 3491 2129 3570 praeter
2175 3487 2322 3552 illos
2379 3487 2584 3568 10008,
2640 3488 2748 3550 ubi
2807 3491 2921 3551 aut

626 3595 802 3658 hemia
852 3596 965 3656 aut
1016 3591 1253 3656 hocedic
1298 3591 1525 3657 formis
1582 3593 1650 3655 in
1710 3616 1896 3656 versu
1946 3615 2110 3676 opus
2160 3596 2276 3675 est,
2324 3597 2575 3656 restant
2621 3594 2729 3677 qui
2786 3617 2919 3659 non

629 3702 841 3764 minus
891 3699 1084 3763 facile
1133 3698 1301 3763 hanc
1341 3722 1535 3783 quam
1580 3699 1989 3782 propositam
2020 3722 2058 3762 a
2087 3699 2448 3763 Bitschelio
2493 3699 2711 3765 hodied
2754 3700 2919 3764 ferre

631 3807 947 3870 videntur.
1022 3804 1314 3888 Turpilio
1358 3828 1511 3869 vero
1560 3805 1711 3888 quid
1761 3804 1884 3868 hac
1930 3806 1998 3868 in
2047 3828 2114 3868 re
2164 3805 2670 3878 etiam‚licuerit
2706 3807 2917 3871 decer-

630 3935 780 3976 nere
826 3934 1015 3975 nemo
1064 3911 1255 3976 facile
1314 3913 1592 3976 audebit.
1669 3912 1868 3976 Attae
1907 3913 2268 3995 exemplum
2318 3936 2375 3975 v.
2424 3914 2466 3975 4
2514 3935 2605 3996 sq.
2654 3918 2922 3997 propter

630 4042 977 4103 personam
1025 4022 1344 4082 mutatam
1394 4019 1771 4101 ambiguum
1820 4022 1934 4082 est.

814 4125 939 4188 153
987 4126 1139 4189 siem
1187 4124 1640 4199 Quicheratius
1688 4126 1967 4208 receptis
2016 4127 2248 4189 ceteris
2296 4147 2373 4189 ex
2419 4148 2536 4189 1118.
2583 4125 2799 4189 Fabri.

816 4231 941 4295 154
1003 4230 1080 4294 l'n
1139 4231 1537 4313 anapaestiS‚
1592 4253 1752 4314 quos
1799 4232 1866 4295 in
1914 4231 2332 4296 adnotatione
2389 4231 2725 4314 proposui,
2787 4251 2917 4293 non

633 4336 1107 4421 commendavi,
1154 4338 1451 4418 quidnam
1501 4360 1617 4420 pro
1666 4338 1951 4421 simplici
1996 4340 2149 4419 quid
2191 4337 2530 4420 legendum
2580 4339 2694 4398 est.
