3400 5075
570 257 576 263 -
681 314 809 386 208
1601 315 1669 374 1..
1709 310 2069 373 Ammvs

1799 476 1866 541 H

857 593 1171 658 Maiorem
1216 594 1472 658 laudem
1519 594 1715 678 quam
1761 593 2050 657 laborem
2096 592 2425 657 iuuenem.

1640 706 2017 774 TITVLVS

681 825 812 890 335
856 821 1153 910 'Adpetis
1200 825 1603 889 domimitum
1624 907 1628 912 ἢ
1650 825 1915 888 demens
1960 825 2367 907 praemature
2413 824 2805 906 praecocem.

1686 938 1962 1004 VIRGO

1738 1054 1770 1118 1
1818 1051 1919 1140 (3)

2050 1143 2251 1207 ferme
2296 1140 2539 1227 uirgini

858 1259 999 1325 Iam
1045 1260 1273 1324 crescit
1316 1263 1537 1324 uterus
1583 1261 1719 1324 tam
1766 1281 1960 1343 quam
2008 1258 2313 1343 grauidae
2358 1258 2628 1323 mulieri.

861 1372 897 1445 ΙΓ
938 1375 1299 1440 Molucrum
1345 1379 1644 1459 uocatur,
1689 1374 1929 1439 transit
1973 1375 2111 1438 sine
2158 1374 2505 1439 doloribus,

1719 1489 1787 1555 Π
1834 1487 1936 1577 (6)

1984 1578 2201 1642 uerbis
2246 1578 2540 1661 pauculis

683 1694 815 1761 340
860 1692 1223 1778 Respondit
1268 1694 1474 1758 tristis
1520 1695 1678 1759 uoce
1726 1692 2001 1758 deducta.
2044 1694 2233 1778 mihi,

858 1809 1138 1892 Alteque
1186 1832 1253 1874 se
1300 1810 1677 1893 conquiesse
1724 1809 1901 1873 dixit.

818 1988 873 2038 11
906 1987 1181 2037 Ausonius
1205 1986 1636 2052 Technopaegn.
1663 1987 1769 2038 XII
1803 1986 1981 2051 praef.
2014 1979 2155 2037 ‘scio
2181 1986 2314 2038 mihi
2340 1988 2487 2053 apud
2516 1988 2655 2039 alios
2692 2004 2787 2053 pro
2824 1987 2977 2039 labo·

680 2057 758 2106 ris
783 2056 1005 2106 modulo
1041 2055 1263 2104 laudem
1302 2070 1410 2103 non
1444 2070 1605 2120 posse
1643 2054 1969 2119 procedere:
2006 2071 2167 2121 quam
2192 2061 2380 2105 tamen
2404 2057 2537 2105 situ
2564 2056 2875 2119 indulseris,
2914 2060 2978 2105 ut

683 2127 766 2174 ait
800 2123 1067 2173 Afranius
1102 2123 1159 2172 in
1195 2122 1440 2182 Thaide,
1477 2123 1759 2172 maiorem'
1798 2139 1845 2173 e.
1884 2139 1934 2188 q.
1976 2138 2020 2173 s.

816 2192 1068 2241 'Pi‘rvnvs
1139 2188 1352 2239 Gellius
1376 2188 1497 2246 XII.
1524 2192 1558 2240 8
1586 2182 1733 2240 ‘cum
1769 2189 2186 2256 significandum
2213 2196 2400 2241 autem
2439 2196 2525 2241 est
2560 2191 2805 2241 coactius
2843 2190 2973 2255 quid

682 2258 894 2310 factum
919 2265 976 2308 et
1002 2257 1388 2319 festinantius,
1425 2264 1537 2306 tum
1561 2259 1767 2308 rectius
1803 2261 2231 2322 praemature
2268 2259 2477 2309 factum
2504 2260 2559 2308 id
2584 2258 2787 2309 dicitur
2813 2273 2973 2323 quam

683 2334 920 2377 mature:
967 2326 1135 2376 sicuti
1180 2325 1445 2374 Afranius
1489 2324 1631 2374 dixit
1677 2326 1734 2373 in
1780 2332 2046 2390 togata,
2096 2329 2202 2376 cui
2238 2325 2512 2376 Titulus
2558 2342 2793 2376 nomen
2839 2332 2970 2379 est:

681 2395 926 2460 adpetis’
954 2410 1001 2444 e.
1026 2410 1079 2458 q.
1103 2408 1149 2445 s.
1218 2394 1307 2442 ‘In
1345 2407 1451 2457 quo
1478 2408 1640 2442 uersu
1668 2393 2213 2443 animaduertendum
2241 2400 2353 2458 est,
2393 2394 2537 2458 quod
2575 2409 2975 2458 praecocem

680 2464 886 2526 inquit,
924 2477 1031 2510 non
1067 2475 1458 2525 praecoquem:
1498 2467 1585 2510 est
1621 2460 1764 2509 enim
1803 2475 1967 2510 casus
1991 2462 2110 2510 eius
2134 2467 2323 2512 rectus
2347 2478 2456 2512 non
2494 2463 2838 2526 praecoquis,
2877 2460 2976 2510 sed

680 2530 954 2596 praecox)
1025 2527 1232 2578 Eadem
1255 2526 1366 2577 fere
1392 2527 1704 2578 Macrobius
1731 2528 1851 2579 Sat.
1879 2527 1955 2579 VI
1979 2530 2029 2591 8,
2058 2532 2137 2580 13.
2184 2530 2436 2580 titulus
2472 2545 2704 2579 nomen
2741 2527 2977 2590 Gellius,

682 2599 810 2647 libri
847 2597 1093 2663 plerique
1134 2595 1278 2660 apud
1315 2594 1677 2645 Muci-obium.
1741 2597 1988 2647 titulus
2026 2602 2190 2647 nom’
2229 2597 2432 2647 Salisb.
2483 2597 2729 2647 titulus
2766 2589 2977 2662 νόμος

681 2666 806 2715 Par.
834 2680 867 2713 a
902 2665 1252 2730 (quamquam
1277 2662 1414 2712 nihil
1442 2668 1679 2712 testatur
1716 2663 2113 2728 Eyssenhardt)
2153 2665 2402 2715 titulus
2437 2656 2648 2729 νομός
2675 2665 2977 2715 PontanuS.

683 2732 931 2782 titulus
966 2731 1171 2780 Omen
1205 2728 1352 2779 haud
1389 2728 1650 2795 displicet
1684 2732 1847 2793 Iano,
1894 2732 2055 2781 unice
2092 2748 2281 2782 uerum
2328 2745 2451 2782 esse
2490 2739 2598 2781 tam
2638 2731 2978 2781 confidenter

683 2816 846 2864 quam
882 2798 1243 2863 inprudenter
1279 2796 1533 2847 adfirmat
1567 2798 1843 2862 Bergkius
1878 2797 2085 2852 anuall.
2116 2799 2327 2865 philoll.
2367 2801 2498 2850 1870
2535 2816 2586 2864 p.
2622 2802 2740 2850 846.
2789 2800 2977 2849 Titn-

681 2869 786 2918 lus
823 2870 922 2929 fise.
958 2864 1175 2915 ‘tabula
1211 2867 1532 2926 auctionis’)
1568 2870 1624 2914 et
1665 2867 1909 2916 Auctio
1955 2867 2205 2917 eiusdem
2251 2866 2477 2917 fabulae
2524 2867 2746 2916 nomina
2782 2865 2974 2915 uiden-

685 2944 773 2985 tur
809 2937 889 2988 Io.
928 2932 1049 2988 val.
1084 2932 1380 2982 Franckio.
1450 2932 1613 2983 Pauli
1649 2934 1717 2983 de
1754 2933 1988 2983 titulis
2026 2950 2089 2984 ex
2128 2936 2298 2985 Festo
2336 2941 2648 2999 excerptum
2684 2950 2735 2998 p.
2768 2934 2867 2983 366
2892 2935 2965 2983 M.

684 3003 906 3053 ‘tituli
942 3001 1150 3050 milites
1188 3001 1543 3064 appellantur
1578 3002 1740 3065 quasi
1774 3002 1966 3063 tutuli‚
2014 3002 2157 3067 quod
2203 3003 2438 3067 patriam
2476 3007 2790 3060 tuerentur,
2830 3000 2971 3049 unde

691 3078 749 3119 et
782 3071 899 3121 Titi
935 3084 1270 3134 praenomen
1308 3075 1481 3117 ortum
1522 3073 1632 3118 est'
1669 3068 1911 3119 conferri
1949 3070 2112 3120 iussit
2149 3069 2404 3133 Thysius.

821 3139 1009 3186 Vmao
1079 3137 1107 3185 1
1143 3137 1348 3185 Festus
1376 3151 1427 3199 p.
1457 3138 1547 3184 141
1578 3137 1651 3186 M.
1690 3137 2075 3187 ‘molucrum
2112 3153 2221 3195 non
2248 3137 2420 3187 solum
2446 3152 2554 3200 quo
2580 3135 2758 3185 molae
2786 3140 2973 3185 terun-

685 3211 771 3255 tur
808 3205 1037 3263 dicitur,
1077 3203 1134 3252 id
1171 3202 1316 3267 quod
1341 3202 1540 3252 Graeci
1566 3200 1846 3267 μύλικρον
1869 3205 2180 3269 appellant,
2218 3205 2316 3254 sed
2344 3206 2515 3254 etiam
2544 3208 2722 3252 tumor
2740 3206 2972 3262 uentris»,

685 3275 778 3338 qui
815 3274 986 3322 etiam
1019 3272 1330 3336 uirginibus
1367 3271 1609 3319 incidere
1643 3271 1816 3334 solet,
1857 3275 2012 3321 cuius
2049 3273 2297 3335 meminit
2320 3273 2581 3322 Afranius
2618 3271 2676 3320 in
2712 3271 2972 3335 virginet

688 3344 883 3391 serme’
923 3356 972 3392 e.
1010 3355 1061 3402 q.
1101 3355 1144 3388 s.
1215 3337 1379 3389 Pauli
1414 3338 1612 3388 Festus
1662 3355 1713 3402 p.
1753 3343 1849 3389 140
1886 3342 1960 3393 M.
2001 3340 2321 3391 ‘molucrum
2359 3378 2371 3390 .
2402 3377 2414 3390 .
2452 3375 2466 3388 .
2501 3338 2793 3389 Afranius:
2840 3339 2975 3386 uir-

686 3409 858 3473 gini,
895 3409 1106 3472 inquit,
1143 3410 1281 3455 tam'
1329 3422 1375 3455 e.
1413 3421 1464 3469 q.
1501 3420 1542 3454 s.
1626 3406 1712 3457 Cf.
1751 3407 1986 3457 Useneri
2034 3422 2269 3471 prooem.
2307 3407 2614 3472 Gryphisw.
2665 3407 2795 3455 1866
2835 3409 2975 3454 aest.

687 3492 736 3541 p.
773 3478 822 3526 8.
994 3475 1049 3524 11
1085 3474 1399 3525 Macrobius
1445 3475 1561 3523 Sat.
1599 3475 1671 3524 VI
1708 3477 1758 3536 4,
1800 3477 1860 3523 12
1909 3475 2295 3525 ‘deductum
2342 3490 2440 3539 pro
2488 3475 2642 3524 tenui
2679 3479 2737 3522 et
2781 3472 2976 3522 subtili

856 3654 978 3711 335
1024 3647 1266 3730 demens]
1315 3662 1502 3727 petens
1544 3657 1680 3713 libri
1728 3657 1993 3726 plerique
2036 3654 2347 3726 Macrobii,
2392 3655 2497 3709 secl
2539 3652 2701 3726 Anyl.
2748 3655 2807 3707 in
2852 3665 2974 3706 ras.

688 3741 888 3796 ueteris
919 3739 1063 3795 Par.
1095 3757 1154 3809 a,
1187 3747 1247 3795 ul
1281 3739 1500 3796 Veneris
1531 3741 1766 3796 subesse
1796 3743 2092 3811 suspicare·
2127 3743 2322 3811 possis
2491 3737 2610 3793 337
2645 3738 2748 3791 iam
2782 3737 2977 3791 crescit

687 3834 873 3881 uterus
907 3833 1008 3879 tam
1042 3840 1200 3896 quam
1232 3824 1488 3896 grauidae
1519 3825 1730 3879 mulieri
1761 3841 1917 3879 nune
1947 3828 2175 3895 scripsi.
2236 3832 2341 3878 tam
2373 3823 2565 3879 crescit
2600 3830 2785 3876 uterus
2819 3835 2976 3892 quam

688 3909 941 3983 grauidae
972 3909 1183 3963 mulieri
1215 3910 1437 3965 Paulus
1480 3918 1732 3981 tanquam
1778 3908 2030 3982 grauidae
2062 3908 2269 3963 mulieri
2302 3916 2487 3963 uterus
2524 3907 2688 3961 Festi
2715 3906 2836 3961 cod.
2871 3913 2975 3959 tam

685 3995 880 4050 crescit
910 4002 1099 4048 uterus
1131 4010 1287 4065 quam
1318 3992 1630 4066 grauidulae
1661 3993 1873 4048 mulieri
1910 3992 1973 4049 0.
2003 3994 2324 4049 Muellerus
2353 3992 2616 4047 excrescit
2645 3998 2833 4044 uterus
2865 3996 2979 4043 tan-

687 4095 844 4151 quam
889 4077 1149 4152 grauidae
1190 4096 1260 4133 m.
1296 4078 1560 4149 Scaliyer
1603 4086 1710 4133 tam
1742 4080 1937 4133 crescit
1979 4094 2036 4133 u.
2083 4078 2236 4149 quasi
2281 4093 2443 4150 quom
2476 4092 2561 4148 gr.
2593 4092 2660 4129 m.
2694 4077 2824 4129 olim
2866 4074 2981 4145 leyi

686 4167 1006 4220 nolueram.
1136 4162 1257 4219 338
1291 4165 1464 4223 alteri
1481 4177 1780 4233 personae
1811 4163 1986 4219 tribui
2113 4161 2237 4218 340
2270 4162 2414 4216 tristi
2444 4161 2583 4215 Par.
2613 4160 2657 4231 f
2680 4159 2892 4213 Bened.

685 4268 763 4306 *ηε
792 4248 1022 4303 deducta
1051 4245 1230 4319 (eraS.
1260 4255 1321 4303 ut
1351 4249 1466 4304 uid.
1497 4248 1574 4318 in)
1608 4248 1750 4304 Par.
1883 4248 2010 4302 mihi
2047 4247 2308 4317 Botulus,
2342 4264 2447 4301 om.
2479 4245 2631 4312 libri,
2663 4244 2767 4298 secl
2789 4245 2979 4297 latere

686 4340 743 4393 in
789 4336 1051 4411 sequenti
1092 4350 1142 4388 m
1183 4336 1380 4391 littera
1425 4336 1647 4390 conicio
1819 4330 1938 4390 341
1988 4332 2202 4406 alteque
2248 4331 2425 4387 Borb.
2480 4329 2745 4402 malleque
2801 4328 2985 4385 cetere·
