3400 5075
574 337 688 399 134
1554 333 1878 386 TITINIVS

1579 489 1675 553 IV
1726 486 1825 575 (1)

931 659 944 673 .
1002 607 1213 692 frygid
1262 607 1357 671 fui
1403 605 1613 691 primo
1661 605 1952 688 beneque
1999 603 2064 667 id
2113 624 2275 686 opus
2323 599 2510 666 sciui:

654 724 696 789 5
744 723 1002 808 Reliqui
1050 745 1203 787 acus
1252 722 1550 806 aciesque
1598 741 1707 786 ero
1756 724 1949 805 eique
1997 720 2142 783 erae
2190 720 2448 783 nostrae
2499 768 2512 780 .
2561 766 2574 779 .
2623 767 2636 780 .
2686 768 2697 780 .

1602 836 1663 901 V
1713 834 1813 922 (9)

1712 951 1884 1037 quod
1932 948 2191 1035 quidem
2238 949 2349 1034 pol
2393 949 2626 1014 mulier
2671 947 2862 1033 dicet,

741 1069 1039 1154 Namque
1085 1069 1199 1133 uni
1246 1065 1484 1153 collegi
1528 1088 1768 1132 sumus.

1587 1180 1682 1246 VI
1730 1178 1829 1265 (3)

2160 1269 2253 1332 ita
2299 1272 2567 1353 spurcus

746 1387 1094 1453 Animdtur
1144 1384 1286 1474 [ira]
1336 1387 1404 1451 in
1451 1386 1793 1471 proelium:
1841 1386 2016 1451 ucles
2064 1406 2257 1469 eques
2303 1383 2534 1469 recipit
2579 1407 2646 1449 se

618 1505 698 1569 10
746 1551 1612 1568 .........
1704 1503 1912 1585 neque
1958 1501 2110 1565 ferit
2155 1521 2541 1584 quemquam
2587 1500 2859 1565 hostem.

1572 1615 1704 1682 vn
1751 1614 1851 1703 (2)

745 1731 894 1800 'vbi
947 1716 1131 1821 [iam]
1174 1732 1593 1799 ambitionsm
1640 1732 1868 1797 uirtuti
1915 1730 2138 1798 usdeas
2185 1731 2559 1796 anieeesdere

1550 1847 1717 1911 VIII
1765 1845 1865 1933 (6)

748 2012 1824 2029 ...........
1913 1962 1980 2027 id
2024 1962 2392 2027 necessest?

749 2080 783 2154 ΙΙ·
825 2076 980 2146 Eds!

567 2255 736 2307 pecus
773 2238 904 2288 lana
928 2254 1034 2289 non
1062 2243 1286 2288 tectum.
1322 2238 1627 2288 Titinnius:
1654 2236 1809 2287 lana’
1838 2254 1882 2288 3.
1910 2254 1960 2302 q.
1987 2253 2030 2288 3.
2172 2237 2247 2287 IV
2273 2238 2556 2299 Nonius-¹3,
2583 2240 2649 2288 20
2675 2234 2716 2302 [ε
2723 2238 2861 2301 fry-

567 2304 877 2374 gionesJ.
987 2306 1263 2360 ‚Titinius
1302 2305 1619 2355 barbato·
1666 2305 1870 2370 frygio’
1909 2322 1956 2355 e.
1997 2321 2049 2370 q.
2089 2321 2131 2356 s.
2279 2305 2327 2355 V
2363 2305 2684 2355 Priscianus
2721 2305 2796 2355 VI
2832 2308 2861 2355 7

565 2392 617 2441 Ρ.
645 2376 831 2429 694Ρ.
859 2342 999 2424 ‘tini
1019 2390 1117 2439 pro
1142 2374 1305 2423 unius
1329 2374 1611 2422 Titinius
1597 2389 1654 2422 in
1688 2372 2002 2424 barbato:
2041 2372 2207 2438 quod'
2237 2389 2284 2423 e.
2312 2388 2359 2437 q.
2389 2388 2432 2423 s.
2475 2373 2863 2436 (tintinnius

569 2440 761 2506 Sang.)
821 2443 970 2492 Idem
1000 2442 1074 2492 VI
1102 2443 1165 2491 16
1190 2458 1245 2507 Ρ.
1273 2443 1371 2491 717
1401 2443 1458 2491 Ρ.
1486 2441 1793 2490 ‘Titinius'
1780 2457 1837 2491 ιιι
1862 2441 2177 2491 barbato:
2204 2440 2403 2504 quod.
2458 2455 2712 2499 .;sumus
2751 2441 2863 2490 uni

567 2526 664 2577 pro
689 2510 895 2561 unius?
938 2517 944 2522 “
1033 2510 1109 2560 VI
1144 2510 1355 2560 Nonius
1379 2510 1499 2572 652,
1518 2511 1628 2559 25
1645 2509 1866 2572 uoles,
1892 2507 2032 2559 leuis
2059 2512 2354 2559 armatura.
2409 2477 2687 2560 Titinnius
2713 2509 2864 2559 ba-t·

567 2581 754 2630 bato:
794 2576 895 2628 ita’
934 2593 980 2628 e.
1012 2593 1063 2642 q.
1083 2592 1126 2627 3.
1183 2579 1448 2642 Inpotens
1473 2578 1824 2628 aduersarii·
1809 2593 1894 2627 ira
1913 2593 2034 2626 cum
2060 2577 2248 2627 nescio
2275 2579 2430 2628 cuius
2455 2576 2631 2627 bostis
2656 2578 2863 2642 impetu

566 2645 813 2696 inualido
860 2645 1217 2709 contemptim
1256 2650 1624 2709 comparatur.
1801 2645 1904 2694 VII
1942 2645 2149 2695 Nonius
2185 2646 2311 2706 499,
2348 2648 2378 2695 7
2415 2644 2727 2694 dutinus
2765 2660 2863 2709 pro

571 2715 908 2764 accusatino.
982 2712 1223 2762 'litinius
1260 2717 1572 2763 narrato.
1610 2712 1731 2761 ubi’
1769 2727 1816 2761 3.
1857 2730 1906 2777 q.
1933 2729 1974 2763 3
2048 2717 2171 2776 ‘pro
2196 2682 2455 2763 uirt'utem
2493 2712 2864 2761 antecedere)

569 2784 877 2844 (nat-cato
914 2794 1012 2830 ms.
1052 2780 1195 2829 Iunii
1232 2796 1428 2830 uarro
1466 2775 1676 2845 Bamb.)
1751 2781 2010 2843 Quen-itur
2045 2780 2246 2843 aliquis
2284 2781 2358 2836 de
2391 2780 2701 2842 praesentis
2740 2781 2863 2829 aeui

568 2849 810 2900 moribus
836 2853 1003 2914 atque
1029 2848 1295 2898 institutis
1432 2848 1565 2899 VIII
1602 2847 1890 2898 Charisius
1914 2848 1969 2898 11
1996 2864 2046 2913 Ρ.
2081 2849 2173 2899 178
2201 2848 2258 2898 Ρ.
2296 2847 2455 2899 ‘edi’
2497 2843 2863 2912 (interiectio)

738 3025 777 3081 4
824 3026 914 3100 op'
960 3026 1064 3081 ciui
1116 3026 1314 3081 Bamb.
1530 3025 1567 3082 5
1614 3026 1748 3081 alias
1794 3026 1995 3082 Bamb.
2148 3026 2263 3116 ‘Ad
2315 3043 2439 3082 acus
2485 3026 2734 3099 sciasque
2781 3027 2860 3098 cf.

567 3112 830 3168 Petronii
871 3127 920 3166 c.
970 3110 1048 3167 76
1107 3108 1194 3164 ‘ab
1252 3112 1361 3165 acia
1420 3117 1473 3165 et
1531 3108 1653 3166 acu’
1842 3118 1953 3183 atq.
2015 3126 2174 3191 rem-c
2237 3111 2439 3166 Bamb.
2625 3109 2864 3184 Phrygis>

571 3196 645 3250 sui
677 3195 884 3250 Primo.
931 3193 1070 3250 bene
1101 3194 1153 3250 id
1200 3193 1337 3268 optis
1385 3194 1548 3250 sciui:
1595 3193 1791 3268 reliqui
1834 3212 1961 3250 acus
2007 3197 2254 3268 aciinsque
2301 3195 2433 3251 hcro
2463 3189 2660 3268 'Atque
2707 3196 2865 3250 herae

568 3279 785 3335 nostrae
843 3280 1220 3336 Hermannus
1285 3294 1483 3350 opusc.
1558 3280 1602 3334 V
1657 3279 1799 3336 266.
1916 3280 2194 3336 Senarios
2252 3283 2591 3336 continuant
2657 3284 2866 3335 celeri.-

567 3379 641 3420 ηε
709 3367 896 3421 nostri
948 3365 1173 3439 quidem
1221 3367 1448 3419 numeri
1496 3367 1641 3419 satis
1700 3367 1958 3436 placent.
2218 3365 2253 3421 6
2313 3381 2398 3437 sq.
2457 3367 2683 3420 numeri
2734 3371 2866 3420 sune

569 3448 901 3504 Hermanni
940 3451 979 3504 l.
1026 3451 1065 3505 l.
1114 3448 1266 3515 267,
1317 3451 1429 3504 nisi
1469 3450 1622 3520 quod
1665 3450 1815 3505 malo
1873 3447 2091 3521 quidem
2147 3466 2319 3521 quam
2376 3447 2590 3522 quidem
2638 3450 2862 3522 efferri.

737 3532 868 3588 dicit
912 3533 1056 3606 Req.
1113 3552 1184 3588 m.
1231 3532 1300 3602 2,
1361 3531 1588 3589 Amien.
1649 3534 1824 3591 Halb.
1876 3533 2121 3592 Carolir.
2175 3550 2234 3604 p.
2285 3533 2443 3604 717,
2501 3548 2692 3590 omnes
2733 3534 2867 3588 libri

559 3636 626 3690 p.
675 3616 796 3675 694
999 3617 1034 3673 7
1082 3633 1292 3691 nanque
1339 3618 1585 3676 Carolir.
1631 3625 1685 3674 et
1731 3636 1765 3673 n
1813 3635 1969 3674 corr.
2016 3634 2093 3674 ex
2139 3635 2192 3672 m
2239 3618 2401 3674 Grut.
2446 3637 2505 3690 p.
2554 3617 2674 3674 717

568 3735 753 3810 colligi
785 3735 961 3808 Sany.
990 3753 1052 3806 p.
1086 3735 1205 3793 717
1250 3708 1456 3810 colligii
1488 3737 1630 3810 Rey.
1666 3744 1908 3810 utroque
1937 3739 2064 3793 loco
2095 3735 2302 3810 colligii
2330 3735 2505 3809 Sanq.
2546 3754 2612 3808 p.
2648 3735 2767 3793 694

570 3821 607 3878 8
654 3821 727 3876 ita
770 3821 987 3894 spurius
1029 3822 1168 3877 libri
1204 3823 1469 3892 plerique
1514 3822 1587 3876 ita
1632 3822 1685 3876 in
1733 3819 1906 3877 mund'
1943 3822 2132 3894 purius
2180 3821 2400 3890 Bamb.‚
2451 3829 2511 3876 ut
2556 3822 2867 3893 aliquando

565 3908 775 3962 lectum
815 3906 1005 3977 fuisse
1050 3912 1344 3977 appareat
1400 3921 1628 3977 spurcus
1676 3923 1802 3962 cum
1861 3904 2150 3961 inmundus
2207 3908 2548 3979 ylossemaee
2709 3905 2744 3961 9
2791 3906 2866 3960 ira

571 3991 789 4058 addidi,
838 4007 945 4045 om.
975 3991 1111 4046 libri
1234 3991 1309 4045 ita
1353 3988 1579 4062 Spurius
1622 3991 1820 4045 {animat
1865 3991 2080 4045 immin
2128 3989 2412 4063 proelium.
2504 3987 2659 4045 Vtiles
2705 3998 2866 4062 alque

570 4090 736 4147 eques
797 4075 990 4147 recipit
1045 4090 1106 4129 se
1166 4090 1266 4130 nec
1320 4073 1446 4129 serit
1502 4090 1826 4149 quemquam
1885 4075 2122 4131 hostium
2179 4075 2560 4131 Hei-mannus
2612 4077 2653 4130 l.
2698 4077 2739 4132 l.
2797 4076 2866 4129 dc

564 4166 882 4229 praetexta
927 4163 1052 4215 siue
1093 4159 1263 4214 Accii
1302 4162 1429 4214 siue
1473 4159 1726 4216 Pacuuii
1769 4163 2029 4233 coyilans
2121 4168 2125 4178 '
2206 4160 2280 4215 11
2328 4162 2429 4215 iam
2462 4162 2710 4228 inserui,
2758 4177 2864 4215 om.

570 4244 707 4299 libri
847 4242 1190 4299 ambitionem
1238 4244 1429 4300 uirtuti
1473 4244 1679 4301 Iunius
1723 4244 2014 4301 ambitione
2060 4245 2279 4300 uirtutis
2321 4245 2458 4302 libri
2584 4245 2867 4302 Numeros

568 4331 875 4400 perspexit
928 4329 1306 4386 Hermannus
1358 4331 1398 4387 l.
1452 4331 1492 4386 l.
1756 4328 1831 4385 12
1891 4344 2142 4385 necesses
2200 4327 2250 4382 Po
2316 4327 2400 4384 edi
2458 4330 2582 4385 cod.
2643 4343 2867 4385 necesse
