3400 5075
598 292 693 344 XL
1480 280 2010 334 COROLLARIVM

599 456 885 518 tolerans
926 456 991 513 et
1036 450 1103 512 in
1140 449 1265 510 fine
1311 446 1765 529 plerorumque
1813 445 2128 508 librorum
2176 445 2560 508 omolocaram
2609 465 2890 509 servans,

602 562 859 624 eosdem
910 554 1427 641 septenariorum
1476 540 1633 637 fine&
1682 554 1926 635 probat
1977 552 2049 615 A.
2099 551 2313 615 Luchs
2362 551 2527 615 stud.
2574 550 2604 614 I
2657 553 2756 615 73.

780 665 909 729 205
977 663 1409 726 translleonem
1475 664 1540 723 et
1600 660 1726 723 207
1797 659 2124 722 traseleonc
2188 658 2330 721 Par.
2377 657 2457 742 P,
2531 661 2653 722 211
2718 664 2891 723 tresc-

605 777 767 837 leone
812 772 993 835 Harl.

784 880 912 942 :205
960 878 1265 940 Praesero
1312 898 1481 939 nunc
1529 874 1697 957 q‘uod
1750 878 1897 936 ante
1944 873 2256 937 Bothium
2309 874 2722 957 vulgabatur:
2772 894 2896 937 non

607 990 695 1051 εἰεί
740 985 1061 1050 mediocris
1106 983 1335 1067 [haec]
1381 1004 1479 1046 res
1524 1002 1714 1061 neque
1757 980 2059 1062 calydna.

785 1094 914 1155 208
964 1092 1331 1154 ἱηίθνίῖτιοθνε
1377 1089 1591 1157 Bern.:
1641 1111 1726 1150 an
1770 1086 2195 1151 interdeicere?

788 1201 915 1263 212
962 1197 1349 1278 conloquium
1394 1194 1575 1257 Harl.

786 1521 965 1585 Inter
1012 1517 1455 1583 ANONYMA
1502 1518 1816 1599 palliatae
1864 1518 2128 1580 fabulae
2175 1518 2384 1580 frusta
2429 1516 2492 1581 ΙΙ
2543 1517 2755 1581 simile
2804 1523 2904 1582 est

606 1627 933 1694 Plautinis
982 1624 1227 1689 Cistell.
1264 1625 1328 1689 II
1379 1626 1438 1706 3,
1480 1625 1561 1687 73
1602 1648 1738 1707 sqq.
1788 1624 1921 1687 ‘eet
1965 1624 2239 1709 gravida
2284 1624 2478 1706 facta,
2523 1616 2906 1707 priusquam*

610 1735 866 1820 peperit
912 1733 1132 1796 filiam.
1214 1731 1380 1795 Eam
1430 1733 1778 1814 postquam
1826 1731 2098 1815 peperit,
2143 1730 2334 1795 iussit
2371 1752 2640 1813 parvam
2680 1732 2902 1813 proici.

610 1844 756 1927 Ego
806 1844 947 1904 eam
998 1838 1237 1922 proieci
1289 1841 1354 1900 et
1401 1838 1532 1901 alia
1578 1838 1812 1902 mulier
1858 1836 2164 1902 sustulit?
2244 1842 2316 1901 ut
2351 1837 2486 1900 illic
2523 1836 2905 1921 Lampadi0‚

611 1953 708 2014 ita
745 1949 851 2013 hic
898 1968 1149 2029 quoque
1187 1945 1296 2027 qni
1344 1944 1630 2027 loquitur
1666 1945 2014 2028 inpatienti
2060 1945 2400 2028 diligentia
2437 1944 2902 2009 tardiusculam

614 2057 717 2120 vel
766 2056 1132 2136 stupentem
1183 2052 1446 2115 edocere
1498 2051 1765 2115 videtur.

795 2164 834 2224 3
882 2159 1117 2224 Melius
1164 2158 1288 2221 hoc
1336 2158 1551 2221 laesae
1599 2159 1667 2221 in
1713 2162 1960 2223 advenit
2003 2158 2350 2241 positionis
2399 2161 2764 2243 exemplum
2811 2165 2904 2224 at-

616 2269 874 2333 tulisset
920 2264 1271 2329 Muellerus
1319 2264 1572 2346 prosod.
1621 2266 1752 2327 285
1800 2289 1994 2348 quam
2044 2266 2189 2328 alia.

792 2373 931 2437 V.9
981 2372 1199 2436 nescio
1240 2395 1321 2434 an
1361 2370 1779 2454 corrigendus
1820 2372 1905 2436 sit
1941 2371 2110 2434 hunc
2148 2373 2281 2434 fere
2319 2372 2388 2436 in
2425 2374 2713 2437 modum:
2759 2396 2909 2438 nam

617 2483 770 2564 quid
827 2480 992 2545 modi
1052 2478 1360 2558 factumst
1424 2478 1570 2542 ista
1633 2478 1931 2559 domique?
1997 2482 2070 2542 ut
2133 2478 2438 2543 librarius
2504 2481 2674 2564 quod
2738 2481 2910 2545 infra

621 2590 844 2653 eodem
893 2588 1035 2650 loco
1084 2586 1324 2668 legitur
1370 2587 1505 2649 risu
1553 2606 1751 2668 supra
1796 2585 2320 2669 praestunpserit.

805 2695 884 2757 12
946 2692 1023 2756 In
1080 2694 1205 2755 fine
1262 2693 1562 2775 supplere
1628 2695 1925 2774 poteram
1979 2713 2194 2756 suam:
2255 2694 2582 2778 integrum
2648 2694 2909 2759 reddere

624 2801 934 2865 mutando
981 2798 1225 2880 qudlcm
1271 2798 1634 2862 delicatus
1678 2800 1792 2862 iste
1833 2821 1966 2863 non
2015 2800 2236 2864 audeo,

801 2908 885 2970 22
935 2905 1030 2969 Of.
1081 2905 1155 2968 A.
1201 2903 1415 2982 Luchs
1463 2905 1626 2968 stud.
1672 2905 1704 2969 I
1756 2907 1838 2970 70

802 3014 905 3079 25.
950 3011 1237 3075 Dubium
1280 3012 1378 3072 est
1416 3014 1632 3075 utrum
1671 3011 1728 3075 is
1765 3013 1878 3097 qui
1914 3013 2204 3096 loquitur
2243 3015 2498 3078 senserit
2533 3014 2747 3098 locum,
2784 3038 2913 3098 qno

625 3121 901 3204 devenit,
948 3118 1281 3182 vinnulum
1322 3139 1480 3200 esse,
1525 3118 1587 3181 h.
1618 3141 1669 3181 e.
1709 3119 1789 3183 ad
1826 3119 2187 3203 labyrinthi
2234 3121 2493 3184 modum
2543 3122 2914 3203 perplexum

628 3235 821 3312 atque
877 3225 1289 3305 insidiosum,
1346 3247 1427 3286 an
1483 3227 1557 3287 ut
1612 3227 1974 3289 orationem
2030 3226 2363 3290 vinnulam
2409 3227 2680 3290 Plautus
2736 3228 2916 3310 dixit,

625 3335 958 3426 hominem
1034 3332 1168 3396 sive
1245 3352 1607 3396 sermonem
1678 3334 2067 3417 εωιείῐοσῑωη,
2124 3334 2186 3397 h.
2235 3333 2784 3398 e.-bla11dilocum
2851 3339 2916 3397 et

626 3442 1115 3508 incelebrosum.

808 3548 874 3611 P.
928 3548 1052 3610 116
1098 3545 1235 3609 ima
1281 3546 1450 3630 lege:
1486 3547 1887 3628 praecludere
1929 3548 2233 3611 ualent-ur.

808 3655 886 3719 V.
934 3654 1021 3718 32
1087 3650 1385 3734 Colliyari
1446 3653 1716 3735 nuptiae
1781 3652 2005 3736 quidni
2068 3653 2476 3718 dicerentur?
2544 3656 2597 3719 si
2659 3657 2917 3740 quidem

632 3762 968 3846 ‘coniugia
1030 3763 1273 3841 nuptae
1322 3810 1333 3822 .
1374 3810 1387 3822 .
1434 3758 1676 3843 ligant'
1742 3760 1808 3823 in
1877 3758 2154 3824 Senecae
2221 3761 2408 3824 Here.
2464 3762 2601 3826 Oet.
2660 3764 2788 3828 457
2856 3768 2922 3827 et

632 3870 869 3933 ‘artior
916 3919 928 3931 .
970 3918 982 3930 .
1031 3867 1365 3950 colligatio
1424 3869 1523 3929 est
1578 3865 1911 3929 societatis
1968 3867 2510 3950 propinquorum'
2561 3867 2787 3934 Cicero
2843 3871 2921 3933 (le

633 3977 735 4040 off.
782 3974 814 4037 I
870 3975 966 4056 17,
1013 3975 1098 4038 53
1148 3973 1425 4037 scribere
1470 3996 1602 4036 non
1647 3971 1996 4056 dubitavit3
2053 3996 2133 4036 ne
2180 3996 2481 4038 moneam
2529 3976 2596 4039 in
2644 3999 2920 4042 coronae

632 4081 958 4145 mentione
1016 4081 1222 4144 multo
1280 4080 1477 4143 etiam
1528 4078 1846 4161 aptiorem
1894 4080 2217 4145 vinciendi
2265 4085 2330 4144 et
2383 4082 2680 4146 nectendi
2727 4104 2918 4165 quam

632 4188 892 4272 iuyandi
939 4187 1323 4253 vocabulum
1370 4186 1590 4249 fuisse.
2069 4265 2074 4268 v

814 4295 917 4358 37.
966 4292 1295 4358 Ciceronis
1344 4292 1558 4356 verbis
1608 4291 1713 4356 ‘ut
1756 4292 1922 4357 nihil
1972 4293 2030 4357 ei
2087 4296 2342 4358 constet
2382 4294 2543 4374 quod
2584 4290 2761 4373 ayat'
2809 4291 2920 4375 qui
