3400 5075
661 329 791 394 326
1311 333 1637 384 vamm
1675 333 1837 384 31111
1876 334 2337 398 sanrswrms

839 479 1038 555 Feras
1085 490 1399 574 difficilia,
1444 494 1519 554 iit
1563 490 1781 553 facilia
1825 490 2177 574 perferas*
2862 511 2958 559 157

838 604 1131 669 Fortuna
1174 607 1383 670 nitrea
1428 609 1550 669 est:
1596 610 1738 670 tum
1784 627 1930 670 cnm
1977 606 2273 690 splendet
2318 606 2711 691 frangitur.*
2860 628 2955 676 171

668 721 795 784 190
839 719 1038 785 Feras
1085 722 1256 806 qnod
1302 721 1527 805 laedit,
1571 726 1646 786 nt
1690 722 1862 806 qnod
1907 721 2172 806 prodest
2215 721 2522 805 perferas,
2857 743 2954 791 591
3050 709 3051 712 Ἴ

840 835 1029 900 Facit
1071 841 1286 901 ratum
1332 836 1650 922 Fortuna,
1696 859 1891 921 quom
1937 839 2128 902 1161116
2176 837 2417 901 uidet*
2658 827 2670 838 ’
2860 859 2959 907 179

844 952 1139 1017 Fortuna
1184 953 1252 1016 in
1298 953 1561 1017 homine
1606 953 1754 1036 plns
1800 976 1996 1037 qnam
2043 952 2381 1017 consilium
2428 953 2666 1017 nalet.*
2862 973 2960 1021 165

840 1066 1256 1150 Frugalitas
1303 1065 1602 1132 miseria
1645 1067 1759 1133 est
1802 1067 2122 1133 rumoris
2169 1066 2401 1134 boni*
2552 1159 2559 1164 ἱ
2858 1042 2961 1137 174

841 1182 1053 1248 Graue
1099 1184 1562 1268 praeiudicium
1609 1188 1709 1248 est
1755 1184 1926 1267 qnod
1973 1184 2277 1248 indicium
2322 1185 2458 1247 11611
2503 1183 2764 1248 habet*
2860 1205 2956 1253 181

662 1360 1129 1411 TESTIMONIA.
1200 1361 1567 1413 EXEMPLA.

799 1431 896 1480 188
933 1429 1262 1480 Vincentius
1298 1428 1441 1479 Bell.
1478 1445 1558 1494 sp.
1598 1428 1651 1477 (1.
1687 1431 1738 1492 4,
1775 1432 1839 1480 82
2011 1433 2107 1481 189
2145 1429 2288 1479 idem
2325 1431 2519 1492 5,121
2685 1431 2782 1478 190
2818 1428 2961 1478 idem
3034 1461 3057 1480 ι

657 1498 709 1555 4,
746 1498 814 1546 82
955 1499 1052 1546 192
1099 1497 1341 1547 conferri
1379 1497 1660 1547 Nanckius
1707 1498 1865 1547 iubet
1906 1513 2025 1547 cum
2064 1467 2462 1547 Chaeremoliis
2507 1496 2710 1561 tragici
2756 1502 2958 1562 poetae

659 1564 797 1614 11.2
834 1580 885 1629 p.
923 1565 1021 1615 607
1047 1564 1115 1615 N.
1150 1558 1297 1631 τύχη
1333 1558 1406 1615 τοὶ
1441 1562 1679 1630 θνητῶν
1700 1557 2003 1631 πράγματ’,
2043 1559 2147 1616 οὐκ
2175 1556 2468 1628 εὖβουλία.
2613 1566 2710 1614 193
2747 1564 2962 1613 Gellius

653 1630 815 1682 xvn
853 1632 918 1681 14
976 1632 1297 1684 Macrobius
1335 1632 1453 1684 Sat.
1489 1633 1543 1684 11
1581 1636 1609 1683 7
1658 1631 1807 1695 (uide
1853 1633 1925 1682 ad
1960 1633 2047 1696 55)
2107 1633 2184 1683 Io.
2221 1632 2663 1682 Saresberiensis
2707 1632 2838 1681 VIII
2878 1634 2956 1681 14.

656 1699 790 1749 VIII
831 1702 893 1750 13
941 1700 1236 1750 ‘luxuriam
1279 1701 1537 1766 persequi
1582 1699 1778 1750 uideor
1823 1700 1894 1750 ad
1935 1700 2154 1751 laudem
2204 1700 2547 1765 frugalitatis
2594 1699 2836 1763 mihique
2884 1700 2955 1748 ab

656 1767 887 1817 insulsis
931 1768 1116 1833 inepte
1162 1769 1484 1819 uiuentibus
1529 1773 1586 1817 et
1629 1768 1933 1818 indiscrete
1982 1768 2337 1833 loquentibus
2383 1767 2523 1818 illud
2572 1767 2727 1817 Publ.
2778 1767 2959 1817 Clodii

657 1834 1083 1968 sulbsannando)
1089 1836 1391 1900 ingeritur,
1439 1836 1572 1899 qnia
1609 1834 1908 1899 frugalitas
1943 1838 2073 1887 boni
2096 1838 2327 1886 rumoris
2363 1836 2575 1885 inserta
2601 1839 2709 1884 est’
2748 1835 2827 1898 (in
2853 1851 2957 1899 mg.

657 1906 717 1952 ‘a
791 1906 1042 1952 miseria'

658 2046 960 2102 Bentleius
1129 2064 1260 2120 rege
1304 2045 1461 2102 redet
1504 2063 1663 2119 spere
1692 2047 1748 2101 P
1915 2055 1999 2102 est
2044 2047 2214 2102 otium
2245 2047 2519 2102 Pithoeus
2563 2044 2747 2101 odium
2794 2054 2877 2100 est
2912 2045 2960 2099 L

654 2129 877 2186 hodium
922 2140 1008 2186 est
1039 2131 1084 2188 Ο
1113 2139 1202 2187 est
1246 2132 1481 2187 omnium
1515 2132 1801 2187 Erasmus
1933 2131 2051 2188 188
2099 2130 2237 2187 feras
2286 2129 2488 2187 CFPR
2536 2130 2696 2186 Viae.
2727 2130 2809 2185 fer
2839 2126 2956 2204 Ββ,

659 2217 946 2273 Erasmus
1114 2214 1352 2272 diflicilia
1399 2224 1458 2271 ut
1502 2215 1673 2271 facilia
1717 2212 1847 2289 CLss
1891 2215 2095 2285 facilia,
2144 2222 2203 2270 ut
2247 2215 2482 2270 diflicilia
2526 2214 2853 2271 Bentleius:
2897 2218 2955 2270 in

657 2307 961 2374 utramque
982 2309 1217 2371 partem
1248 2317 1395 2357 uera
1426 2302 1633 2356 haberi
1668 2307 1861 2372 potest
1890 2303 2205 2366 sententia,
2252 2307 2314 2356 ut
2343 2301 2733 2356 emendatione
2782 2298 2956 2354 Bent-

653 2387 734 2440 lei
774 2399 920 2456 opus
960 2401 1075 2441 non
1105 2388 1207 2453 sit,
1253 2389 1418 2441 immo
1459 2385 1805 2457 perferendi
1832 2388 1983 2442 notio
2014 2386 2093 2440 ad
2134 2384 2304 2440 facilia
2341 2387 2541 2441 melius
2570 2387 2741 2440 eliam
2786 2400 2955 2454 quam

655 2471 735 2525 ad
762 2468 1001 2525 difficilia
1031 2472 1331 2543 quadrare
1360 2472 1594 2526 uidetur
1638 2469 1742 2542 (cf.
1786 2469 1943 2542 190).
2036 2467 2205 2524 facilia
2242 2477 2302 2524 nt
2349 2468 2556 2524 facilins
2589 2467 2807 2525 Cotton.
2853 2467 2957 2523 dif-

653 2552 947 2609 ficilitatem
993 2563 1054 2609 ut
1099 2555 1272 2611 facilia
1305 2556 1525 2628 Gryph.
1700 2555 1940 2628 perferas
1973 2551 2175 2629 ΒΡΒβ
2220 2554 2511 2627 perfeceris
2545 2553 2590 2610 0
2630 2553 2804 2609 leuius
2836 2570 2956 2627 per-

654 2639 795 2694 feras
826 2639 885 2694 F
923 2638 1082 2695 Sidn.
1114 2640 1330 2696 Cotton.
1362 2639 1536 2695 160103
1583 2638 1723 2694 feras
1769 2640 2056 2695 Erasmus
2225 2637 2463 2694 diflicilia
2494 2637 2632 2694 feras
2676 2646 2737 2693 nt
2782 2638 2953 2693 facilia

654 2724 829 2779 leuius
874 2722 1114 2796 perferas
1179 2726 1338 2781 Vino.
1385 2723 1466 2779 fer
1510 2722 1751 2781 difficilia
1795 2732 1855 2778 ut
1901 2732 1956 2779 et
2002 2722 2169 2778 facilia
2215 2722 2453 2796 perferas
2493 2724 2769 2780 Pithoeus
2813 2722 2954 2777 feras

654 2805 923 2878 difficilia,
967 2815 1029 2861 ut
1064 2808 1246 2864 >felicia
1298 2808 1539 2883 perferas
1582 2809 1916 2864 laudandus
1959 2809 2114 2880 quod
2154 2809 2359 2864 abiecit
2417 2808 2787 2885 Woelfflinus

658 2892 777 2949 189
808 2894 1015 2948 interea
1079 2893 1233 2948 Vino.
1407 2903 1490 2949 est
1534 2910 1641 2949 om.
1690 2893 1749 2948 E
1924 2909 2077 2964 cum,
2122 2895 2327 2949 omisso
2375 2901 2519 2964 tum,
2567 2892 2613 2948 C
2653 2907 2790 2965 quae
2833 2909 2953 2947 611111

673 2977 830 3034 Vinc.
1009 2977 1131 3033 190
1176 2977 1265 3049 Cf.
1305 2977 1422 3035 188
1553 2986 1615 3032 ut
1659 2985 1716 3032 et
1760 2976 1903 3050 qnod
1936 2977 2174 3051 Inyolst.
2216 2984 2275 3031 ut
2319 2986 2374 3032 et
2404 2977 2454 3032 id
2489 2976 2635 3050 quod
2669 2977 2955 3032 Gruterus

730 3084 738 3090 ·
823 3061 1063 3134 perferas
1107 3062 1470 3118 Pautkaleon
1517 3062 1657 3117 feras
1706 3059 1835 3136 CLss
1883 3062 2039 3118 Vinc.
2206 3062 2321 3118 191
2370 3068 2546 3117 ratum
2591 3064 2806 3132 scripsi
2847 3060 2953 3133 (cf.

655 3145 772 3203 Cic.
820 3148 889 3202 de
932 3147 1109 3203 diuin.
1158 3147 1189 3202 1
1235 3146 1346 3215 39,
1392 3145 1472 3203 84
1521 3147 1645 3201 ‘cur
1675 3164 1703 3200 a
1750 3146 1936 3202 (lextra
1966 3163 2200 3217 coruus»,
2245 3164 2272 3201 a
2317 3147 2532 3202 sinislra
2564 3146 2747 3201 cornix
2796 3145 2956 3202 faciat

652 3230 879 3302 ratum')
909 3239 1123 3305 gratnm
1154 3231 1290 3287 libri
1317 3229 1541 3304 gradum
1577 3230 1880 3287 Nauckius
1900 3249 1966 3302 p.
1997 3231 2133 3287 194.
2265 3239 2478 3304 gratnm
2508 3230 2635 3286 facit
2654 3231 2956 3287 Bentleius

823 3331 988 3388 quom
1018 3317 1232 3387 scripsi
1259 3332 1418 3388 quem
1451 3312 1700 3390 ΙΡΡἯβ,
1764 3316 2132 3387 Woelfflinus
2173 3317 2431 3372 absurda
2474 3318 2757 3371 sententia
2788 3318 2957 3371 malis

652 3404 925 3467 menteris,
972 3402 1166 3457 uerbis
1195 3402 1460 3457 obscuris
1498 3403 1796 3457 conclusa.
1844 3417 2002 3472 quam
2035 3393 2112 3454 pb
2149 3416 2271 3456 cum
2303 3400 2357 3454 B
2495 3399 2584 3456 cui
2611 3439 2625 3451 .
2653 3440 2668 3455 .
2701 3441 2714 3455 .
2747 3399 2953 3455 inuidet

653 3484 952 3541 Bentleius
983 3501 1139 3558 quam
1174 3527 1188 3540 .
1224 3526 1239 3541 .
1269 3484 1479 3541 inuidet
1509 3487 1638 3541 olim
1669 3488 1893 3542 conieci
2064 3482 2183 3541 192
2213 3486 2270 3539 in
2301 3485 2516 3540 homine
2548 3487 2769 3540 conicio
2799 3484 2953 3555 (nam

651 3568 878 3625 homoni
932 3571 1040 3626 uix
1095 3560 1395 3643 quisquam
1446 3568 1735 3642 probabit)
1792 3569 1995 3625 homini
2044 3568 2156 3641 (uel
2211 3569 2428 3625 homine
2479 3570 2639 3625 codd.
2700 3567 2950 3641 Bentlei)

654 3649 935 3727 CFP⁶R13
980 3653 1258 3709 hominum
1304 3646 1436 3710 BPb
1486 3656 1541 3709 in
1586 3669 1645 3709 re
1692 3655 1839 3710 omni
1883 3656 1975 3709 uel
2019 3653 2084 3709 ad
2130 3670 2289 3709 omne
2322 3654 2619 3711 Bentleius
2661 3653 2952 3709 humanum

654 3738 827 3809 Casp.
866 3736 1115 3794 Orellius
1159 3737 1466 3794 hominibus
1499 3741 1592 3794 uel
1638 3739 1858 3794 omnino
1890 3739 2137 3795 Botkius
2180 3738 2304 3813 plus
2348 3738 2552 3794 homini
2583 3739 2870 3795 Gruterus

656 3821 778 3879 193
809 3823 1021 3878 miseria
1052 3830 1136 3877 est
1178 3824 1314 3878 libri
1343 3823 1712 3878 Macrobiam'
1739 3823 1937 3878 inserta
1972 3831 2057 3878 est
2089 3823 2359 3887 Gelliam',
2407 3826 2523 3879 nisi
2562 3825 2715 3896 quod
2743 3824 2953 3878 miseria

656 3912 688 3960 6
728 3909 789 3962 in
847 3923 966 3962 raS.
1025 3925 1093 3962 m.
1141 3906 1178 3961 2
1244 3908 1420 3974 Voss„
1478 3906 1753 3978 Scaliqer
1808 3908 1887 3962 ad
1938 3908 2143 3964 Manil.
2195 3925 2256 3979 p.
2302 3907 2461 3978 454,
2515 3925 2629 3965 non
2674 3909 2953 3979 probauit

654 3990 978 4047 Salmasius
1008 4006 1210 4048 exerc.
1241 3991 1392 4048 Ptin.
1438 4010 1497 4063 p.
1533 3991 1653 4049 789
1687 3993 1739 4058 b,
1771 3992 1825 4048 D
1877 3993 2077 4048 incerta
2123 4001 2209 4047 est
2237 3993 2454 4063 Putat„
2496 3994 2760 4065 plerique
2790 3994 2954 4049 codd.

654 4075 864 4145 Beati„
906 4077 1196 4148 probabat
1242 4076 1562 4133 Salmasius
1606 4084 1690 4132 est
1734 4077 1945 4132 miseria
2002 4077 2086 4134 Io.
2137 4076 2598 4133 saresberiensis
2641 4093 2693 4136 6.
2745 4077 2824 4132 14
2868 4086 2953 4133 est

652 4160 852 4216 inserta
907 4159 995 4231 (al'
1041 4160 1272 4231 miseria)
1327 4162 1473 4217 idem
1531 4178 1582 4217 c.
1635 4160 1712 4217 13
1758 4162 1986 4217 maceria
2041 4169 2127 4217 est
2173 4162 2501 4219 Gronouius
2555 4162 2807 4236 magistra
2867 4171 2952 4217 est

653 4246 970 4318 aliquando
1012 4248 1071 4300 in
1116 4254 1357 4302 mentem
1404 4248 1561 4302 uenit
1743 4246 2007 4319 fragilitas
2063 4247 2298 4302 rumoris
2343 4245 2470 4302 boni
2516 4246 2728 4301 miseria
2771 4255 2856 4301 631
2901 4247 2958 4301 F

828 4328 948 4387 194
993 4338 1076 4384 est
1117 4329 1469 4403 proiuditium
1516 4331 1569 4387 R
1743 4330 1798 4385 61
1842 4347 2010 4404 graue
2042 4324 2065 4408 fl
2098 4338 2182 4386 est
2229 4330 2382 4404 vqnod
2438 4346 2568 4403 prae
2601 4324 2624 4407 ΙΙ
2658 4329 2815 4386 habet
2869 4332 2951 4387 P·
