3400 5075
1242 1165 2105 1251 TITINIVS

1354 1448 1373 1454 ,
1442 1387 1911 1455 BARBATVS

1585 1503 1618 1568 I
1664 1502 1763 1589 (5)

776 1670 789 1683 .
836 1620 1169 1684 inauratae
1220 1598 1411 1703 fitque
1458 1619 1745 1683 inlautae
1791 1618 2077 1683 mulieris

1565 1733 1633 1798 H
1680 1731 1783 1819 (8)

708 1901 721 1913 .
768 1850 947 1935 prius
995 1872 1188 1933 quam
1234 1852 1392 1913 auro
1439 1851 1734 1934 priuatae
1780 1854 2259 1934 purpuramque
2305 1852 2495 1934 aptae
2543 1850 2743 1916 simus

1555 1964 1655 2029 ΙΙΙ
1702 1962 1801 2049 (4)

707 2132 720 2145 .
768 2102 888 2165 ego
939 2080 1021 2145 ab
1068 2080 1221 2144 lana
1268 2080 1466 2144 soloci
1515 2080 1594 2143 ad
1642 2083 1995 2164 purpuram
2044 2080 2196 2144 data
2243 2131 2255 2144 .
2305 2132 2317 2144 .
2367 2130 2380 2143 .

662 2277 857 2325 'sn-mx
899 2278 1199 2327 BAnnArvs
1284 2275 1373 2325 Its.
1418 2273 1648 2323 inscribi
1695 2273 1859 2322 iussit
1900 2272 2181 2324 Mercerus
2229 2276 2285 2323 in
2331 2273 2468 2328 Non.
2514 2290 2566 2339 p.
2608 2277 2654 2327 3.
2739 2274 2826 2324 Cf.

528 2345 702 2394 Varro
739 2343 805 2393 de
843 2342 878 2395 l.
910 2344 970 2392 L.
997 2343 1044 2391 V
1086 2345 1181 2393 119
1216 2346 1420 2393 ‘nanus
1448 2356 1567 2391 cum
1593 2341 1807 2392 Graeco
1831 2342 2079 2403 nomine,
2118 2348 2175 2391 et
2212 2356 2331 2392 cum
2359 2341 2561 2391 Latino
2586 2342 2823 2405 nomine,

528 2412 746 2462 Graeca.
781 2410 957 2475 figura
993 2410 1368 2462 barbatus)
1440 2409 1640 2459 Festus
1679 2425 1727 2474 p.
1767 2410 1863 2459 177
1899 2409 1971 2459 Μ.
2011 2413 2237 2459 ‘nanum
2279 2410 2481 2459 Graeci
2518 2424 2620 2459 uss
2657 2424 2823 2475 aqua-

528 2480 665 2529 rium
712 2479 902 2528 dicunt
946 2477 1152 2527 humile
1200 2484 1257 2528 et
1303 2491 1630 2539 concauum,
1677 2476 1818 2541 quod
1864 2476 2031 2541 uulgo
2079 2483 2284 2528 uocant
2340 2475 2616 2526 situlum
2671 2477 2824 2528 bar-

527 2550 753 2599 batum
801 2546 1255 2612 pumilionemue‚
1303 2562 1427 2596 nam
1484 2546 1563 2594 ita
1606 2544 1738 2595 nani
1792 2545 2091 2596 dicuntur.’
2180 2546 2264 2595 Ad
2313 2560 2451 2609 quae
2500 2545 2652 2596 Scali
2695 2562 2755 2596 er
2790 2562 2819 2597 e

528 2616 800 2680 glossario
846 2614 1138 2665 Philoxeni
1186 2614 1400 2665 attulit:
1448 2613 1808 2662 ‘bar-datus
1857 2606 2095 2675 νάννος,
2145 2604 2209 2663 τὸ
2255 2607 2497 2671 σκεῦος)
2571 2614 2641 2664 Se
2717 2612 2825 2663 for-

527 2689 674 2734 tasse
702 2681 853 2732 aliud
880 2683 1068 2732 nescio
1095 2682 1221 2746 quid
1245 2683 1302 2732 in
1328 2680 1584 2746 uestigiis
1619 2680 1860 2731 bat-ato
1898 2681 2173 2730 barrato
2210 2682 2501 2731 barnato
2538 2681 2824 2732 baratto

525 2755 808 2800 narrato
844 2755 1127 2799 uarcato
1164 2765 1359 2800 uarro
1395 2749 1558 2799 latet:
1599 2747 1743 2812 quod
1779 2749 1835 2797 in
1875 2747 2115 2798 Charisii
2154 2748 2236 2798 ed.
2263 2765 2341 2814 pr.
2381 2749 2584 2813 ubique
2621 2748 2827 2813 legitur

527 2820 808 2869 baratro
845 2816 934 2867 uel
982 2817 1309 2867 barathro
1346 2815 1618 2867 Graecum
1664 2814 1997 2866 uocabulum
2048 2821 2270 2881 propter
2313 2820 2542 2881 togatae
2595 2815 2822 2866 fabulae

525 2885 760 2936 indolem
810 2884 977 2935 nolim
1025 2899 1159 2934 sane
1208 2886 1483 2949 recipere,
1528 2898 1633 2933 uec
1680 2883 1748 2932 de
1796 2884 2070 2934 barrato
2116 2883 2365 2944 homine,
2411 2885 2507 2950 qui
2544 2884 2707 2933 barro
2743 2884 2825 2933 iu·

526 2957 769 3004 structus
794 2953 869 3002 sit
892 2951 981 3001 uel
1012 2951 1268 3013 uebatur,
1308 2952 1478 3002 facile
1505 2950 1702 3002 licebit
1728 2951 1990 3016 cogitare.
2040 2951 2157 3001 Lon
2202 2952 2284 3002 ’us
2312 2952 2471 3002 abest
2505 2951 2822 3014 baburro,

526 3022 814 3070 obscurum
853 3018 1203 3069 uaricato:
1241 3021 1421 3070 miuus
1446 3035 1545 3085 per
1568 3034 1627 3069 se
1657 3018 1954 3084 displiceat
1990 3019 2155 3069 bacc
2221 3023 2345 3073 ato.
2485 3019 2509 3068 1
2537 3018 2824 3069 Charisius

527 3089 579 3140 11
621 3106 671 3154 p.
725 3090 813 3138 181
865 3086 926 3136 P.
978 3087 1376 3136 ‘inauratae
1422 3102 1520 3152 pro
1570 3102 1677 3136 non
1726 3089 2000 3136 auratae!
2083 3086 2426 3152 (inaurate
2475 3093 2531 3136 et
2577 3090 2822 3136 aurate

528 3159 704 3220 Neap.
732 3171 869 3205 corr.
898 3159 953 3203 et
987 3159 1256 3219 excerpts.
1286 3154 1472 3216 Bern.)
1510 3154 1774 3204 ‘Titinius
1811 3154 1867 3203 in
1905 3155 2207 3205 barrato:
2248 3155 2563 3205 inauratae’
2603 3168 2650 3204 e.
2688 3169 2736 3218 q.
2774 3168 2818 3203 s.

663 3224 713 3273 11
753 3222 1040 3272 Charisius
1065 3223 1118 3272 11
1145 3239 1193 3287 p.
1220 3225 1318 3271 212
1348 3222 1404 3274 P.
1444 3227 1503 3272 ‘a
1540 3236 1636 3286 pro
1661 3221 1758 3284 ad,
1794 3221 2035 3272 Titinius
2061 3223 2116 3271 in
2154 3223 2418 3272 bat-ato:
2459 3222 2609 3286 prius
2635 3225 2821 3286 quam’

530 3308 576 3345 e.
605 3308 654 3356 q.
681 3307 724 3341 s.
794 3295 943 3339 ‘nam
971 3293 1027 3338 et
1050 3306 1179 3355 apes
1217 3291 1373 3354 quasi
1411 3295 1613 3355 aptae
1639 3294 1794 3351 sunt,
1833 3289 1972 3354 quod
1998 3290 2234 3339 inuicem
2263 3288 2640 3354 colligantur)
2714 3290 2821 3349 (ti-

526 3358 797 3408 tinnius
825 3357 948 3406 Par.
1054 3357 1348 3407 barnato
1375 3358 1498 3411 Par.
1526 3356 1852 3407 barathro
1880 3356 1963 3406 ed.
1991 3355 2092 3421 pr.)
2217 3356 2300 3407 111
2326 3357 2529 3407 Festus
2555 3373 2604 3420 p.
2631 3359 2726 3407 301
2749 3356 2822 3407 Μ.

528 3425 774 3486 ‘solox,
812 3425 943 3473 lana
980 3440 1187 3487 crassa,
1227 3431 1283 3475 et
1319 3440 1509 3490 pecus,
1545 3424 1686 3489 quod
1725 3425 1929 3489 passim
1966 3424 2215 3488 pascitur
2251 3439 2359 3474 non
2385 3428 2611 3474 tectum.
2680 3424 2823 3473 Titi-

527 3496 649 3543 nius
677 3494 731 3542 iu
768 3493 1080 3543 barrato:
1123 3490 1245 3557 ego'
1286 3509 1329 3542 e.
1359 3508 1407 3557 q.
1435 3508 1476 3541 s.
1548 3491 1755 3541 Paulus
1781 3507 1831 3556 p.
1860 3493 1961 3541 300
1985 3491 2056 3540 Μ.
2099 3490 2312 3541 ‘solox
2349 3491 2479 3542 lana
2515 3507 2703 3541 crassa
2729 3490 2820 3541 uel

701 3674 730 3728 1
780 3688 852 3728 ne
911 3674 1038 3744 quis
1093 3671 1367 3726 incuratae
1425 3673 1674 3727 coniciat
1730 3675 1967 3724 uelatur
2022 3668 2224 3726 Plauti
2283 3669 2640 3726 Menace-hm.
2697 3669 2817 3728 801

527 3758 692 3829 (conl.
744 3756 885 3827 120)
932 3762 985 3811 et
1033 3755 1201 3826 Epid.
1251 3754 1373 3810 214
1546 3754 1582 3809 2
1628 3763 1783 3828 aptae
1826 3754 1996 3808 simus
2041 3754 2256 3824 scripsi
2297 3753 2586 3834 abtqsimus
2633 3754 2820 3826 Neap.

527 3843 855 3899 subtesimus
902 3841 1042 3896 Par.
1088 3839 1384 3895 abteximus
1431 3840 1516 3895 ed.
1569 3857 1664 3911 pr.
1712 3839 2000 3894 atteximus
2044 3838 2352 3895 Mer-cerus
2521 3839 2608 3895 De
2652 3832 2823 3894 simus

522 3929 719 4000 forma
768 3927 895 3982 uide
926 3923 1178 3981 Marium
1229 3924 1577 3980 Victorinum
1614 3941 1681 3995 p.
1717 3921 1880 3980 2456
1912 3923 1979 3978 Ρ.
2029 3919 2130 3994 (cf.
2179 3926 2348 3978 etiam
2389 3925 2648 3996 proleyy.
2697 3938 2822 3979 mea

546 4013 709 4086 Ver-9.
755 4029 813 4082 p.
863 4007 1007 4080 394)
1181 4008 1537 4080 Supplenlur
1580 4012 1807 4064 numeri
1849 4010 1965 4063 sic.-
2023 4006 2173 4080 prius
2227 4023 2383 4079 quam
2429 4023 2528 4062 nos
2573 4023 2624 4062 e.
2670 4026 2722 4080 q.
2771 4023 2818 4064 s.

698 4110 884 4151 aurum
931 4100 986 4149 et
1032 4109 1266 4167 purpura
1314 4094 1521 4150 clauus
1567 4096 1796 4149 tunicae
1828 4095 1917 4149 uel
1949 4107 2143 4148 aureus
2176 4093 2269 4146 uel
2312 4106 2623 4164 purpureus
2664 4092 2820 4148 uide·

528 4190 625 4238 lm·
669 4180 1082 4251 inlelleyendus
1125 4194 1251 4234 esse
1422 4177 1459 4233 3
1505 4177 1676 4232 soloci
1722 4177 1838 4232 lana
1869 4177 2174 4233 Mer-cerus
2216 4175 2458 4231 iambum
2504 4178 2740 4231 metiens

530 4267 761 4322 Conice‘o
817 4262 998 4319 subito
1057 4279 1162 4335 ego
1221 4260 1284 4315 ab
1341 4262 1455 4317 lani·
1517 4261 1687 4317 soloci
1733 4260 1795 4316 ad
1846 4260 2135 4335 purpuram
2191 4259 2419 4316 deducta
2467 4259 2581 4329 (uel
2625 4258 2819 4329 delata)

539 4367 686 4405 sum:
734 4366 810 4404 au
859 4346 921 4401 ad
967 4363 1258 4420 purpuram
1304 4346 1522 4403 blattam
1567 4345 1687 4401 data
1734 4348 1934 4401 melius
1977 4347 2290 4403 conuenit?
