3400 5075
654 337 774 399 173
1559 338 1620 386 L.
1660 334 2019 386 AFRANWS

1591 491 1814 556 xxm
1863 491 2006 576 (15)

827 606 928 673 Ὀἱ
978 613 1011 688 [Γ
1057 610 1209 694 quid
1256 608 1541 673 clamas?

1581 698 1804 763 XXIV
1855 695 1999 782 (16)

828 813 960 897 An,
1007 812 1102 876 nn'
1143 813 1363 877 homo!
1411 814 1608 877 immo
1656 814 1883 896 edepol
1940 815 2057 876 uos
2120 833 2488 894 supremum
2535 815 2748 875 meum
2795 833 2942 874 con-

2250 925 2585 991 celebretss
2633 926 2818 989 diem.

1587 1016 2017 1081 EPISTVLA

1708 1122 1739 1187 1
1787 1120 1888 1208 (7)

1503 1237 1648 1324 quis
1696 1242 1768 1302 tu
1816 1260 1883 1300 es
1931 1242 2202 1302 uentoso
2251 1235 2319 1301 1'11
2366 1239 2507 1303 loeo

655 1356 783 1420 105
833 1355 1158 1438 Soleatu5‚
1205 1355 1592 1439 intempesta
1639 1357 1835 1417 noctu
1885 1353 2004 1416 sub
2052 1353 2208 1418 Ioue

827 1471 1076 1554 Aperte
1125 1471 1365 1553 capite,
1414 1468 1628 1534 silices
1676 1491 1822 1532 cum
1869 1469 2075 1532 findat
2121 1469 2348 1551 gelus?

1672 1583 1738 1648 ΙΙ
1785 1581 1930 1669 (12)

654 1710 845 1774 107l8.
937 1752 952 1766 .
1044 1701 1458 1764 comissatum
1503 1700 1793 1783 protenis
1840 1701 2015 1762 recta
2060 1699 2451 1783 digredimur
2497 1700 2776 1764 domum.

1671 1814 1773 1879 111
1820 1812 1921 1901 (5)

826 1930 972 1995 Huc
1019 1931 1202 1996 uenit
1246 1931 1503 2016 fugiens
1551 1931 1995 1995 tenebrionem
2043 1927 2341 1995 Til-rium.

653 2090 997 2140 ‘desubito
1025 2126 1039 2140 .
1060 2126 1106 2139 ..
1136 2126 1148 2139 .
1171 2089 1435 2140 Afranius
1463 2090 1858 2155 Emancipato:
1898 2081 2075 2155 quam'
2102 2105 2146 2139 e.
2178 2107 2226 2154 q.
2257 2106 2298 2139 s.
2441 2089 2627 2141 XXIII
2662 2089 2947 2141 Charisius

651 2158 706 2208 11
733 2175 783 2223 p.
811 2161 910 2207 214
935 2160 998 2208 P.
1039 2163 1095 2206 ‘o
1134 2157 1373 2206 dolentis
1410 2165 1518 2214 est.
1557 2165 1614 2207 ut
1641 2196 1653 2208 .
1680 2195 1691 2206 .
1720 2196 1729 2207 .
1761 2160 2021 2206 Afranius
2055 2159 2110 2206 in
2138 2159 2532 2222 Emancipato:
2573 2160 2630 2207 οἱ
2670 2159 2796 2223 quid
2834 2158 2947 2208 cla·

649 2229 828 2276 masi„
969 2226 1143 2274 XXIV
1182 2224 1464 2274 Charisius
1500 2227 1556 2276 11
1595 2243 1646 2290 p.
1684 2229 1783 2274 214
1821 2228 1880 2275 P.
1920 2230 2068 2277 ‘au.'

785 2295 1066 2343 Emsrvm
1138 2292 1389 2358 Supparo
1436 2295 1656 2343 indutus
1704 2293 1881 2356 (XII),
1930 2293 1984 2342 id
2031 2298 2120 2342 est
2165 2293 2401 2358 puellam
2453 2295 2725 2343 mentiens
2774 2293 2946 2354 (XIV)

652 2361 977 2411 adulescens
1004 2363 1060 2410 in
1088 2367 1308 2411 amatae
1336 2362 1549 2410 domum
1578 2362 1829 2426 irrepsit,
1866 2362 1960 2410 ubi
1989 2377 2110 2410 sero
2136 2362 2325 2410 nescio
2357 2362 2553 2426 quibus
2580 2363 2756 2411 turbis
2782 2361 2948 2410 inter·

652 2430 975 2479 cedentibus
1023 2430 1344 2494 agnoscitur
1389 2444 1423 2478 a
1462 2434 1635 2478 matre
1682 2429 1844 2477 irata.
1915 2427 1977 2477 Id
2016 2430 2157 2478 enim
2207 2434 2395 2478 narrat
2432 2428 2549 2479 filia
2588 2430 2654 2480 fr.
2692 2429 2813 2479 XV.

650 2500 676 2549 I
713 2498 921 2548 Nonius
956 2499 1083 2561 207,
1119 2499 1184 2548 32
1222 2496 1398 2577 ‘gelu
1437 2537 1449 2550 .
1477 2533 1491 2548 .
1521 2534 1532 2546 .
1570 2496 1865 2547 masculini
1900 2497 2163 2546 Afranius
2205 2496 2484 2561 Epistula.
2534 2500 2678 2562 quis'
2727 2514 2774 2549 e.
2817 2512 2866 2561 q.
2903 2511 2944 2549 s

787 2567 840 2616 11
880 2567 1088 2615 Nonius
1134 2567 1259 2624 376,
1307 2568 1338 2614 6
1378 2557 1712 2630 protinus
1761 2565 2086 2628 ubicumque
2134 2564 2334 2613 lectum
2384 2571 2493 2627 est,
2553 2570 2747 2615 contra
2794 2581 2945 2614 usum

650 2626 969 2682 intellectus
997 2634 1320 2694 communis,
1358 2649 1462 2697 quo
1499 2634 1687 2682 statim
1715 2632 2031 2696 significare
2069 2632 2335 2693 creditur,
2373 2635 2611 2698 positum
2649 2634 2948 2695 inuenitur,

655 2704 717 2749 ut
762 2702 835 2749 sit
882 2701 1131 2780 protinus
1193 2717 1350 2765 porro
1397 2717 1462 2749 ac
1508 2701 1628 2749 sine
1678 2701 2116 2761 intermissione,
2172 2703 2459 2763 continuo,
2517 2701 2657 2766 quod
2705 2702 2947 2750 iunctum

653 2774 812 2817 tenus
859 2770 976 2816 eius
1021 2767 1449 2832 significantiam
1498 2767 1783 2817 confirmat
1829 2768 2077 2817 aduerbii
2115 2806 2128 2819 .
2167 2807 2178 2818 .
2216 2809 2228 2820 .
2268 2774 2324 2816 et
2370 2772 2627 2833 quoniam
2666 2784 2773 2817 non
2810 2768 2950 2817 nulli

650 2842 898 2884 ueterum
936 2850 1032 2898 pro
1070 2851 1161 2897 e0,
1202 2835 1345 2898 quod
1382 2837 1629 2901 protinus
1664 2841 1773 2896 est,
1818 2835 2156 2899 protinam
2193 2836 2281 2884 uel
2319 2838 2623 2900 protenis
2662 2842 2946 2885 conuerte-

651 2910 807 2964 runt‚
855 2902 1108 2967 exempla
1154 2903 1222 2951 de
1270 2903 1355 2952 his
1402 2904 1726 2954 necessaria
1762 2903 2108 2967 decerpenda
2153 2908 2294 2956 sunt.
2367 2904 2631 2954 Afranius
2669 2903 2946 2968 Epistola:

653 2973 1027 3020 comissatum’
1065 2984 1110 3020 e.
1151 2986 1201 3035 q.
1240 2986 1284 3021 s.
1454 2972 1538 3021 111
1576 2973 1789 3021 Nonius
1829 2974 1918 3034 19,
1957 2973 1987 3021 3
2028 2970 2354 3043 ‘nebulones
2402 2978 2458 3021 et
2503 2972 2948 3021 tenebriones

824 3114 941 3171 102
987 3118 1271 3170 incertum
1303 3121 1493 3170 utrum
1524 3117 1741 3170 initium
1773 3115 2061 3171 trochaici
2086 3113 2407 3185 septenarii
2434 3118 2507 3170 sit
2536 3133 2611 3171 an
2645 3131 2725 3172 ex
2767 3116 2947 3171 medio

651 3239 883 3291 senario
915 3241 1219 3304 sumptum.
1398 3233 1515 3289 103
1549 3236 1618 3288 mi
1650 3235 1813 3290 homo
1846 3237 1932 3291 ed.
1961 3253 2056 3307 pr.
2106 3201 2156 3291 iii
2188 3249 2312 3287 omo
2346 3236 2468 3289 cod.
2610 3234 2772 3290 Inter
2800 3237 2950 3291 duas

645 3336 938 3391 personas
981 3322 1066 3373 sic
1111 3319 1502 3374 distribuenda
1551 3328 1606 3374 et
1650 3321 1997 3393 corriyenda
2044 3336 2169 3375 esse
2214 3334 2311 3389 au,
2360 3317 2426 3372 ini
2476 3318 2654 3373 homo.
2710 3314 2743 3385 [Γ
2785 3320 2947 3373 immo

652 3403 843 3476 edepol
893 3420 1020 3473 uOS,
1072 3422 1116 3459 S.
1167 3421 1235 3458 m.
1283 3401 1710 3459 concelebrantis
1756 3402 1898 3459 diem
1933 3405 2226 3475 Berykius
2268 3405 2489 3458 annali.
2530 3405 2748 3473 philon.
2788 3404 2950 3459 1870

647 3507 709 3560 p.
744 3487 865 3543 835
899 3496 1111 3544 censet.
1189 3490 1644 3544 Exclamationis
1673 3505 1902 3545 sensum
1922 3531 1939 3558 ‚
1986 3490 2066 3544 ad
2093 3504 2256 3561 quem
2287 3491 2585 3559 sequentia
2616 3491 2950 3544 necessario

645 3576 956 3644 pertinent,
999 3573 1301 3629 Terentius
1330 3575 1558 3645 adelph.
1595 3573 1717 3630 336
1749 3576 2015 3629 declarat
2193 3568 2313 3630 105
2355 3563 2616 3652 soleatus]
2648 3573 2727 3645 cf.
2766 3573 2947 3647 Bery-

652 3658 784 3713 lcius
814 3658 1035 3713 annali.
1066 3657 1286 3728 philotl.
1320 3658 1480 3715 1870
1501 3675 1566 3729 p.
1603 3657 1724 3714 842
1759 3674 1841 3730 sq.
1975 3666 2134 3713 nocte
2163 3658 2403 3713 Iunias.-
2446 3658 2516 3713 de
2546 3665 2712 3713 noctu
2750 3658 2947 3730 forma

649 3758 841 3815 nuper
897 3743 1167 3798 disseruit
1223 3741 1517 3815 Berylcius
1571 3743 1749 3813 symb.
1794 3742 1828 3798 1
1878 3759 1938 3813 p.
1988 3742 2064 3797 79
2237 3740 2339 3796 sub
2397 3740 2524 3796 loue
2581 3746 2795 3814 scripsi
2845 3741 2947 3797 sub

651 3826 779 3881 diuo
824 3827 961 3882 libri
1015 3825 1114 3881 sub
1172 3827 1296 3880 niue
1351 3830 1492 3881 mire
1538 3825 1949 3883 Lachmamms
2003 3830 2059 3881 in
2106 3825 2280 3883 Luer.
2330 3824 2449 3881 227
2510 3827 2612 3881 sul)
2656 3827 2746 3883 dio
2792 3828 2946 3883 Mer·

654 3927 827 3967 ceras
884 3909 984 3964 sub
1040 3909 1130 3964 diu
1175 3910 1431 3983 defendit
1490 3911 1889 3967 Buecheler-us
1942 3927 2084 3967 mus.
2146 3913 2330 3967 Rhen.
2387 3911 2510 3966 XX
2546 3911 2669 3967 432
2724 3910 2947 3966 subdius

657 3996 946 4067 Berylsius
1004 3998 1221 4051 annali.
1273 3995 1497 4065 philolt.
1549 3994 1713 4051 1870
1762 4014 1823 4067 p.
1872 3995 1990 4051 841
2040 4012 2124 4068 sq.
2308 3994 2421 4051 107
2480 3994 2605 4050 inde
2656 3999 2951 4068 praemitti

647 4087 836 4151 potest
1008 4087 1150 4135 recta
1197 4079 1414 4133 domum
1460 4078 1792 4152 digredimur
1844 4081 1982 4136 libri
1991 4122 2008 4150 ,
2065 4082 2220 4152 quod
2260 4084 2391 4136 olim
2437 4096 2817 4137 seruauerant
2862 4095 2948 4135 se·

653 4167 880 4237 quentis
932 4166 1155 4219 senarii
1207 4165 1364 4219 initio
1414 4163 1581 4235 facto
1638 4183 1673 4219 a
1734 4164 2066 4239 digredimur
2119 4166 2329 4228 uerbo,·
2396 4183 2551 4220 nune
2614 4169 2952 4238 transposui

652 4247 985 4322 digredimur
1030 4255 1174 4303 recta
1222 4249 1306 4303 uia
1338 4248 1691 4305 Ritschetius
1721 4266 1917 4321 opusc.
1952 4248 2025 4304 ΙΙ
2051 4249 2172 4305 ‘245
2221 4252 2303 4305 uia
2349 4253 2596 4321 inuitam,
2642 4253 2704 4305 ni
2738 4250 2941 4322 fallor.

827 4332 942 4389 109
992 4331 1358 4387 tenebrionern
1393 4335 1518 4388 edd.
1554 4332 1865 4390 [enchi-ione
1896 4334 2058 4407 libri,
2102 4338 2157 4390 in
2205 4352 2315 4407 quo
2348 4333 2592 4390 tenebrio
2632 4336 2945 4391 subiectum
