3400 5075
1485 303 1845 361 ADDENDA
2698 302 2820 365 CIX

515 468 679 553 cipit
741 492 874 535 non
933 469 1200 555 propius
1262 470 1449 534 abest
1504 492 1542 534 a
1601 469 1938 533 Diomedis
2000 471 2065 532 et
2123 467 2392 552 Pompei
2452 472 2818 553 corruptela

517 585 616 655 qm·
672 600 864 660 quam
933 577 1002 641 in
1067 580 1427 643 ceterorum
1484 580 1822 640 auctorum
1877 574 2076 662 (inter
2132 599 2294 661 quos
2342 575 2585 661 Varro)
2633 576 2817 641 libris

516 683 830 747 traditum
875 705 1051 766 quae,
1100 705 1226 767 quo
1275 684 1358 748 ad
1394 683 1783 747 sententiam
1829 680 2060 745 melius
2098 681 2414 765 quadrare
2450 682 2542 745 nil
2581 685 2817 765 potest.

697 788 1097 874 Ambiguum
1126 813 1267 854 esse
1298 791 1375 854 de
1405 788 1587 854 Accii
1614 812 1673 853 v.
1706 789 1790 851 74
1817 787 2126 851 iudicium
2154 788 2352 853 etiam
2379 811 2549 853 nunc
2580 790 2817 853 sentio:

518 896 627 963 vix
672 898 842 960 enim
889 898 1099 961 minus
1137 898 1454 962 violenter
1491 897 1784 960 mutatur
1821 895 2036 959 exinde
2072 894 2274 981 (quod
2301 898 2366 958 et
2395 897 2716 960 sententia
2753 900 2817 960 et

517 1006 721 1086 praet.
776 1027 834 1068 v.
884 1003 971 1068 25
1026 1006 1189 1069 emim
1240 1001 1488 1090 tuetur)
1536 1024 1730 1087 quam
1784 1001 2128 1084 expellitur
2185 1005 2257 1065 ut
2303 1004 2584 1068 otiosum
2628 1024 2815 1067 viteus.

519 1113 765 1185 certum
819 1114 1041 1175 tamen
1084 1109 1210 1174 hoc
1256 1112 1357 1174 est
1401 1110 1569 1174 {also
1616 1109 1943 1173 indaudies
1987 1108 2093 1172 1110
2140 1110 2353 1173 scribi.
2447 1131 2599 1173 nam
2636 1111 2816 1173 inau-

517 1217 726 1282 aiendi
769 1218 977 1301 notio,
1024 1239 1216 1300 quam
1255 1216 1588 1282 Bentleius
1637 1215 1833 1278 etiam
1881 1212 1962 1277 ad
2008 1213 2153 1278 Ter.
2197 1214 2457 1279 Phorm.
2505 1215 2566 1280 V
2613 1216 2682 1300 6,
2729 1218 2809 1280 37

520 1323 796 1387 sensisse
862 1324 1072 1408 magis
1142 1346 1334 1406 quam
1394 1321 1819 1406 explicavisse
1875 1320 2151 1404 videtur,
2207 1340 2354 1386 cum
2410 1322 2817 1387 adnotaverit

512 1422 681 1492 ‘esse
719 1450 857 1493 rem
894 1430 1072 1513 prius
1112 1428 1432 1493 occultam
1471 1433 1536 1492 et
1573 1427 1852 1491 celatam
1888 1426 2084 1491 fando
2124 1427 2387 1512 audire’,
2432 1430 2527 1491 ita
2564 1428 2816 1493 videtur

524 1534 882 1599 definienda
945 1558 1110 1622 esse,
1174 1538 1248 1599 ut
1311 1537 1482 1619 quod
1544 1535 1686 1619 quis
1751 1532 2023 1598 fortuito
2081 1534 2256 1597 aliud
2312 1555 2510 1620 agens
2569 1535 2816 1600 audivit

520 1641 908 1705 inaudivisse
965 1642 1232 1707 dicatur.
1306 1644 1398 1707 sic
1455 1642 1625 1706 enim
1680 1639 2095 1723 intellegendi
2140 1639 2426 1705 Plautini
2473 1641 2598 1706 loci
2643 1640 2813 1706 hice:
2929 1709 2932 1712 ,

520 1748 656 1812 11111.
701 1750 848 1814 211.
891 1738 1024 1813 ’442
1080 1748 1275 1812 Most.
1321 1748 1452 1813 542
1497 1745 1694 1811 Merc.
1733 1746 1880 1811 941.
1929 1747 2060 1811 944
2108 1745 2306 1811 Stich.
2357 1749 2392 1812 7
2403 1750 2437 1812 7
2487 1747 2704 1813 Aulul.
2748 1748 2811 1813 II

520 1855 579 1939 2,
630 1856 713 1921 88
763 1860 827 1919 et
873 1855 1058 1938 Capt.
1105 1855 1268 1938 prol.
1315 1855 1428 1939 27,
1474 1857 1811 1937 praeterea
1847 1852 2080 1918 Pacuv.
2118 1854 2204 1918 35
2243 1853 2466 1919 Asi-an.
2515 1855 2599 1920 68
2646 1853 2813 1920 Nov.

520 1961 632 2044 56,
683 1960 970 2025 Terentii
1006 1962 1046 2026 l.
1086 1984 1284 2045 supra
1337 1961 1402 2046 1.,
1442 1958 1771 2025 Ciceronis
1823 1960 1903 2024 ad
1939 1958 2078 2025 Att.
2106 1960 2202 2025 VI
2246 1962 2298 2046 1,
2328 1962 2429 2026 20.
2466 1960 2589 2026 XV
2620 1963 2723 2047 26,
2758 1964 2812 2026 1.

517 2066 675 2132 XVI
719 2070 771 2152 1,
811 2069 871 2133 2.
917 2069 999 2133 ad
1034 2069 1187 2133 fam.
1223 2067 1318 2132 IX
1354 2069 1459 2152 24,
1501 2068 1555 2130 1.
1603 2066 1833 2151 fragm.
1882 2067 2054 2150 apud
2093 2066 2382 2132 Nonium
2418 2091 2480 2152 p.
2525 2070 2669 2147 126,
2712 2071 2811 2135 18.

519 2195 597 2239 ex
651 2176 884 2258 quibus
939 2175 1036 2239 illi
1090 2175 1367 2239 maxime
1421 2173 1868 2239 considerandi
1926 2177 2100 2259 sunt,
2165 2175 2395 2259 quibus
2451 2175 2812 2241 clanculum

518 2281 621 2345 vel
678 2282 906 2346 furtim
951 2281 1055 2348 vel
1101 2281 1314 2346 subito
1365 2283 1480 2344 aut
1523 2281 1856 2363 inproviso
1904 2279 2006 2343 vel
2053 2302 2130 2345 ex
2175 2284 2360 2364 parte
2406 2284 2664 2347 tantum
2710 2283 2813 2347 vel

519 2387 730 2451 minus
793 2391 969 2453 certo
1027 2391 1140 2452 aut
1195 2387 1536 2472 diligenter
1591 2386 1812 2451 audita
1867 2386 2247 2450 innuuntur:
2308 2390 2381 2451 ut
2434 2385 2810 2454 Aululariae

518 2494 661 2561 loco
709 2489 925 2561 ‘credo
985 2516 1106 2581 ego
1162 2494 1343 2559 illum
1401 2495 1532 2559 iam
1588 2493 1937 2558 inaudiisse
1995 2492 2153 2557 mihi
2201 2514 2342 2558 esse
2388 2494 2810 2563 thensaurum

521 2601 737 2686 domi'‚
801 2603 972 2686 quod
1035 2603 1144 2688 qui
1208 2601 1428 2665 audire
1483 2602 1771 2685 potuerit
1834 2599 2222 2685 Megadorus
2285 2602 2411 2666 nisi
2475 2602 2809 2670 Euclionis

519 2709 894 2773 subfuratus
956 2708 1328 2772 sermones?
1393 2711 1458 2771 et
1513 2707 1737 2772 eodem
1792 2706 2197 2771 referendum
2250 2707 2420 2793 quod
2473 2709 2583 2774 ille
2639 2710 2811 2795 apud

521 2814 862 2880 Afranium
908 2836 1133 2879 cavere
1182 2815 1358 2880 iubet
1394 2808 1500 2878 ‘ne
1548 2815 1654 2878 ille
1683 2813 2062 2878 indaudiat'.
2134 2815 2291 2880 item
2320 2838 2538 2880 senem
2568 2816 2807 2884 Tranio

519 2922 587 2986 in
621 2920 1026 2987 Mostellaria
1071 2922 1320 3005 metuit,
1366 2943 1445 2985 ne
1494 2920 1570 2985 de
1626 2921 1994 3004 sumptibus
2050 2922 2164 2986 filii
2220 2923 2552 3008 insperato
2599 2917 2807 3010 ‘quip-

519 3029 695 3112 piam
741 3028 1214 3093 indaudiverit'.
1305 3027 1596 3091 Modeste
1642 3027 1749 3091 ille
1797 3028 1865 3090 in
1910 3050 2240 3093 armorum
2277 3028 2510 3094 iudicio
2547 3029 2811 3096 Pacuvii

518 3134 803 3219 loquitur
847 3130 1047 3220 ‘quod
1101 3154 1221 3219 ego
1277 3133 1561 3199 inaudivi
1618 3134 1932 3220 accipite’,
1987 3157 2192 3219 neque
2249 3138 2420 3201 enim
2468 3139 2685 3202 omnia
2732 3162 2811 3204 ex

520 3241 740 3306 ordine
787 3245 854 3305 et
900 3246 1076 3307 certo
1116 3263 1183 3304 se
1220 3262 1484 3305 narrare
1512 3262 1703 3324 posse
1734 3242 2094 3324 profitetur.
2156 3237 2488 3327 ‘Repente'
2520 3245 2809 3313 additum

518 3350 717 3412 etiam
772 3351 874 3413 est
928 3347 1098 3432 apud
1152 3347 1463 3412 Novium:
1509 3341 1705 3411 ‘unde
1760 3347 1885 3412 1100
1940 3350 2076 3412 tam
2133 3354 2397 3433 repente
2451 3349 2807 3419 Iucundum

518 3456 804 3519 inaudivi
852 3453 1160 3519 melum?’
1208 3453 1350 3518 Iam
1397 3453 1539 3538 quis
1576 3475 1708 3518 non
1743 3454 2065 3540 intellegit
2101 3478 2295 3540 quam
2333 3458 2607 3523 absurde
2636 3458 2808 3544 apud

517 3559 787 3626 Accium
826 3561 953 3646 1110,
1001 3561 1108 3646 qui
1148 3560 1302 3624 data
1347 3581 1546 3642 opera
1591 3562 2007 3625 narraturum
2036 3584 2102 3626 se
2133 3584 2273 3627 esse
2302 3562 2609 3648 quidquid
2646 3567 2811 3636 sciat

520 3668 726 3752 alteri,
775 3690 962 3753 quem
1004 3667 1278 3732 sollicite
1325 3666 1719 3750 quaesivisse
1766 3671 2272 3732 consentaneum
2302 3673 2426 3755 est,
2463 3672 2809 3758 promittit,

518 3774 611 3839 sic
655 3774 834 3859 loqui
877 3777 1165 3859 putetur:
1211 3795 1367 3856 quae
1408 3773 1568 3839 301110
1615 3775 1952 3839 inda-adies.
2028 3774 2328 3840 Ceterum
2373 3778 2597 3843 eadem
2625 3802 2805 3862 prae-

518 3881 860 3964 positionis
907 3890 970 3946 in
1016 3881 1429 3966 significatiO,
1490 3903 1617 3964 qua
1661 3880 1960 3946 incidisse
2009 3885 2226 3946 actum
2271 3884 2452 3949 verbi
2499 3885 2565 3949 in
2612 3886 2807 3950 aliam

518 4008 653 4051 rem
709 3988 999 4074 intellegi
1054 3990 1338 4073 iubetur,
1400 3987 1543 4052 vide
1591 4009 1677 4051 an
1722 3987 1919 4052 etiam
1967 3988 2049 4051 ad
2091 3988 2215 4054 hoc
2263 3988 2554 4055 Suetonii
2599 4015 2807 4056 exem—

519 4094 698 4178 plum
727 4093 869 4160 Tib.
898 4095 983 4160 39
1015 4094 1376 4160 adhibenda
1406 4096 1521 4159 sit:
1558 4089 1923 4160 ‘incenante
1954 4117 2029 4160 00
2059 4097 2395 4180 complura
2424 4102 2489 4162 et
2515 4099 2806 4183 ingentia

519 4223 676 4265 saxa
720 4201 991 4266 fortuito
1041 4224 1316 4286 superne
1346 4201 1610 4287 delapsa
1638 4201 1830 4287 sunt,'
1880 4201 2013 4266 scil.
2080 4203 2232 4268 dum
2263 4204 2428 4268 forte
2459 4204 2803 4292 aliquando

518 4309 816 4396 cenabat,
863 4308 1095 4376 accidit
1139 4313 1213 4374 ut
1259 4332 1417 4375 saxa
1454 4308 1919 4376 delaberentur.
