3400 5075
615 280 734 336 CVI
1501 280 2024 337 COROLLARNM

790 444 866 508 In
920 444 1246 526 Afranii
1307 467 1365 510 v.
1428 446 1506 510 17
1563 445 1910 512 accubuisse
1976 446 2175 511 etiam
2229 445 2597 533 Madvigius
2659 471 2721 533 p.
2782 449 2910 515 656

614 550 902 617 coniecit.

790 659 877 724 55
927 679 1019 741 sq.
1067 660 1170 723 leti
1213 680 1410 724 unum
1450 680 1646 743 yona-s
1682 658 1949 742 Coqnovs
1966 712 1981 739 ‚
2027 663 2307 726 nationes
2354 662 2705 727 morborum
2743 662 2911 727 idem

612 787 673 847 p.
729 765 857 830 656
925 765 1247 829 sententia
1303 764 1611 851 absurda,
1677 767 1963 830 numeris
2022 768 2335 850 quantum
2389 766 2646 851 quidem
2702 768 2912 834 sentio

612 872 826 936 nullis.

791 979 921 1043 203
969 980 1108 1044 nolo
1152 979 1250 1045 hic
1297 986 1349 1044 te
1384 982 1588 1046 videat
1618 983 1940 1058 dominus;
1986 983 2083 1047 st!
2128 981 2297 1046 idem
2328 1004 2387 1065 p.
2418 983 2548 1047 662
2576 981 2911 1047 inutiliter.

792 1085 916 1149 237
967 1088 1167 1169 accipe
1213 1092 1279 1151 tu
1321 1087 1482 1152 hanc
1528 1093 1770 1171 teyetem
1822 1088 1994 1153 idem
2039 1110 2101 1171 p.
2150 1090 2277 1153 657
2327 1084 2499 1172 (vide
2547 1089 2909 1154 adnotatio·

611 1213 758 1256 nem
805 1190 1063 1277 meam).
2342 1179 2355 1191 ’

790 1299 916 1364 317
967 1299 1035 1362 in
1082 1300 1257 1363 exitu
1302 1301 1676 1383 samalicium
1723 1303 2007 1387 tradidit,
2065 1303 2194 1368 318
2250 1302 2440 1366 initio
2495 1303 2647 1384 quid
2687 1323 2782 1367 me
2826 1308 2915 1368 est

619 1407 826 1470 ani-mi
872 1407 1236 1471 escen-itius?
1282 1406 1456 1471 idem
1501 1428 1562 1490 p.
1609 1409 1739 1473 653
1788 1408 2112 1473 sententia
2155 1408 2281 1474 loci
2327 1429 2458 1471 non
2506 1413 2825 1474 enarrata.

787 1513 918 1579 372
974 1518 1130 1578 tumr
1157 1515 1555 1596 nmo-aymam,
1611 1521 1742 1579 tum
1796 1536 1894 1580 me
1945 1536 2257 1581 morosam
2303 1515 2568 1596 praebeo
2622 1515 2793 1579 idem
2848 1538 2909 1598 p.

611 1620 765 1684 665:
821 1624 887 1685 et
939 1620 1107 1686 ictus
1154 1620 1445 1705 corrupit
1490 1623 1556 1684 et
1601 1621 1774 1705 quod
1817 1622 2015 1707 prisci
2064 1622 2380 1686 sermonis
2426 1622 2763 1706 proprium
2810 1626 2911 1687 est

608 1727 844 1811 duplex
887 1728 1037 1792 dum
1080 1731 1322 1792 temere
1368 1730 1660 1793 removit.
1966 1730 1985 1750 ⁸

786 1834 916 1900 382
964 1836 1168 1916 nulla]
1221 1839 1334 1900 aut
1378 1836 1578 1901 multa
1625 1838 1739 1899 aut
1784 1836 2004 1918 potius
2050 1837 2187 1902 alia
2230 1859 2291 1921 p.
2323 1836 2453 1902 653
2502 1836 2906 1900 scribendum

608 1943 860 2005 censet:
925 1940 1122 2005 immo
1190 1941 1444 2025 quaerit
1508 1963 1662 2006 sane
1727 1942 1902 2007 mala
1961 1946 2142 2007 aetas
2198 1943 2405 2007 multa
2462 1943 2907 2028 delenimenta,

609 2046 721 2110 sed
782 2048 1018 2111 invenit
1079 2047 1285 2131 nulla,
1350 2046 1416 2111 id
1478 2048 1650 2131 quod
1707 2048 2150 2131 superioribus
2205 2048 2338 2112 iam
2393 2049 2686 2113 versibus
2746 2050 2906 2113 satis

611 2153 1046 2237 significatum
1087 2158 1213 2217 est:
1251 2148 1334 2218 ‘si
1362 2160 1610 2238 possent
1642 2155 1939 2221 homines
1978 2155 2423 2222 delenimentis
2462 2149 2626 2239 capi'
2678 2178 2732 2219 e.
2769 2180 2828 2242 q.
2857 2179 2907 2220 s.

782 2294 861 2360 In
906 2296 1300 2381 Pomponii
1343 2321 1400 2362 v.
1454 2298 1573 2363 161
1626 2319 1821 2383 verre,
1865 2319 2037 2363 sume
2080 2321 2141 2382 p.
2189 2300 2335 2363 667.

1096 2617 1232 2685 ΑΙ)
1292 2617 1819 2686 TRAGICOS
1879 2616 2413 2685 ADDENDA.

782 2796 1126 2881 Reliquum
1173 2800 1444 2883 denique
1490 2801 1591 2863 est
1633 2801 1709 2862 ut
1754 2797 1905 2882 quid
1942 2798 2010 2862 in
2044 2799 2394 2884 tragicos
2433 2820 2611 2865 meos
2651 2799 2902 2867 duobus

605 2903 708 2968 his
756 2904 943 2970 annis
992 2906 1074 2971 ab
1119 2906 1492 2971 hominibus
1539 2906 1642 2969 vel
1689 2904 1896 2969 doctis
1943 2905 2043 2970 vel
2093 2903 2304 2969 minus
2335 2904 2541 2969 doctis
2571 2907 2901 2972 conlatum

607 3011 694 3074 sit
739 3010 1101 3077 studiorum
1148 3014 1431 3077 breviter
1476 3032 1768 3077 enarrem
1807 3014 1999 3095 atque
2036 3032 2421 3076 recenseam.
2494 3009 2591 3076 Ac
2618 3012 2898 3096 primum

607 3117 759 3202 quid
805 3117 1073 3184 debeam
1110 3119 1230 3203 eis,
1276 3119 1383 3202 qui
1429 3118 1685 3202 publice
1733 3118 1977 3182 iudices
2020 3117 2174 3182 libri
2221 3117 2348 3182 mei
2377 3117 2762 3202 extiterunt,
2805 3120 2899 3185 vi-

605 3222 792 3288 detur
836 3224 1267 3309 profitendum
1317 3246 1484 3308 esse,
1531 3224 1758 3289 deinde
1804 3247 1921 3308 per
1969 3228 2257 3289 saturam
2298 3224 2629 3289 sumbolas
2660 3229 2897 3290 cetero-

605 3353 746 3394 rum
793 3332 1223 3415 perlustrabo·

781 3437 1097 3502 Iudicium
1143 3440 1360 3502 autem
1405 3460 1537 3503 non
1582 3439 1944 3524 malignum
1992 3437 2067 3500 de
2115 3437 2329 3520 priore
2375 3436 2701 3502 volumine
2749 3438 2900 3502 tulit

462 3529 474 3536 ’
604 3546 672 3608 in
728 3545 1059 3609 Leutschii
1122 3544 1329 3608 indice
1392 3544 1791 3630 philologico
1859 3544 2010 3607 anni
2073 3545 2241 3607 1872
2296 3565 2357 3626 p.
2413 3544 2543 3608 286
2600 3566 2691 3626 sq.
2746 3567 2898 3609 ano-

604 3675 864 3737 nymuS‚
929 3651 1070 3735 qui,
1123 3651 1250 3715 nisi
1303 3651 1558 3736 egregie
1617 3651 1836 3736 fallor,
1884 3653 1998 3714 aut
2041 3650 2210 3714 idem
2257 3653 2370 3714 aut
2414 3653 2487 3713 ut
2530 3649 2698 3714 lacte
2744 3649 2898 3715 lacti

606 3757 835 3822 similis
884 3759 1021 3822 eius
1069 3760 1194 3840 est,
1241 3757 1351 3841 qui
1398 3757 1826 3822 meletematis
1870 3756 2190 3821 Plautinis
2239 3761 2388 3820 ante
2419 3755 2668 3840 aliquot
2695 3749 2897 3822 annos

605 3865 1010 3932 accusativos
1068 3864 1208 3928 med
1264 3865 1329 3926 et
1389 3865 1487 3928 ted
1542 3864 1884 3947 acerrime,
1944 3863 2056 3928 sed
2115 3863 2461 3927 infeliciter
2518 3867 2896 3947 persecutus

605 3975 721 4036 est.
794 3971 965 4036 Nam
1010 3971 1117 4035 hic
1162 3991 1413 4054 quoque
1459 3972 1639 4034 totus
1686 3969 1755 4034 in
1792 3967 1875 4036 ‘eo
1923 3973 2235 4054 versatur,
2281 3973 2355 4034 ut
2400 3992 2543 4034 cum
2588 3968 2711 4035 has
2758 3973 2895 4034 tum

606 4078 925 4142 ablativos
975 4078 1041 4140 in
1086 4078 1130 4141 d
1172 4078 1477 4139 exeuntes
1514 4075 1779 4141 fastidio
1807 4076 2025 4141 nescio
2056 4098 2181 4160 quo
2211 4076 2649 4160 undecumque
2677 4078 2898 4159 potest

605 4185 922 4267 expellere
952 4187 1244 4265 conetur3
1292 4185 1357 4246 et
1395 4181 1591 4246 dubia
1619 4182 1874 4267 quidem
1904 4183 1973 4246 in
1999 4187 2141 4248 toto
2168 4182 2293 4249 hoc
2321 4204 2573 4268 genere,
2617 4181 2894 4246 maxime

608 4313 758 4356 vero
832 4291 899 4354 in
964 4290 1318 4356 frustorum
1383 4288 1614 4357 misere
1678 4289 2051 4356 habitorum
2114 4289 2367 4356 laciniis
2430 4288 2623 4354 nimis
2686 4284 2895 4352 multa
