3400 5075
589 252 673 315 24
1495 254 1604 309 cn,
1644 254 1959 307 NAEv1vs

1442 410 2051 477 TVNICVLARIA

1641 525 1673 589 I
1721 522 1822 610 (2)

1865 640 2273 705 Theodotum

597 755 722 818 100
769 752 1128 839 CompsseS,
1177 752 1501 841 [pingens]
1551 756 1661 840 qui
1709 757 1853 820 tiras
1901 753 2369 840 Compitalibus

771 867 1013 935 Sedens
1061 872 1128 934 in
1176 872 1337 936 cella
1384 867 1838 936 circumtectus
1886 871 2208 955 tegetibus

769 984 965 1050 Lares
1010 987 1292 1051 ludentis
1337 986 1489 1071 pe'ni
1535 986 1748 1071 pinxit
1792 984 2051 1049 bubula

1634 1152 1699 1217 11
1748 1150 1846 1237 (1)

1868 1266 2132 1331 exbolas

770 1356 1112 1431 Quassant.

1618 1463 1720 1527 111
1767 1461 1867 1549 (3)

599 1577 723 1643 105
1556 1578 1692 1643 eius
1739 1580 1995 1642 noctem
2043 1598 2252 1641 nauco
2299 1576 2526 1641 ducere

731 1808 1124 1858 Tvntcvnasu
1193 1808 1220 1857 1
1256 1807 1457 1857 Festus
1492 1823 1545 1871 p.
1573 1810 1674 1859 230
1696 1808 1773 1858 M.
1848 1812 2102 1872 ‘penem
2138 1808 2356 1870 antiqui
2395 1806 2581 1856 codam
2618 1808 2891 1859 uocabant

592 1904 660 1914 -
685 1902 742 1911 —-
773 1875 976 1925 dietum
1012 1881 1098 1925 est
1136 1874 1372 1924 forsitan
1409 1892 1442 1924 a
1476 1875 1784 1939 pendendo.
1855 1875 2132 1925 Naeuius’
2170 1873 2365 1938 (neut‘
2401 1873 2514 1928 cod.
2541 1881 2685 1925 teste
2711 1877 2777 1925 H.
2806 1876 2893 1937 Κ.)

594 1946 676 1994 ‘in
712 1942 1103 1993 Tunicularia:
1150 1942 1509 1992 Theodotum’
1551 1960 1598 1993 e.
1632 1957 1686 2006 q.
1725 1957 1769 1995 s.
1839 1942 2141 2006 ‘significat
2178 1942 2429 2006 peniculo
2465 1942 2690 2006 grandi,
2730 1944 2782 1993 id
2809 1950 2893 1994 est

592 2012 772 2064 codas
844 2008 1152 2073 Respondit
1187 2008 1256 2058 de
1294 2009 1399 2059 hoc
1433 2009 1553 2060 loco
1592 2010 1962 2060 Klussmanno
1998 2010 2099 2063 Th.
2137 2009 2396 2059 Panofka
2439 2024 2572 2059 mus.
2609 2010 2779 2061 Rhen.
2816 2012 2894 2061 1v

601 2083 698 2130 133
734 2092 856 2142 sqq.
904 2076 1047 2127 conl.
1085 2076 1371 2139 Macrobio
1417 2078 1533 2128 Sat.
1573 2077 1599 2126 1
1637 2078 1692 2138 7,
1731 2079 1816 2128 34.
1896 2079 2138 2127 Acumen
2186 2076 2373 2126 horum
2426 2092 2681 2127 uersuum
2725 2078 2781 2127 in
2828 2095 2892 2128 eo

594 2145 831 2212 positum
867 2143 1113 2206 uidetur,
1151 2145 1292 2208 quod
1329 2144 1606 2195 triuialem
1632 2143 1945 2209 nulliusque
1972 2146 2109 2194 artis
2146 2144 2393 2194 tabulam
2427 2146 2672 2208 picturus
2710 2150 2892 2195 tamen

599 2213 759 2279 quasi
795 2211 1038 2261 diuinum
1077 2226 1212 2277 opus
1249 2217 1399 2262 esset
1434 2226 1728 2276 aggressus
1762 2211 2003 2276 undique
2033 2228 2091 2261 se
2119 2211 2536 2276 circumsaepsit
2560 2212 2892 2262 Theodotus.

595 2282 760 2331 Hunc
797 2284 982 2330 autem
1022 2278 1392 2330 cautissimum
1431 2284 1487 2330 et
1524 2280 1729 2344 optime
1765 2280 2031 2328 munitum
2068 2280 2245 2328 uirum
2285 2296 2351 2328 ex
2389 2281 2510 2343 ipsa
2548 2279 2684 2329 aede
2722 2282 2895 2329 furari

594 2363 757 2414 posse
796 2347 1031 2397 callidus
1068 2348 1156 2396 fur
1203 2346 1425 2399 dicitur.
1497 2347 1828 2397 Ludentium
1873 2346 2047 2397 larum
2094 2347 2335 2411 imagine
2372 2345 2527 2396 ludos
2564 2347 2897 2411 Compitales

599 2416 836 2466 indicari
870 2413 1149 2464 Prellerus
1185 2413 1410 2478 mythol.
1435 2414 1589 2464 Rom.
1613 2416 1716 2464 495
1751 2412 2014 2472 coniecit3
2053 2413 2328 2462 saltantes
2364 2412 2638 2462 intellexit
2674 2416 2745 2467 H.
2773 2416 2897 2465 Jor-

593 2484 768 2533 danus
808 2481 1013 2532 annali.
1062 2482 1303 2533 instituti
1350 2481 1622 2533 archaeol.
1665 2481 1796 2532 1862
1841 2496 1892 2547 p.
1932 2449 2031 2531 33⁹8
2166 2481 2223 2531 11
2261 2476 2437 2531 Varro
2491 2480 2558 2530 de
2607 2479 2642 2532 1.
2688 2484 2751 2536 L.
2789 2481 2894 2533 VII

599 2555 696 2603 108
733 2551 806 2601 Μ.
842 2549 1012 2614 ‘apud
1048 2548 1318 2601 Naeuium
1356 2553 1411 2600 in
1435 2551 1684 2602 Hesiona
1695 2587 1857 2602 .....
1869 2553 1925 2599 in
1961 2548 2346 2600 Tunicularia:
2382 2547 2662 2599 exbolas
2699 2565 2894 2615 quas-

598 2624 756 2670 sant
792 2615 1006 2668 aulas’
1046 2614 1208 2677 (corr.
1247 2619 1303 2667 in
1341 2617 1549 2668 alilas
1593 2616 1789 2681 Flor.)‚
1834 2622 2001 2682 ‘quae
2042 2618 2342 2678 eiciuntur,
2390 2633 2424 2665 a
2470 2617 2681 2667 Graeco
2725 2618 2895 2668 uerbo

598 2686 788 2738 ecbole
825 2684 1067 2735 dictum.'
1142 2684 1592 2748 (auricularia
1617 2684 1737 2735 cod.
1762 2691 1873 2735 uet.
1901 2684 2162 2747 Turnebi)
2268 2685 2351 2735 111
2385 2685 2590 2734 Festus
2625 2700 2677 2748 p.
2706 2686 2801 2735 166
2819 2684 2891 2733 M.

599 2759 903 2803 ‘naucum
941 2752 1023 2802 ait
1054 2752 1249 2802 Ateius
1282 2752 1605 2816 Philologus
1641 2754 1774 2819 poni
1819 2767 1916 2817 pro
1963 2753 2127 2815 nugis
2164 2777 2223 2789 —
2262 2778 2329 2787 —
2362 2777 2429 2787 —
2466 2757 2524 2801 et
2558 2750 2801 2802 Naeuius
2838 2753 2893 2800 in

598 2819 983 2872 Tunicularia:
1020 2820 1161 2870 eius’
1201 2836 1245 2874 e.
1286 2837 1337 2885 q.
1375 2835 1417 2875 s.

774 3069 894 3126 100
937 3068 1197 3142 cotupilcs
1241 3072 1456 3140 scripsi
1496 3067 1791 3141 compellas
1823 3069 1947 3125 cod.
1998 3065 2212 3141 (fuitne
2244 3069 2589 3144 compeilas?)
2635 3072 2897 3144 compella

601 3154 870 3227 Scaliyer
895 3152 1104 3226 Castiy.
1141 3154 1219 3209 acl
1237 3153 1392 3209 Fest.
1419 3153 1665 3226 p.CXX
1687 3152 1923 3226 appellas
1960 3153 2022 3208 0.
2048 3153 2369 3210 Muellerus
2385 3153 2624 3227 adpelles
2655 3154 2899 3213 Botln‘us

768 3239 999 3312 pingens
1029 3238 1253 3308 addidi,
1299 3255 1402 3294 om.
1436 3239 1562 3295 cod.
1594 3252 1767 3309 nuper
1810 3239 1937 3294 olim
1980 3240 2340 3294 inserueram
2513 3240 2616 3293 aris
2661 3239 2899 3312 Maelzly

600 3324 820 3380 annall.
849 3323 1069 3394 philoll.
1107 3321 1264 3379 1861
1308 3339 1371 3393 p.
1408 3321 1547 3391 140,
1581 3324 1711 3377 item
1742 3335 1899 3392 susp.
1931 3322 2011 3377 H.
2041 3322 2265 3378 Jordan
2314 3319 2359 3395 (‘
2383 3322 2552 3379 Vesta
2583 3330 2637 3379 et
2665 3323 2896 3380 Lares?

604 3407 868 3464 Berolini
910 3406 1070 3464 1865
1109 3424 1177 3479 p.
1225 3405 1356 3477 19).·
1403 3423 1504 3480 eqo
1550 3407 1678 3463 olim
1714 3407 2121 3462 intellexeram
2166 3405 2291 3479 ‘qm'
2327 3409 2520 3478 pinxit
2549 3423 2724 3482 aras,
2771 3410 2898 3464 scil.

597 3495 763 3549 lares
815 3490 1112 3548 ludentis?
1201 3491 1326 3560 Qua
1384 3498 1685 3549 contentus
1742 3497 2040 3546 structura
2090 3493 2279 3562 possis
2333 3494 2503 3546 etiam
2556 3491 2698 3547 ludis
2763 3499 2899 3549 ante

600 3574 986 3649 Compitalibus
1015 3578 1321 3633 inserendo
1353 3592 1586 3632 uersum
1617 3577 1878 3647 explere.
1955 3573 2317 3646 ’l'heodotum,
2349 3575 2626 3648 oppcilans
2658 3577 2750 3649 qui
2781 3593 2899 3632 aras

603 3661 1032 3722 Buechelerus‚·
1076 3662 1180 3716 sed
1219 3660 1538 3734 compilandi
1585 3661 1822 3716 uerbum
1868 3675 1997 3714 cum
2056 3663 2332 3715 uniuersa
2378 3664 2661 3715 sententia
2708 3668 2902 3718 tuetur

603 3753 719 3800 tum
763 3745 1073 3801 Phaedrus
1116 3744 1217 3801 IV
1259 3744 1358 3816 11,
1407 3746 1437 3800 1
1489 3759 1575 3817 sq.
1754 3742 1868 3799 101
1926 3743 2306 3799 circumtectus
2342 3743 2404 3799 Ο.
2435 3742 2757 3802 Muellerus
2801 3747 2902 3820 cir-

603 3836 936 3884 cumtectuas
992 3830 1116 3885 cod.
1177 3829 1523 3884 circumtecta
1583 3827 1849 3901 Scaliyer
1905 3828 2284 3883 circumtectus
2339 3827 2607 3898 Maelzly:
2657 3829 2902 3901 facilius

602 3914 1007 3984 circumtectas,
1054 3913 1178 3969 scil.
1226 3929 1374 3984 aras,
1416 3914 1790 3986 probauerim
1922 3911 2041 3967 103
2087 3910 2299 3966 ecbolas
2350 3911 2409 3967 Ο.
2459 3912 2779 3970 Muellerus

607 3995 727 4054 104
784 4004 1040 4070 quassant
1085 3996 1232 4052 aulas
1296 3991 1378 4069 (ut
1438 3995 1584 4052 aulas
1627 3999 2201 4067 interpretamentum
2276 3996 2555 4054 Varronis
2599 3996 2692 4068 sit)
2736 3998 2899 4054 Flor.
2984 4041 2995 4050 .

604 4087 745 4138 teste
773 4080 1173 4138 Wilmannsio:
1207 4099 1262 4135 u.
1292 4098 1497 4153 supra.
1529 4074 1698 4156 [idem
1731 4084 1901 4137 sentit
1921 4081 2210 4155 Berylcius
2238 4084 2458 4137 annall.
2489 4082 2709 4154 plu‘loll.
2739 4080 2904 4136 1870

601 4160 860 4308 Ῑέοῧέἐὲ
909 4165 1058 4224 aulas
1105 4174 1360 4239 quassant
1406 4166 1568 4227 Goth.
1617 4164 1745 4222 alias
1803 4173 2058 4244 quassant
2103 4165 2294 4224 Paris.
2344 4185 2378 4220 a
2585 4163 2702 4222 105
2749 4165 2901 4218 nauci
