3400 5075
1366 224 1894 280 COROLLARIVM
2619 228 2768 283 LXV

660 393 701 455 6
747 390 876 452 heic
920 389 987 451 in
1036 388 1358 471 scriptura
1403 387 1518 452 hac
1562 390 1767 453 latere
1813 412 2019 473 nuper
2066 391 2478 454 observatum
2527 396 2638 456 est.

662 497 743 559 14
797 494 995 559 Initio
1052 517 1446 578 quamquam
1503 496 1892 560 sententiam
1958 496 2178 560 addito
2233 498 2430 560 voltus
2486 524 2530 561 s,
2582 498 2774 578 facies

474 625 607 668 non
664 603 882 684 inepte
937 601 1478 685 redintegravisse
1532 602 1697 666 mihi
1754 602 2001 686 videor,
2056 606 2276 666 tamen
2331 626 2412 667 ne
2449 604 2771 669 Bentinus

476 710 733 793 quidem
798 707 1299 790 inprobabiliter
1360 708 1536 771 tituli
1604 709 2042 791 corruptelam
2101 711 2404 792 augurius
2462 712 2771 796 interpre-

475 819 649 879 tatus
712 818 810 877 est
853 814 1225 895 aufflaeribus:
1274 814 1368 876 ita
1412 815 1756 877 Matertera
1812 818 1877 877 et
1919 816 2320 895 Materterae,
2375 818 2774 881 melisina

478 926 545 985 et
590 921 1025 985 Brundisinae
1060 919 1320 984 Afranii
1368 920 1741 1006 laudantu13
1789 921 2070 986 Decuma
2107 927 2173 985 et
2201 922 2526 1001 Dec-remae,
2573 925 2772 988 Mali-

475 1029 601 1092 voli
643 1032 708 1092 et
754 1027 1097 1091 Malivolus
1143 1024 1368 1110 Novii3
1418 1049 1536 1109 pro
1592 1028 2026 1092 Pancratiaste
2078 1028 2276 1092 Ennii
2321 1029 2399 1093 fr.
2446 1029 2542 1093 III
2599 1030 2771 1094 Pan-

477 1135 814 1209 cratiastz‘S,
871 1155 987 1216 pro
1038 1131 1454 1197 Piscatoribus
1500 1132 1847 1217 Pomponii
1893 1134 1969 1198 fr.
2018 1134 2118 1197 ΠΙ
2173 1135 2516 1199 Piscatores
2571 1136 2640 1199 in
2685 1137 2773 1200 W

475 1241 744 1325 legitur3
810 1239 1105 1322 idemque
1165 1237 1417 1303 Nonius
1484 1237 1918 1323 ‘Pomponius
1964 1239 2367 1305 Fullonibus’
2434 1239 2537 1326 (fr.
2584 1240 2643 1325 I)
2710 1246 2776 1305 et

478 1344 789 1411 ‘Fullone'
836 1344 942 1430 (fr.
978 1344 1091 1429 ΙΙ),
1139 1344 1473 1409 ‘Laberius
1523 1347 1642 1409 late
1688 1346 2088 1427 loquentibus'
2137 1351 2203 1410 et
2248 1349 2411 1430 „late
2457 1348 2773 1428 loquente“

478 1453 694 1516 habet.
786 1449 1087 1514 Ceterum
1134 1450 1533 1517 Buechelero
1582 1474 1738 1535 prae
1796 1454 1941 1517 aliis
1989 1477 2153 1538 quae
2202 1455 2480 1518 coniecit
2533 1452 2627 1538 (os
2671 1456 2773 1518 vel

477 1557 744 1643 corruit)
790 1557 1040 1640 placuit
1084 1557 1264 1621 hiscit
1304 1564 1374 1621 ut
1413 1560 1635 1639 fallaci
1681 1581 1732 1622 e.
1763 1581 1819 1641 q.
1851 1584 1896 1622 s.
1973 1560 2080 1622 sed
2118 1581 2322 1642 neque
2371 1560 2613 1623 hiantis
2661 1582 2771 1642 pa-

477 1666 657 1729 rietis
706 1665 1002 1747 aspectus
1039 1664 1243 1728 fallax
1281 1668 1347 1727 et
1384 1688 1690 1729 amoenus
1732 1668 1830 1727 est
1873 1688 1990 1728 nec
2029 1666 2291 1729 omnino
2331 1687 2477 1728 cum
2524 1665 2772 1747 pariete

475 1773 655 1855 picto
721 1775 929 1853 extra,
984 1771 1157 1834 intus
1221 1773 1484 1854 putrido
1534 1775 1683 1854 apte.
1742 1775 2159 1854 comparatur
2221 1771 2349 1835 nisi
2397 1771 2567 1854 quod
2624 1793 2771 1837 con-

478 1881 743 1959 cretum,
789 1880 864 1939 ut
907 1877 1005 1940 ita
1050 1877 1282 1961 dicam,
1329 1882 1395 1941 et
1441 1900 1823 1961 corporeum
1873 1879 1973 1941 sit.

657 1985 744 2047 20
792 2005 881 2066 sq.
930 1983 1010 2046 cf.
1057 1984 1134 2047 A.
1182 1983 1394 2047 Luchs
1444 1985 1606 2047 stud.
1651 1984 1686 2046 l
1733 1986 1816 2048 69

657 2092 738 2154 27
788 2110 901 2170 que
934 2112 1069 2153 non
1108 2091 1315 2174 magis
1364 2090 1469 2153 hic
1510 2090 1736 2154 dubito
1776 2092 1931 2173 quin
1981 2091 2062 2154 ab
2111 2091 2580 2175 interpolatore
2627 2115 2772 2176 pro-

475 2196 727 2262 nomini
769 2191 943 2276 'quod
1002 2196 1293 2260 additum
1349 2197 1437 2261 sit
1490 2218 1684 2279 quam
1741 2196 1810 2259 in
1864 2194 2083 2258 Plauti
2131 2196 2264 2259 mil.
2312 2197 2397 2280 gl.
2446 2199 2602 2281 508,
2659 2200 2770 2262 ubi

479 2304 652 2368 solus
701 2300 756 2366 C
795 2305 975 2364 caret
1019 2302 1584 2393 interpolamento.
1656 2305 1881 2365 nostro
1931 2304 2149 2364 autem
2194 2300 2340 2365 loco
2388 2304 2587 2367 etiam
2635 2327 2772 2369 sen-

474 2409 686 2473 tentia
740 2406 1042 2490 repudiat
1085 2407 1257 2471 istud
1303 2430 1440 2489 que,
1498 2430 1645 2471 cum
1700 2408 2115 2471 subiunctum
2171 2407 2256 2470 sit
2310 2405 2435 2471 hoc
2482 2412 2770 2474 enuntia-

476 2520 618 2581 tum
664 2514 1011 2580 relativum
1058 2513 1281 2597 priori.
1540 2581 1547 2594 ,

656 2625 742 2687 29
798 2620 1064 2685 Falsum
1126 2624 1224 2684 est
1278 2621 1449 2704 qnod
1506 2621 1840 2686 contendit
1896 2619 2330 2703 Nipperdeius
2390 2643 2772 2704 quemquam,

474 2755 609 2796 non
653 2729 1002 2813 quempiam
1050 2728 1455 2791 scribendum
1503 2728 1721 2809 fuisse,
1767 2728 1922 2810 quia
1959 2727 2207 2791 scilicet
2241 2750 2433 2792 nemo
2473 2751 2618 2793 eum
2654 2729 2772 2792 Te-

477 2837 688 2902 rentio
737 2835 1105 2917 comparari
1143 2857 1330 2917 posse
1369 2835 1639 2916 dicatur,
1685 2835 2034 2915 quempiam
2081 2836 2298 2896 autem
2338 2835 2446 2917 qui
2485 2839 2772 2919 poneret,

476 2946 651 3008 hunc
697 2942 797 3005 vel
844 2941 1049 3022 illum,
1096 2943 1266 3003 certe
1313 2963 1511 3005 unum
1560 2941 1862 3024 aliquem,
1891 2941 2000 3023 qui
2048 2962 2194 3003 cum
2241 2939 2354 3004 illo
2387 2942 2772 3025 conferatur,

478 3049 757 3135 cogitari
804 3069 989 3130 posse
1039 3049 1369 3110 statueret.
1436 3047 1594 3110 satis
1635 3050 1735 3111 est
1760 3047 2078 3111 Ballionis
2117 3046 2184 3109 in
2213 3046 2535 3112 Pseudulo
2573 3049 2773 3112 verba

479 3181 535 3221 v.
566 3157 693 3221 219
744 3174 1095 3237 opponere:
1145 3152 1444 3238 ‘numqui
1484 3154 1859 3235 quoipicimst
1894 3156 2155 3217 tuorum
2193 3157 2312 3216 tua
2349 3175 2550 3236 opera
2577 3153 2771 3217 hodie

478 3267 932 3329 conservorum
986 3256 1495 3323 Nitidiuscuhim
1557 3259 1829 3343 caput‘?'
1921 3258 2141 3321 Habet
2185 3258 2493 3321 nimirum
2551 3260 2770 3323 nescio

477 3369 630 3454 quid
694 3367 796 3432 vel
863 3365 1289 3428 confidentiae
1350 3365 1453 3428 vel
1520 3366 1863 3428 simulatae
1929 3365 2160 3427 saltem
2225 3365 2616 3427 urbanitatis
2679 3366 2772 3428 sic

474 3475 871 3558 quispe-iam
913 3471 1345 3554 compositum
1383 3467 1486 3554 (ut
1530 3475 1700 3535 recte
1740 3470 1993 3534 Pottius
2035 3473 2230 3551 etym.
2260 3467 2322 3532 II
2356 3471 2486 3533 864
2516 3492 2606 3552 sq.
2646 3472 2768 3533 sol—

476 3583 649 3646 visse
696 3579 979 3646 videtur:
1036 3577 1113 3639 cf.
1163 3574 1514 3641 Corssenus
1572 3577 1649 3639 de
1707 3599 1888 3659 pron.
1934 3577 1975 3639 l.
2025 3597 2209 3639 serm.
2256 3574 2360 3638 11²
2408 3573 2564 3660 846)
2625 3596 2771 3657 pro-

475 3710 731 3769 nomen,
776 3689 852 3748 ut
895 3683 1005 3766 qui
1043 3704 1119 3745 eo
1174 3683 1241 3745 in
1284 3683 1747 3766 interrogando
1797 3683 2001 3746 utitur
2045 3681 2229 3764 quasi
2279 3681 2771 3762 circumspicere

477 3794 760 3859 studiose
824 3789 1106 3872 undique
1174 3789 1449 3851 alterum
1516 3788 1736 3851 iubere
1793 3788 2115 3852 videatur:
2183 3789 2260 3852 cf.
2307 3788 2526 3852 Plauti
2573 3786 2771 3850 Persa

479 3901 609 3964 735
655 3898 866 3983 (Truc.
912 3893 978 3958 II
1022 3896 1091 3977 4,
1142 3895 1279 3979 78):
1330 3893 1514 3957 ‘num
1562 3894 1901 3978 quippiam
1950 3895 2122 3958 aliud
2170 3917 2272 3958 me.
2321 3893 2496 3958 vis?'
2545 3893 2770 3957 Pseud.

478 4008 606 4071 368
655 4005 834 4068 ‘num
879 4000 1144 4085 peccavi
1191 3998 1606 4083 quippiam?
1652 3999 1839 4064 Truc.
1888 4000 1953 4063 II
2000 4003 2067 4082 8,
2114 4003 2173 4062 9·
2204 4000 2388 4063 ‘num
2436 3999 2768 4082 quidpiam

478 4133 705 4176 aurum
753 4130 962 4172 mores
1011 4110 1223 4171 mutat
1277 4105 1697 4170 mulierum?'
1760 4107 1920 4170 Rud.
1969 4107 2097 4169 948
2148 4105 2351 4186 ‘vide‚
2397 4128 2551 4167 num
2600 4104 2768 4186 quis-

476 4219 655 4302 piam
703 4214 1117 4297 consequitur
1161 4236 1361 4298 prope
1407 4212 1568 4277 nos'.
1624 4212 1808 4276 Truc.
1854 4211 1948 4275 IV
1997 4213 2064 4294 2,
2118 4213 2198 4274 12
2246 4210 2467 4294 equid?
2517 4213 2773 4274 amator

581 4333 692 4371 Con.
720 4329 835 4370 Lux
863 4327 980 4366 Bm..
2315 4332 2345 4368 Θ
