3400 5075
1368 325 1689 376 'r1T1mvs
2572 315 2704 380 155

1415 482 1510 547 XI
1586 483 1629 546 5

573 601 781 667 Hodie
812 600 1034 663 >hostis
1079 599 1365 684 fugauit,
1411 480 1915 684 spolia)placide
1964 594 2286 680 posterius
2332 593 2519 677 leget.

1347 711 1740 778 INSVBRA

406 833 530 898 155
578 832 834 896 Laudor
881 830 1052 916 quod
1100 829 1387 895 osculaui
1434 828 1775 913 priuignae
1821 829 2033 911 caput.

1046 945 1165 1009 EX
1213 942 1622 1010 INCERTIS
1669 940 2046 1007 FABVLIS

1429 1060 1457 1123 I
1508 1056 1653 1144 (13)

578 1177 753 1242 Bene
802 1199 947 1242 cum
991 1175 1292 1258 facimuS‚
1356 1177 1490 1241 tam
1547 1176 1713 1240 male
1762 1173 2077 1256 subimu8‚
2132 1175 2207 1235 tit
2252 1170 2513 1255 quidam
2559 1192 2699 1254 per-

1999 1288 2229 1354 hibent
2273 1287 2418 1351 uiri.

1419 1408 1484 1472 II
1531 1407 1676 1493 (14)

588 1528 989 1611 Quamquam
1019 1524 1174 1590 estis
1202 1524 1417 1608 nihili,
1462 1527 1597 1587 tam
1627 1525 1878 1588 ecastor
1924 1520 2119 1586 simul
2164 1518 2351 1590 uobis
2390 1516 2704 1583 consului.

1410 1639 1506 1703 111
1555 1637 1699 1724 (20)

409 1765 565 1826 158l9
584 1758 659 1822 Id
707 1757 878 1842 quod
925 1778 1118 1842 rogas
1169 1753 1318 1843 [me]
1331 1807 1349 1840 ‚
1394 1755 1720 1820 neminem
1767 1754 1949 1818 decet
1993 1753 2234 1820 bonam
2283 1803 2296 1816 .
2346 1802 2359 1816 .
2408 1803 2420 1816 .
2471 1802 2485 1816 .

406 1954 641 2018 positum
678 1956 808 2003 est)
949 1952 1026 2002 XI
1064 1952 1274 2003 Nonius
1310 1954 1426 2011 332,
1462 1954 1494 2000 4
1531 1951 1616 2001 ‘le
1630 1966 1784 2014 gere
1825 1964 2032 2000 rursum
2073 1947 2376 2012 colligere.'

543 2023 790 2072 Issvnns
828 2020 1045 2085 scripsi.
1118 2019 1330 2070 Nonius
1366 2021 1492 2079 476,
1531 2023 1590 2070 31
1634 2017 2002 2069 ‘oseulaui.
2082 2016 2324 2066 Titinius
2362 2015 2705 2066 Ilarubra:

403 2087 621 2138 laudor’
661 2105 710 2137 e.
749 2104 798 2153 q.
834 2103 880 2138 s.
921 2086 1285 2150 (Hibrubra.
1323 2087 1405 2137 ed.
1442 2103 1520 2153 pr.
1560 2086 1906 2136 Vlubrana
1942 2084 2309 2134 Mommsenus
2348 2083 2416 2132 de
2452 2082 2710 2132 dialectis

406 2155 601 2205 ltaliae
650 2155 747 2204 inf.
799 2172 847 2220 p.
887 2158 1004 2205 319.
1078 2155 1425 2206 Illecebra
1470 2154 1704 2204 Bothius
1739 2152 2099 2204 Veliterna
2147 2152 2334 2202 Iunius
2378 2151 2709 2216 Priuigna

403 2223 771 2274 Neukirchius
811 2221 1010 2273 Hilla
1046 2224 1249 2273 rubra
1288 2219 1703 2285 Quicheratius)

537 2292 623 2340 Ex
660 2292 777 2340 Ine.
816 2291 950 2340 Fan.
1091 2293 1116 2342 1
1163 2292 1216 2340 11
1254 2293 1456 2341 Festus
1533 2331 1544 2342 .
1584 2291 1684 2340 360
1722 2290 1793 2341 M.
1845 2291 1930 2337 ‘at
1965 2288 2180 2351 antiqui
2226 2291 2354 2337 tam
2404 2287 2570 2337 etiam
2610 2301 2709 2350 pro

405 2363 591 2408 tamen
628 2360 714 2408 usi
749 2365 880 2409 sunt
914 2385 980 2394 -
1023 2385 1087 2393 --
1132 2359 1396 2408 Titinius:
1437 2357 1490 2423 [Ι
1558 2360 1687 2407 item
1729 2355 1877 2421 [11]st
2086 2356 2168 2405 111
2208 2355 2528 2404 Priscianus
2565 2354 2641 2404 VI
2680 2357 2711 2403 3

405 2443 458 2492 p.
498 2428 599 2477 683
636 2426 697 2475 P.
737 2431 943 2475 ‘nemo
982 2441 1196 2491 quoque
1246 2427 1363 2476 siue
1401 2443 1468 2475 ex
1514 2426 1642 2475 hoc’
1681 2423 1888 2490 (homo)
1923 2423 2336 2486 εοοιιηωειίιιιιι),
2388 2428 2450 2470 ut
2487 2422 2712 2486 quibus·

404 2493 528 2544 dam
565 2494 808 2552 uidetur,
848 2509 948 2544 seu
983 2509 1119 2555 non,
1159 2495 1459 2545 communis
1485 2498 1573 2545 est
1608 2493 1859 2558 generis,
1898 2495 1954 2541 et
1989 2491 2247 2541 similiter
2272 2490 2386 2540 oin
2423 2491 2441 2539 i
2480 2503 2710 2540 conucr·
2739 2517 2745 2523 -

403 2562 473 2611 tit
508 2563 564 2611 in
603 2564 866 2628 genetiuo
904 2563 1152 2613 neminis.
1225 2562 1474 2612 Lucilius
1509 2562 1566 2611 in
1603 2561 1784 2611 XXX:
1835 2561 2070 2610 neminis
2117 2558 2340 2623 ingenio
2378 2573 2709 2623 quemquam

404 2629 674 2681 confidere
721 2634 955 2694 oportet.
1044 2630 1282 2681 Plautus
1326 2631 1385 2678 in
1433 2629 1719 2694 Captiuis:
1774 2629 2011 2679 neminis
2057 2627 2306 2678 misereri
2355 2632 2563 2677 certum
2598 2667 2611 2681 .
2653 2663 2666 2676 .
2696 2662 2710 2675 .

405 2698 707 2747 Titinnius:
748 2699 911 2762 quod’
951 2715 997 2751 e.
1038 2714 1088 2762 q.
1129 2714 1172 2749 s.
1244 2698 1564 2748 ‘Terentius
1599 2698 1655 2747 in
1684 2697 1915 2747 Andria:
1956 2695 2058 2746 hoc
2095 2711 2195 2761 ego
2233 2694 2352 2745 scio
2388 2709 2580 2756 unum,
2617 2708 2711 2743 ne·

405 2876 688 2933 detunatus
749 2884 835 2931 est
892 2877 1029 2934 libri
1245 2876 1361 2933 155
1420 2895 1498 2933 an
1555 2876 1752 2932 ludor‘t
1961 2875 2241 2948 priuignae
2288 2875 2411 2930 edd.
2459 2873 2712 2947 priuigno

404 2962 573 3030 libri,
631 2965 743 3017 nisi
796 2963 951 3034 quod
1000 2961 1270 3036 prouigne
1320 2961 1521 3017 Bamb.
1702 2959 1820 3017 156
1867 2958 2110 3014 subimus
2168 2960 2317 3034 caah,
2376 2961 2530 3031 quod
2583 2960 2711 3013 olim

399 3039 659 3101 ”subamus
730 3047 1187 3118 interpretabar.
1244 3045 1460 3101 sabinus
1537 3047 1656 3101 ναί.
1718 3044 1772 3100 R
1855 3045 2091 3116 sapimus
2150 3043 2396 3099 Bothius
2464 3042 2710 3115 cupimus

412 3130 474 3186 0.
531 3130 854 3199 Muellerus
911 3130 1155 3186 audimus
1210 3132 1442 3202 Lipsius
1498 3133 1663 3201 epist.
1720 3146 1815 3203 qu.
1864 3128 1966 3184 III
2010 3128 2091 3185 20
2152 3126 2356 3182 abimus
2422 3125 2713 3199 Berqlcius

405 3216 582 3287 symb.
613 3215 647 3271 1
684 3213 819 3271 118.
910 3233 1045 3271 num
1089 3213 1356 3271 cluimus?
1402 3233 1478 3271 an
1525 3221 1641 3271 tota
1674 3217 1958 3270 sententia
1989 3216 2073 3269 sic
2116 3211 2528 3283 reformanda.-
2576 3209 2713 3265 bene

406 3315 526 3354 cum
571 3300 838 3373 sapimus»,
888 3307 994 3355 tam
1052 3298 1190 3355 male
1234 3299 1454 3355 salimus
1501 3315 1552 3357 e.
1600 3317 1654 3371 q.
1704 3315 1770 3369 s.‚
1822 3306 1880 3355 ut
1925 3300 2211 3354 doctiores
2254 3298 2524 3352 mulieres
2569 3297 2712 3349 culi·

405 3387 616 3439 uariae
672 3385 796 3439 scit.
862 3387 1009 3440 artis
1064 3387 1251 3441 minus
1302 3389 1530 3457 peritae
1586 3386 1747 3440 salis*
1784 3384 1926 3439 cibis
1982 3382 2290 3438 adhibendi
2345 3396 2508 3436 usum
2562 3381 2711 3435 male

408 3471 628 3525 callere
674 3470 964 3525 dicantur.
1137 3470 1351 3542 quidem
1390 3470 1650 3541 Lipsius,
1691 3468 1954 3540 sortasse
1999 3473 2160 3522 recte
2209 3463 2218 3471 '
2262 3464 2272 3472 “
2336 3462 2455 3529 157
2501 3472 2714 3519 ecastor

405 3554 757 3626 Auyustinus
803 3557 862 3609 in
903 3572 1012 3626 my.
1061 3562 1302 3610 escastor
1345 3555 1470 3609 cod.
1601 3560 1816 3609 ecastor
1858 3549 2016 3606 simul
2065 3548 2226 3605 Vobis
2272 3551 2440 3622 uulyo
2566 3550 2710 3604 Exi-

409 3646 524 3693 tum
572 3654 781 3694 uersus
837 3636 997 3693 simul
1056 3638 1305 3694 consului
1361 3635 1518 3694 uobis
1571 3636 1857 3709 praefero
2049 3635 2145 3690 Vel
2190 3639 2548 3705 anapaestos
2605 3642 2709 3688 tam

405 3722 649 3778 e'ccastor
710 3721 869 3778 simul
931 3720 1083 3778 uobis
1142 3740 1247 3796 ego
1305 3722 1555 3778 consului
1611 3723 1705 3777 uel
1762 3720 2120 3777 trochaicum
2167 3721 2557 3789 septenarium
2605 3725 2710 3772 tam

407 3815 620 3862 ecastor
665 3804 818 3862 uobis
864 3806 1117 3863 consului
1162 3806 1323 3862 simul
1372 3807 1663 3880 Berylcius
1704 3809 1742 3861 l.
1786 3808 1826 3862 l.
1883 3804 2093 3860 haberi
2133 3804 2284 3860 iubet
2460 3802 2582 3859 158
2626 3818 2709 3875 sq.

404 3892 456 3946 id
504 3891 648 3963 quod
695 3895 911 3963 scripsi
954 3891 1099 3965 quod
1145 3909 1302 3948 corr.
1334 3892 1391 3946 in
1438 3890 1566 3963 quid
1618 3891 1778 3946 Vinci.
1826 3888 1988 3962 quid,
2033 3905 2161 3960 sup.
2209 3907 2280 3943 m.
2331 3890 2427 3943 alt.
2472 3888 2497 3941 i
2542 3886 2709 3959 quod,

408 3976 581 4051 Sanq.
634 3975 761 4049 quid
810 3977 971 4032 Grut.
1146 3993 1232 4032 me
1277 3994 1383 4033 om.
1427 3976 1590 4046 libri,
1638 3976 1836 4031 addidi
1847 3968 1871 4028 ἶ
1905 3976 2018 4030 nisi
2052 3973 2214 4045 sorte
2258 3969 2489 4046 rogabas
2531 3987 2709 4043 prae-

405 4100 522 4149 stat
697 4094 961 4149 nemincm
1024 4111 1181 4150 corr.
1241 4112 1311 4150 m.
1369 4096 1470 4150 alt.
1526 4109 1606 4149 ex
1663 4094 1936 4148 nominem
1994 4093 2176 4164 Bony.
2362 4058 2504 4146 dicet
2567 4091 2704 4163 Req.

404 4178 562 4233 docet
626 4179 750 4234 γαί.
923 4178 1119 4234 honam
1166 4175 1267 4251 (am
1312 4178 1383 4234 m‘.
1418 4180 1518 4234 alt.
1565 4181 1625 4233 in
1671 4176 1815 4248 ras.)
1860 4177 2042 4249 Bony.
2091 4174 2266 4246 homi,
2311 4181 2345 4230 ιῑ
2375 4193 2529 4232 corr.
2565 4178 2623 4230 in
2657 4183 2707 4245 a,

423 4263 580 4318 Vina.
631 4261 830 4318 bonum
864 4264 1028 4320 Grut.
1066 4264 1242 4319 Barb.
1279 4264 1526 4321 Carolir.
1719 4263 1957 4319 Versum
2001 4263 2284 4317 conclusit
2320 4260 2584 4333 sortasse
2614 4262 2709 4316 uel

403 4360 600 4420 rogare
659 4349 752 4404 uel
805 4363 1006 4420 negare
1178 4348 1464 4406 Numeros
1516 4347 1645 4404 olim
1694 4345 1963 4420 feceram
2022 4349 2272 4403 creticos
2322 4361 2451 4404 cum
2506 4347 2711 4405 iambis
