3400 5075
1125 269 1494 319 APPENDIX
1531 269 2103 320 sssu'rssurmssvm
2633 267 2760 331 379

651 424 973 490 Seueritas
1020 425 1282 491 assidua
1327 427 1588 490 tandem
1633 427 1976 512 frangitur.

649 535 934 625 Dixisse,
980 563 1115 606 non
1160 538 1440 606 tacuisse
1486 541 1813 607 interdum
1857 542 2161 625 paenitet.

649 655 922 721 Inimico
971 657 1238 740 antiquo
1286 658 1441 721 crine
1487 679 1570 721 ne
1617 657 1904 722 confidas
1951 658 2161 722 nimis,

477 774 605 839 165
651 773 913 837 Meliust
957 773 1176 837 moriri
1225 774 1418 856 quzim
1463 772 1748 856 torqueri
1796 773 2047 837 sauciis.

650 888 857 953 Nemo
904 888 1067 953 liber
1112 889 1212 952 est
1256 889 1367 972 qui
1412 888 1681 972 imperio
1731 886 1968 952 suimet
2014 890 2213 953 seruit
2258 889 2560 974 corporis,

648 1003 857 1068 Nemo
906 1008 1210 1087 umquam
1257 1005 1514 1089 sapiens
1560 1004 1875 1088 proditori
1920 1004 2206 1068 credidit.

649 1121 882 1184 Pax-eto
928 1120 1058 1205 legi
1105 1121 1298 1203 quam
1345 1119 1465 1185 tibi
1510 1120 1647 1202 ipse
1694 1117 2046 1204 scripseris,

650 1235 835 1312 Quod
880 1236 1080 1300 habes
1126 1235 1219 1299 ita
1252 1239 1472 1319 utere,
1518 1235 1731 1299 alieno
1779 1239 1851 1300 ut
1896 1258 1978 1299 ne
2026 1237 2217 1320 egetis
2265 1237 2400 1301 tibi.

480 1354 604 1418 170
651 1350 923 1416 Sensum
969 1349 1402 1435 inperfectum
1444 1348 1711 1415 minime
1756 1353 1968 1415 totum
2013 1353 2278 1416 fallitur.

650 1465 917 1532 Amicos
962 1467 1133 1532 inter
1177 1467 1417 1531 iudices
1464 1466 1816 1532 molestius,
2654 1486 2758 1536 784

650 1581 1026 1650 Communis
1074 1586 1173 1647 est
1217 1581 1516 1648 inimicu‘s
1563 1583 1673 1667 qui
1720 1586 1819 1648 est
1861 1580 2072 1649 hostis
2119 1584 2268 1647 suis,

649 1694 1012 1784 Charybdis
1058 1698 1386 1782 inplacftta
1431 1703 1530 1763 est
1574 1698 1924 1763 iracundia.

651 1813 781 1879 Sua
826 1815 1014 1879 multi
1059 1814 1393 1899 amittunt,
1440 1815 1666 1898 cupide
1714 1837 1859 1880 cum
1906 1815 2118 1879 aliena
2164 1816 2495 1899 appetunt.

481 1932 603 1996 175
648 1930 786 1996 Nec
832 1936 1027 1995 unam
1076 1952 1310 1995 auarus
1357 1930 1584 1995 horam
1634 1929 1914 1996 neclexit
1957 1932 2223 1995 lucrum.

651 2047 827 2112 Malo
873 2047 1138 2112 humilis
1187 2046 1360 2111 uinci
1407 2048 1601 2131 quaeim
1648 2048 1963 2131 superbus
2010 2045 2284 2112 uincere.

611 2299 706 2346 162
744 2282 959 2346 seneca
996 2296 1063 2346 de
1101 2296 1257 2350 clem.
1297 2298 1322 2347 I
1360 2299 1441 2355 22,
1479 2299 1511 2346 2
1651 2298 1747 2346 167
1785 2295 2065 2346 Caecilius
2104 2295 2307 2346 Balbus
2342 2295 2466 2344 Par.
2497 2299 2529 2345 3
2564 2294 2757 2344 Cicero

473 2366 627 2415 Verr.
665 2363 694 2416 1
729 2367 809 2428 15,
849 2368 914 2416 38
950 2370 1130 2415 ‘nemo
1167 2380 1423 2429 umquam
1460 2366 1682 2432 sapiens
1722 2364 1986 2429 proditori
2024 2364 2354 2415 credendum
2393 2363 2652 2429 putauit)

473 2535 896 2542 ——---.——---—-—-.-⁴—-

474 2653 694 2710 inclinat
739 2653 928 2708 eodem
976 2661 1031 2708 et
1077 2646 1246 2728 sarii-ft,
1291 2656 1349 2707 in
1395 2669 1505 2725 my.
1554 2657 1657 2708 sior
1702 2651 1741 2728 β
1789 2653 2006 2709 fortuna
2052 2669 2161 2725 quo
2206 2668 2296 2722 se,
2343 2652 2531 2707 codem
2580 2658 2635 2706 et
2680 2652 2758 2706 in·

472 2739 633 2794 clinat
679 2737 835 2793 fauor
880 2739 1152 2794 Pithoeus
1194 2736 1383 2794 eodem
1431 2754 1539 2811 quo
1588 2737 1831 2807 fortuna,
1881 2754 1940 2793 se
1983 2737 2202 2792 inclinat
2249 2735 2284 2791 s.
2335 2737 2580 2792 Bothe‘us

478 2822 594 2878 162
647 2822 907 2877 seueritas
965 2820 1173 2876 assidua
1239 2818 1569 2894 (assiduitate
1623 2818 1681 2898 β)
1741 2823 1938 2878 amittit
1994 2817 2214 2894 (amittit
2267 2817 2326 2895 β)
2383 2822 2784 2883 auctoritatem.

472 2904 529 2981 β,
592 2906 837 2967 Seneea‚·
893 2907 1064 2961 edidit
1119 2905 1479 2962 Panthcdeon
1696 2906 1815 2962 163
1874 2906 2115 2962 locutum
2173 2922 2255 2961 me
2310 2905 2478 2961 fuisse
2534 2907 2757 2979 penitet,

475 2990 707 3044 tacuisse
753 3005 1041 3064 numquam
1088 2992 1120 3046 b
1296 2988 1414 3045 164
1461 2988 1527 3044 de
1573 2991 1788 3045 inimico
1820 2992 2041 3065 antiquo
2074 3008 2141 3047 nc
2190 2990 2318 3046 fidas
2351 2992 2404 3048 in
2446 2997 2694 3046 eternum
2728 2991 2759 3044 b

444 3087 448 3090 ’
647 3072 764 3129 165
821 3074 1011 3129 melius
1067 3084 1150 3130 est
1208 3075 1343 3129 mori
1401 3089 1557 3146 quam
1616 3077 1860 3148 torqueri
1918 3076 2086 3132 faucis
2133 3078 2198 3132 b.-
2254 3076 2449 3132 sauciis
2498 3076 2762 3131 Bueche-

472 3160 598 3213 lero
642 3159 844 3225 debeo,
890 3162 1254 3216 confeceram
1302 3156 1514 3230 sabulis,
1558 3174 1638 3216 se.
1672 3164 2033 3220 sermonibus
2064 3164 2223 3235 uulqi
2352 3160 2471 3217 166
2520 3160 2611 3233 qui
2645 3176 2762 3215 cor·

473 3243 590 3316 pori
636 3244 809 3299 seruit
854 3243 885 3297 b
1064 3244 1178 3301 167
1225 3243 1408 3299 nullus
1452 3242 1666 3315 sapiens
1712 3246 1978 3317 proditori
2024 3246 2196 3302 credit
2242 3246 2274 3300 b
2320 3244 2761 3321 nullusosapien-

475 3338 588 3384 tum
634 3328 900 3403 proditori
945 3328 1172 3385 credidit
1217 3345 1248 3385 e
1290 3329 1414 3385 cod.
1463 3329 1731 3384 Palatino
1779 3331 2065 3388 Gruterus
2270 3329 2388 3385 168
2433 3330 2608 3402 parito
2654 3328 2762 3402 legi

474 3432 633 3487 quam
679 3415 793 3487 ipse
838 3413 1117 3487 scripseris
1162 3414 1194 3468 b
1412 3413 1530 3470 169
1577 3412 1750 3469 alieno
1798 3424 1857 3470 ut
1902 3433 1969 3472 ne
2014 3432 2175 3489 egeas
2220 3408 2345 3490 tibi]
2395 3412 2541 3488 quod
2586 3413 2761 3469 alieno

475 3516 583 3554 uon
629 3515 792 3572 egeas
838 3500 869 3555 b
1058 3497 1178 3555 170
1223 3499 1364 3571 quod
1413 3499 1619 3563 senium
1666 3515 1729 3553 ex
1778 3500 2003 3573 quadam
2061 3508 2212 3573 parte
2258 3497 2631 3571 imperfectum
2679 3506 2760 3551 cst

473 3600 536 3638 ex
583 3583 728 3638 nulla
771 3590 948 3638 tamen
996 3582 1186 3639 salsum
1233 3591 1319 3638 est
1363 3584 1394 3638 b
1571 3583 1685 3638 171
1738 3583 2019 3642 molestius
2066 3591 2148 3639 est
2192 3584 2334 3639 iuter
2378 3581 2513 3637 duos
2560 3584 2760 3637 amicos

474 3684 631 3740 quam
662 3669 802 3722 iuter
848 3667 985 3723 duos
1031 3669 1275 3723 inimicos
1306 3666 1541 3722 iudicare
1586 3684 1618 3722 c
1654 3666 1801 3725 104:
1848 3671 1927 3743 cs.
1958 3688 2001 3742 p
2033 3668 2111 3724 23
2158 3666 2300 3723 inter
2344 3668 2543 3722 amicos
2578 3664 2758 3737 (immo

472 3751 670 3807 amicos
725 3753 885 3824 inter)
943 3752 1209 3809 iudicatur
1278 3768 1435 3824 quam
1496 3752 1740 3809 inimicos
1797 3753 2079 3810 molestius
2137 3754 2423 3809 Gruterus
2641 3749 2757 3804 172

473 3838 709 3891 omnium
755 3846 839 3892 est
882 3839 1126 3894 inimicus
1171 3839 1470 3892 communis
1516 3839 1609 3911 qui
1637 3847 1722 3895 est
1754 3839 1927 3895 hostis
1957 3854 2180 3894 suorum
2214 3853 2246 3892 c
2281 3826 2430 3893 108:
2478 3852 2552 3890 an
2587 3833 2759 3889 hostis

471 3921 771 3976 communis
818 3922 910 3995 qui
953 3923 1023 3977 sit
1067 3922 1312 3979 inimicus
1358 3924 1504 3980 suis?
1681 3923 1801 3981 173
1850 3924 2125 3979 iracundia
2155 3920 2255 3979 est‘
2280 3921 2448 3976 ueluti
2496 3917 2757 3993 quaedam

470 4005 737 4079 inplacata
795 4005 1042 4080 carybdis
1087 4023 1119 4061 c
1169 4008 1285 4066 111
1509 4008 1626 4067 174
1673 4008 1893 4082 plurimi
1938 4025 2034 4063 sua
2081 4011 2367 4077 amittunt,
2423 4021 2545 4060 cum
2591 4001 2762 4056 alicua

471 4097 735 4163 appetunt
781 4108 813 4147 c
861 4089 979 4147 114
1197 4096 1318 4159 175
1366 4117 1466 4159 nec
1520 4112 1682 4154 unam
1740 4094 1936 4149 horam
1992 4110 2191 4150 auarus
2233 4090 2502 4165 neggligit
2556 4086 2763 4142 lucrum

469 4191 501 4230 c
551 4176 668 4232 115
849 4177 963 4233 176
1012 4177 1135 4234 uolo
1191 4196 1367 4274 magis
1424 4188 1566 4249 uinci
1610 4197 1734 4240 cum
1793 4178 2108 4236 humilitate
2164 4195 2322 4255 quam
2374 4177 2591 4230 uincere
2645 4186 2768 4225 cum

471 4258 722 4333 superbia
760 4266 1080 4334 praemisso
1124 4265 1393 4356 Senecae
1435 4277 1666 4347 nomine
1715 4282 1749 4323 c
1807 4263 1937 4325 146
1983 4269 2066 4328 bis
