3400 5075
655 358 776 420 102
1432 356 1712 409 SEXTVS
1748 355 2138 409 ‘rvnmmvs

1652 510 1751 574 ΠΙ
1801 507 1946 596 (10)

1548 625 1612 690 N
1616 631 1769 690 auta

922 743 1004 808 Di
1055 746 1207 813 sero,
1245 743 1695 807 aduenientem
1743 741 2050 825 perdant:
2098 741 2200 805 hic
2249 741 2505 824 quidem

656 861 782 924 140
917 858 1058 923 Nos
1105 858 1331 941 perdit.
1423 858 1658 921 festum
1706 858 1842 919 esse
1889 855 2029 919 hice
2078 858 2378 939 quartum
2426 856 2593 919 diem

1165 971 1374 1036 Hodie
1422 971 1689 1035 iterant:
1738 972 1831 1034 ita
1878 974 2284 1035 conuentum.

1678 1111 1774 1177 IV
1850 1114 1889 1176 9

832 1230 1126 1293 Profecto
1172 1232 1248 1292 ut
1294 1229 1560 1312 quisque
1607 1110 2269 1292 mini11fo)eontentus
2317 1227 2455 1309 fuit,

830 1345 932 1408 Ita
980 1345 1376 1407 fortunatam
1424 1342 1628 1406 ustam
1678 1342 1841 1405 uixit
1888 1342 2180 1423 maxime,

830 1460 921 1523 Vt
967 1456 1340 1543 philosophi
1390 1457 1573 1521 aiunt
1615 1455 1758 1541 isti,
1804 1457 2036 1540 quibus
2084 1455 2341 1540 quiduis
2389 1461 2490 1521 sat
2536 1461 2649 1520 est.

1694 1598 1755 1663 V
1805 1596 1904 1684 (1)
2433 1583 2464 1616 ⁹

664 1717 793 1781 145
839 1714 1187 1798 Comperce
1234 1714 1450 1777 uerbis
1497 1714 1791 1778 militare:
1840 1712 1921 1777 ad
1967 1715 2103 1777 rem
2148 1713 2299 1776 redi.
2973 1794 3006 1834 ι

649 1940 772 1997 212,
809 1939 874 1987 35
912 1940 1323 1985 ‘mercatura
1362 1934 1613 1984 seminini
1644 1972 1656 1984 .
1685 1971 1696 1983 .
1726 1977 1738 1989 .
1766 1939 1801 1988 .’
2008 1934 2094 1985 ΙΙΙ
2129 1933 2449 1983 Priscianus
2486 1933 2554 1985 de
2592 1935 2776 1984 metris
2812 1950 2948 1984 com.

651 2021 701 2069 p.
750 2006 880 2055 1327
917 2004 978 2052 Ρ.
1018 2003 1332 2052 ‘Terentius
1378 2002 1660 2053 trochaico
1708 2003 1879 2053 mixto
1914 2002 2006 2052 uel
2052 2002 2283 2052 confuso
2330 2016 2450 2051 eum
2496 2002 2733 2053 iambico
2778 2004 2954 2051 utitur

647 2108 660 2122 .
699 2107 713 2121 .
749 2107 762 2120 .
800 2076 862 2120 ut
907 2071 964 2119 in
1009 2069 1246 2119 Andria:
1295 2067 1506 2132 adhue,
1560 2068 1846 2134 Archylis,
1904 2085 2047 2134 quae
2095 2068 2353 2120 adsolent
2402 2084 2679 2134 quaeque*
2707 2069 2947 2135 oportet’

652 2155 701 2188 e.
741 2154 792 2202 q.
842 2154 884 2188 s.
954 2136 1249 2187 ‘Similiter
1293 2137 1526 2187 Plautus
1570 2138 1628 2186 in
1675 2137 2015 2188 Truculento
2064 2134 2113 2201 [Ι
2159 2140 2217 2199 2,
2270 2135 2315 2202 1]
2364 2136 2556 2187 eodem
2603 2142 2775 2187 metro
2817 2152 2949 2187 usus

653 2211 738 2256 est
781 2205 839 2255 in
887 2220 1134 2255 sermone
1196 2204 1437 2254 ancillae
1484 2205 1771 2269 Astaphii:
1826 2205 1919 2254 ad’
1969 2204 2097 2268 (scr.
2145 2202 2362 2268 ‘apud’)
2410 2204 2583 2255 ‘sores
2637 2203 2948 2255 auscultate

652 2279 822 2337 atque
850 2273 1138 2322 asset-uate
1166 2270 1356 2323 aedes’
1397 2288 1444 2324 e.
1472 2287 1522 2336 q.
1551 2288 1593 2322 s.
1667 2272 1972 2337 ‘Turpilius
1996 2273 2054 2320 in
2079 2272 2282 2321 Lindia
2308 2276 2554 2323 nautae
2594 2288 2948 2337 personam

650 2340 916 2390 inducit
964 2340 1065 2390 hoe
1111 2346 1284 2389 metro
1322 2340 1665 2403 loquentem:
1712 2332 1780 2389 di'
1822 2355 1867 2390 e.
1905 2356 1956 2404 q.
1995 2354 2037 2389 s.
2175 2339 2250 2387 IV
2289 2338 2611 2389 Priscianus
2657 2340 2720 2390 de
2760 2341 2950 2390 metris

648 2425 791 2460 com.
830 2423 879 2472 p.
918 2409 1049 2457 1326
1084 2408 1147 2457 P.
1189 2407 1495 2473 ‘Turpilius
1542 2421 1759 2471 quoque
1797 2408 1855 2455 in
1902 2407 2016 2456 suis
2062 2405 2206 2455 idem
2257 2406 2399 2455 facit
2434 2404 2769 2469 comoediis’,
2807 2407 2947 2469 (scil.

649 2478 707 2525 in
742 2475 1055 2541 prologis
1094 2479 1150 2523 et
1185 2476 1424 2540 primis
1460 2476 1744 2525 scaenis
1782 2473 2047 2524 trimetris
2083 2475 2258 2522 utitur
2293 2473 2576 2523 iambicis:
2615 2475 2688 2525 cf.
2715 2492 2767 2541 p.
2796 2474 2948 2539 1322)

652 2550 736 2594 ‘ut
771 2546 828 2594 in
864 2543 1097 2594 Lindia=
1136 2543 1409 2607 prosecto’
1450 2559 1497 2595 e.
1539 2559 1589 2606 q.
1625 2559 1667 2593 s.
1829 2544 1877 2595 V
1915 2542 2124 2593 Nouius
2159 2545 2212 2603 3,
2251 2544 2314 2592 10
2352 2543 2710 2593 ‘uelitatio
2748 2544 2950 2593 dieitur

653 2739 1025 2811 Grauloffius
1152 2755 1409 2812 processe
1442 2738 1715 2810 Gifanius
1744 2739 2006 2812 prodesse
2048 2741 2184 2795 libri
2310 2736 2460 2794 uehis
2496 2740 2652 2795 Leid.
2830 2739 2947 2796 139

651 2823 854 2879 -141
918 2824 1205 2879 baccheos
1259 2840 1386 2879 cum
1446 2827 1712 2880 clausula
1768 2825 2013 2880 iambica
2071 2840 2225 2879 'cunc
2281 2827 2575 2893 constitui,
2634 2826 2838 2895 quales
2891 2827 2946 2879 in

655 2911 909 2964 Andriae
940 2915 995 2963 el
1032 2908 1370 2963 Truculenli
1396 2911 1678 2979 exemplis
1709 2916 1843 2964 ante
1872 2911 2127 2964 laudatis
2155 2910 2443 2981 leyunlur.
2580 2907 2696 2964 139
2743 2907 2794 2962 (Ιί
2825 2924 2949 2963 sero

651 2995 865 3063 scripsi
905 2992 1006 3047 diis
1041 2993 1242 3065 Reqin.
1276 2992 1454 3049 Purr.
1487 2993 1594 3049 AR
1623 2994 1779 3048 Leid.
1831 2994 1876 3048 V
1903 2992 1984 3048 dis
2026 2993 2272 3049 Urbinas
2305 2991 2374 3046 dii
2409 2995 2578 3064 uulyo
2750 2992 2947 3047 aduen-

654 3086 852 3133 tantem
894 3078 1154 3148 forlasse
1199 3078 1398 3132 melius
1568 3077 1655 3132 hic
1702 3079 1826 3133 edd.
1885 3077 1939 3132 hi
1987 3077 2188 3149 Reyin.
2237 3076 2414 3130 Parr.
2460 3076 2568 3131 AR
2621 3077 2762 3133 Leid
2820 3078 2865 3132 V
2905 3078 2951 3131 si

653 3164 715 3218 K
713 3165 877 3217 eilias
1004 3163 1155 3234 ipsus
1181 3161 1443 3233 fortasse
1473 3162 1725 3218 additum
1750 3161 1871 3233 fuit
2001 3159 2123 3217 140
2151 3160 2386 3233 perdidit
2415 3162 2540 3217 edd.
2672 3162 2951 3217 Fortasse

654 3248 940 3320 quaedam
970 3246 1064 3300 bic
1097 3248 1279 3301 omisit
1310 3246 1656 3301 Priscianus
1826 3240 1972 3320 esse]
2009 3263 2083 3300 an
2109 3246 2267 3300 ecce?
2440 3245 2558 3300 hice
2589 3244 2685 3316 (an
2719 3245 2950 3316 hunce?)
3013 3313 3016 3314 ⁷

653 3338 904 3404 quartum
966 3329 1106 3385 diem
1164 3333 1382 3401 scripsi
1434 3329 1575 3385 diem
1632 3330 1721 3386 hic
1775 3338 2024 3403 quartum
2077 3331 2215 3386 libri
2409 3330 2595 3386 Paulo
2649 3333 2953 3386 uiolentius

655 3424 1045 3486 transponere
1078 3413 1238 3469 hodie
1271 3414 1356 3469 hic
1402 3422 1651 3487 quartum
1700 3415 1842 3470 Diem
1883 3421 2149 3485 poteram
2324 3413 2437 3469 141
2489 3414 2563 3470 ita
2607 3432 2710 3470 om.
2744 3414 2946 3487 Reqin.

821 3499 873 3553 di
920 3498 1296 3554 aduenientem
1351 3498 1611 3573 perdant:
1669 3500 1757 3555 hic
1812 3498 2030 3573 quidem
2091 3497 2331 3553 Perdidit
2386 3515 2502 3554 uos·
2558 3496 2776 3553 Festum
2831 3515 2951 3553 esse

658 3585 743 3639 hie
798 3583 939 3638 diem
996 3584 1246 3656 quin-tum
1302 3583 1465 3639 hodie
1521 3585 1748 3639 iterant:
1802 3577 1900 3639 'lta
1960 3589 2350 3638 conuentumst
2396 3582 2796 3655 GrauloffiuS,
2858 3588 2955 3639 cui

653 3672 769 3739 ipsi
809 3671 938 3723 olim
976 3667 1402 3738 probabiliores
1447 3671 1761 3740 anapaesti
1813 3667 1862 3722 di
1911 3667 2285 3723 aduenientem
2333 3684 2386 3740 p.
2435 3667 2489 3721 h.
2538 3685 2589 3740 q.
2677 3667 2787 3723 Nos
2832 3667 2951 3740 per—

654 3752 806 3808 didit.
869 3752 954 3807 hie
1010 3750 1209 3806 festum
1266 3752 1386 3807 esse
1442 3752 1582 3808 diem
1628 3751 1888 3820 Quartum
1935 3750 2094 3807 hodie
2147 3753 2375 3806 iterant:
2436 3752 2507 3806 ita
2567 3751 2952 3808 conuentumst

646 3840 1023 3910 placuerant.
1114 3836 1295 3891 Aliter
1340 3840 1442 3893 alii
1482 3840 1539 3892 in
1595 3841 1851 3893 numeris
1908 3838 2313 3905 elaborarunt,
2373 3852 2473 3910 eqo
2527 3840 2655 3894 olim
2700 3842 2757 3893 in
2806 3856 2950 3892 ana-

649 3924 902 3993 paeslis;
971 3921 1198 3976 Keilius
1257 3924 1404 3976 tales
1468 3923 1763 3992 discripsit
1828 3924 2030 3995 quales
2087 3923 2455 3977 Prisc-ianam
2522 3939 2646 3980 esse
2706 3925 2953 3979 uoluisse

655 4009 765 4063 sibi
798 4010 1128 4077 persuasit.-
1173 4004 1245 4059 dii
1290 4022 1337 4060 a.
1385 4023 1463 4078 μ,
1509 4007 1554 4059 si
1600 4005 1817 4078 quidem
1863 4024 1963 4062 nos
2008 4006 2204 4079 perdit.
2250 4003 2564 4063 Festum..
2603 4050 2615 4063 .
2653 4051 2665 4063 .
2701 4016 2949 4080 quartum

655 4089 848 4147 Hodie'
898 4107 947 4147 e.
994 4109 1047 4163 q.
1094 4106 1159 4158 s.,
1222 4093 1537 4146 trimetrum
1593 4106 1673 4146 sc,
1730 4093 2031 4148 iambicum
2090 4092 2625 4163 hyper-catalectum
2683 4094 2952 4147 subiectis

653 4177 905 4233 de'melris
950 4177 1125 4231 catal.
1159 4176 1413 4244 ἀυοὺιιε,
1460 4193 1703 4247 quorum
1750 4182 1938 4232 tumen
1963 4179 2135 4248 prior
2171 4190 2245 4232 ne
2275 4178 2578 4232 mendosus
2622 4183 2787 4237 esset.
2835 4177 2948 4229 sal-

657 4269 762 4316 lem
795 4262 912 4316 hice
945 4261 1307 4315 scribendum
1339 4268 1466 4314 erat
1628 4259 1747 4315 144
1789 4260 1955 4315 aduut
1982 4262 2127 4316 Par.
2165 4260 2215 4315 R
2248 4261 2402 4316 Leid.
2458 4260 2504 4315 V
2674 4258 2792 4315 145
2824 4276 2950 4314 con-

654 4361 814 4418 perce
861 4345 1066 4400 Bamb.
1242 4343 1362 4399 dedi
1410 4345 1614 4400 Bamb.
