3400 5075
1414 332 1733 386 T1T1N1vs
2610 330 2729 395 139

1458 488 1558 553 III
1605 487 1704 575 (3)

431 605 935 689 39s4oPosqutin1
983 605 1251 669 maritus
1297 605 1509 669 factus
1557 627 1623 669 es
1635 656 1652 689 ,
1699 606 1780 669 ab
1826 606 1949 670 hac
1996 606 2185 671 domo

606 721 967 806 Abhorre8‚
1012 726 1191 786 tuam
1239 721 1435 785 etiam
1482 723 1745 785 uxorem
1791 721 1979 785 uideo
2026 722 2349 806 paucienS.

1461 836 1559 901 IV
1608 835 1706 922 (4)

447 951 556 1017 41¹
613 951 713 1016 Tu
759 951 919 1016 facis
965 951 1210 1036 inique,
1257 950 1376 1036 qui
1416 952 1637 1016 uenire
1684 951 1991 1036 pauciens

612 1065 790 1131 Sole's
837 1066 908 1130 in
953 1066 1196 1131 urbem.

1456 1181 1515 1247 V
1565 1181 1711 1269 (11)

608 1297 682 1363 Si
722 1319 832 1362 rus
880 1319 1026 1362 cum
1073 1299 1283 1363 scorto
1331 1298 1670 1363 constituit
1714 1296 1835 1383 ire,
1882 1298 2082 1362 clauis
2128 1296 2279 1363 ssico

608 1412 920 1478 Abstrfidi
966 1413 1186 1497 iubeo,
1231 1414 1508 1478 misticae
1555 1418 1749 1500 togae
1797 1413 1856 1478 ei
1900 1435 1983 1479 ne
2030 1414 2117 1478 sit
2162 1414 2365 1499 copia.

429 1610 511 1660 111
547 1609 759 1660 Nonius
798 1610 914 1671 157,
957 1611 1018 1658 16
1054 1610 1413 1673 ‘pauciens
1451 1624 1549 1673 pro
1586 1625 1710 1659 raro
1750 1610 1863 1660 dici
1898 1615 2145 1660 ueterum
2180 1609 2483 1658 auctoritas
2521 1608 2726 1659 docet)

433 1677 595 1728 Pauli
621 1677 821 1726 Festus
847 1692 897 1740 p.
926 1678 1026 1727 220
1050 1677 1125 1728 Μ.
1167 1676 1520 1741 ‘pauciens
1557 1676 1818 1727 dicebant
1854 1693 1952 1743 pro
1987 1693 2127 1727 raro.
2201 1676 2470 1726 Titiniuse
2508 1691 2726 1726 uxorem

434 1761 486 1810 p.
524 1748 598 1794 u.’
737 1744 814 1794 IV
851 1744 1062 1793 Nonius
1101 1747 1213 1807 157,
1255 1746 1317 1794 17
1356 1745 1716 1809 ‘pauciens
1744 1783 1755 1792 .
1785 1783 1795 1794 .
1823 1785 1835 1796 .
1873 1746 2113 1796 Titinius
2151 1742 2383 1794 Gemina
2422 1739 2545 1810 [111]
2582 1743 2727 1793 idem

436 1815 492 1862 in
531 1812 750 1863 eadem:
790 1814 873 1861 tu’
912 1828 960 1864 e.
999 1829 1047 1877 q.
1085 1828 1125 1861 s.
1267 1814 1314 1863 V
1350 1813 1558 1862 Nonius
1595 1813 1715 1873 406,
1752 1815 1818 1864 20
1855 1818 2035 1878 ‘toga
2082 1812 2230 1862 dicta
2274 1817 2359 1862 est
2395 1827 2428 1861 a
2465 1811 2724 1875 tegendo,

435 1885 492 1930 et
529 1885 616 1930 est
652 1884 783 1944 toga
811 1920 823 1933 .
857 1917 871 1931 .
898 1915 911 1930 .
935 1880 1367 1930 uestimentum.
1399 1920 1411 1933 .
1439 1915 1453 1929 .
1489 1879 1699 1930 dicitur
1746 1886 1803 1932 et
1847 1885 2116 1936 tectum.
2184 1879 2424 1929 Titinius
2469 1876 2726 1929 Gemina:
2787 1917 2801 1931 .

597 2060 831 2115 itini-itae
862 2059 1017 2114 Leid.
1063 2057 1234 2114 nitide
1274 2058 1466 2116 Urbin.
1501 2058 1640 2116 307.
1697 2058 1786 2132 Cf.
1836 2063 1907 2117 de
1950 2060 2131 2116 intrita
2162 2060 2427 2117 Donatus
2470 2058 2551 2114 ad
2596 2057 2727 2113 Ter.

431 2145 663 2201 Phorm.
694 2142 764 2199 ΙΙ
791 2142 852 2215 2,
881 2142 922 2197 4
1053 2159 1169 2197 mea
1199 2144 1413 2213 addidi,
1445 2161 1551 2200 om.
1595 2145 1734 2200 libri
1860 2155 2068 2202 comest
2122 2145 2337 2211 Urbin„
2389 2143 2514 2199 edd.
2546 2159 2726 2198 comes

424 2230 561 2287 libri
728 2244 865 2283 uxor
910 2229 1034 2283 edd.
1093 2244 1225 2282 usor
1279 2229 1415 2284 libri
1583 2227 1770 2284 libram
1818 2228 2027 2285 aiebant
2083 2245 2206 2284 esse
2251 2225 2512 2283 ambobus
2569 2225 2726 2281 farris

429 2315 645 2370 intritae
691 2314 839 2368 satis,
928 2312 1054 2367 Pltis
1096 2329 1140 2367 c.
1187 2331 1231 2367 s,
1269 2329 1321 2368 u.
1367 2313 1746 2390 Hermannus
1790 2330 1992 2386 opusc.
2043 2314 2091 2371 V
2116 2312 2237 2370 268
2284 2309 2472 2366 libram
2518 2309 2726 2366 aiebant

427 2399 566 2453 Satis
622 2397 741 2452 esse
796 2395 1053 2452 ambobus
1108 2397 1342 2453 intritae.
1407 2391 1440 2463 ff
1484 2398 1587 2453 eho
1646 2398 1768 2471 plus
1813 2416 1861 2453 c.
1910 2417 1955 2453 s,
2006 2414 2058 2453 u.
2108 2401 2237 2455 olim
2282 2398 2555 2452 dederam

428 2484 506 2541 39
540 2499 627 2556 sq.
672 2497 936 2555 posquam
977 2479 1172 2537 Urbin.
1207 2481 1330 2540 308
1377 2488 1664 2556 postquam
1710 2487 1890 2539 ceteri
1928 2485 2064 2541 libri
2201 2481 2421 2536 maritus
2466 2479 2637 2535 factus
2669 2497 2728 2536 es

427 2585 583 2624 nunc
615 2584 740 2623 cum
775 2566 1238 2624 CFWMuellero
1268 2570 1481 2639 scripsi
1511 2567 1682 2624 sactus
1729 2569 1949 2623 maritus
1975 2569 2116 2626 libri
2282 2565 2346 2621 ab
2391 2567 2488 2622 hac
2515 2569 2731 2638 scripsi

432 2671 558 2709 cum
590 2654 804 2721 eodem,
850 2652 962 2707 nisi
1005 2650 1219 2722 factu'S,
1263 2670 1291 2707 a
1322 2659 1506 2708 nostra
1540 2652 1637 2707 hac
1657 2660 1952 2724 praestat.
2001 2654 2139 2708 hanc
2180 2652 2316 2709 libri
2452 2649 2532 2706 41
2568 2650 2727 2707 uideo

428 2730 711 2812 pauciens]
772 2737 988 2809 paucies
1047 2735 1206 2791 uideo
1270 2737 1489 2793 Nonius
1544 2738 1800 2809 pauciens
1858 2736 2019 2794 uideo
2079 2737 2236 2808 Lips.
2298 2736 2494 2792 Berol.
2554 2736 2731 2792 Pauli

427 2815 684 2896 pauciens
725 2818 942 2876 'uidebo
1003 2824 1186 2876 celeri
1237 2822 1412 2877 Pauli
1467 2823 1628 2878 codd.
1720 2823 1848 2878 Alia
1908 2825 2012 2879 alii
2054 2827 2482 2893 temptauerunt
2497 2863 2514 2891 ,
2571 2823 2726 2876 uelut

429 2906 780 2980 posteaquam
849 2904 1025 2960 sactus
1082 2922 1139 2960 es
1196 2907 1451 2975 marituS,
1522 2906 1658 2961 hanc
1715 2905 1933 2962 domum
1991 2905 2300 2977 Abhorre3‚
2366 2913 2507 2961 tuam
2567 2905 2727 2960 etiam

429 3006 648 3047 uxorem
695 2988 855 3045 uideo
901 2990 1115 3062 paucies
1163 2991 1586 3060 Neulcirchius,
1645 2995 1703 3044 in
1761 2994 1967 3063 quibus
2009 2993 2388 3048 Hermannus
2427 2991 2468 3048 l.
2513 2991 2553 3044 l.
2604 2988 2725 3046 269

427 3077 568 3132 nihil
616 3074 993 3144 reprehendit
1056 3078 1168 3130 nisi
1226 3082 1578 3148 posteaquam
1626 3083 1901 3132 mutatum
1960 3092 2038 3132 ex
2095 3084 2412 3149 postquam,
2467 3078 2727 3146 poluisse

426 3164 574 3217 enim
619 3161 777 3215 initio
835 3174 1044 3214 uersus
1094 3158 1189 3213 sed
1236 3162 1329 3215 uel
1389 3176 1496 3215 non
1551 3161 1843 3217 eaecidcre.
1935 3162 2223 3234 postquam
2282 3159 2506 3215 maritus
2553 3158 2726 3214 factus

428 3262 518 3315 οε,
565 3242 628 3298 ab
675 3243 771 3298 hac
815 3242 978 3298 domo
1013 3240 1314 3313 Athon-res,
1365 3251 1506 3298 tuam
1553 3260 1774 3318 quoque
1818 3245 1975 3301 etiam
2007 3261 2229 3300 uxorem
2275 3244 2528 3317 pauciens
2560 3241 2724 3298 Video

428 3330 747 3385 Muellerus
794 3330 1029 3399 prosod.
1077 3328 1270 3385 Plaul.
1317 3327 1438 3384 459
1499 3336 1785 3401 postquam
1843 3327 2035 3384 factu's
2095 3327 2313 3383 Maritus
2330 3367 2347 3401 ‚
2407 3326 2504 3380 hac
2563 3326 2725 3381 domo

426 3412 714 3481 abhorreS,
764 3418 905 3466 tuam
938 3414 1096 3467 etiam
1132 3428 1355 3467 uxorem
1402 3412 1559 3468 uideo
1604 3415 1857 3485 pauciens
1889 3416 2017 3469 olim
2062 3413 2336 3468 dederam
2509 3405 2616 3465 41¹
2668 3419 2724 3466 tu

426 3498 555 3554 sacis
598 3497 782 3569 inique
829 3497 922 3570 qui
968 3513 1125 3551 nunc
1169 3499 1396 3567 scripsi.
1490 3505 1547 3551 tu
1601 3514 1691 3553 sac
1747 3498 1913 3570 iniqui
1957 3496 2096 3552 libri
2139 3504 2196 3551 tu
2253 3503 2337 3550 sat
2382 3495 2564 3568 inique
2609 3496 2722 3551 Ro-

429 3584 582 3638 thius
623 3589 908 3636 mantem
955 3581 1121 3654 iniqui
1171 3581 1378 3638 Aldina
1425 3589 1482 3636 tu
1541 3588 1719 3637 autem
1765 3582 1940 3655 inquit
1986 3583 2073 3636 ed.
2125 3580 2286 3636 1526
2342 3595 2496 3635 rui-as
2539 3580 2724 3652 inique

432 3667 674 3723 Bolhius
740 3672 857 3720 tute
919 3672 1096 3720 autem
1166 3667 1258 3738 qui
1319 3666 1712 3723 Neulcircbius
1781 3675 1836 3721 ιιι
1900 3675 2077 3721 autem
2143 3664 2293 3736 inqui
2351 3665 2726 3720 Hermannus

423 3754 462 3808 l.
508 3753 546 3806 l.
595 3749 715 3806 269
766 3757 824 3804 tu
873 3750 998 3805 sacis
1047 3749 1231 3822 Inique
1265 3750 1584 3807 Muellerus
1755 3751 1808 3805 in
1858 3748 2041 3805 urbem
2087 3750 2302 3824 paucies
2348 3749 2533 3804 uenire
2577 3748 2723 3804 soles

424 3837 575 3906 libri,
610 3837 966 3906 transposui.
1012 3835 1069 3889 iu
1100 3833 1286 3889 urbem
1320 3836 1537 3908 paucies
1570 3835 1763 3890 Venire
1796 3874 1842 3889 ..
1875 3851 1973 3891 cur
2000 3833 2147 3890 soles
2186 3832 2564 3889 Hermannus
2596 3849 2725 3906 pau-

426 3921 535 3975 cies
577 3919 722 3975 solcs
769 3920 955 3974 uenire
999 3919 1053 3974 iu
1101 3917 1288 3974 urbem
1323 3921 1567 3976 Bothius
1610 3920 1664 3975 in
1689 3918 1876 3974 urbem
1924 3920 2015 3992 qui
2046 3919 2234 3975 uenire
2280 3918 2533 3991 pauciens
2566 3916 2723 3972 Soles

426 4004 766 4061 Muellerus·
830 4002 1205 4075 Septenarios
1233 4010 1321 4059 set
1366 4003 1424 4059 ui
1455 4013 1536 4059 sat
1577 4004 1792 4077 inique,
1840 4005 1932 4077 qui
1964 4005 2105 4060 enim
2150 4004 2204 4059 in
2237 4002 2424 4058 urbem
2472 4002 2723 4075 paucieus

425 4088 614 4144 uenire
646 4087 801 4143 Soles
847 4091 975 4144 olim
1006 4091 1435 4159 descripseram.
1532 4088 1830 4145 Traditum
1864 4089 2167 4145 uerborum
2210 4089 2465 4145 ordinem
2498 4090 2720 4160 aliqua-

401 4179 594 4242 ‚lenus
638 4188 885 4229 seruarc
939 4176 1022 4229 sic
1073 4177 1291 4244 possis:
1352 4181 1410 4229 tu
1457 4172 1587 4228 sacis
1632 4174 1849 4247 inique,
1909 4174 2030 4247 quia
2076 4174 2217 4229 enim
2263 4174 2314 4227 in
2363 4169 2549 4227 urbem
2595 4187 2723 4244 pau-

425 4257 571 4312 ciens
604 4256 761 4312 Solc's
792 4258 998 4313 uenire.
1174 4257 1255 4314 43
1287 4260 1425 4314 situs
1466 4258 1659 4314 Bamb.
1791 4257 2076 4313 constituit
2104 4259 2266 4327 libri,
2315 4257 2469 4330 quod
2496 4263 2722 4311 mulcere

427 4344 600 4401 nolui.
667 4341 1015 4399 constituerit
1059 4345 1115 4398 in
1150 4343 1389 4399 iambico
1435 4345 1732 4401 octonario
1762 4343 2141 4401 Hermannus
2186 4345 2224 4399 I.
2252 4345 2291 4400 l.
2336 4340 2491 4412 270,
2536 4340 2717 4400 Laclz-
2767 4358 2791 4379 ·
