3400 5075
1425 350 1538 401 cm.
1575 347 1890 399 NAvas
2713 348 2798 410 29
2840 314 2847 323 ’

1494 503 1616 568 ΧΧ
1702 506 1781 567 13

689 616 809 682 νὲΙ
858 640 1021 701 quae
1070 622 1287 701 sperat
1332 621 1399 681 se
1447 502 2124 702 nupturam)u1'ridulo
2174 619 2675 703 adulescentum,

690 729 809 795 'Ea
855 733 1005 797 licet
1051 732 1255 796 sensse
1301 737 1536 797 tractet
1581 734 1887 797 detritum
1935 733 2352 796 rutabulum?

1477 892 1634 956 XXI
1719 893 1799 956 15

687 1004 1014 1070 Sonticam
1097 1030 1237 1069 esse
1321 1010 1580 1091 oportet
1651 890 1939 1090 οὲυεέιω,
2014 1027 2204 1089 quam
2280 1007 2498 1071 6brem
2574 1010 2804 1092 perdas

1788 1121 2136 1183 mulierem.

1377 1276 1568 1342 XXII
1617 1277 1811 1363 (Add.
1861 1278 1932 1363 5)

684 1394 861 1457 Haec
892 1392 1149 1477 quidem
1197 1394 1436 1475 hercle,
1485 1395 1743 1477 opinor,
1788 1394 2064 1478 praefica
2091 1398 2213 1457 est:
2262 1397 2444 1476 quasi
2475 1398 2801 1461 m6rtuum

1784 1508 2123 1572 collaudat.

506 1721 673 1769 imus
718 1720 892 1769 Paris.
928 1717 999 1781 A)
1089 1720 1410 1770 Priscianus
1456 1720 1503 1769 X
1551 1723 1576 1768 1
1627 1735 1679 1783 p.
1718 1721 1819 1770 875
1863 1719 1922 1768 Ρ.
1969 1720 2112 1769 ‘aio
2148 1756 2161 1769 .
2191 1761 2202 1772 .
2230 1760 2243 1773 .
2276 1720 2634 1785 imper-atinus
2680 1723 2737 1770 in
2784 1724 2805 1771 i

505 1788 809 1837 terminans
836 1824 849 1838 .
880 1824 931 1839 ..
970 1786 1249 1838 Naeuius:
1299 1792 1395 1836 sn’
1436 1802 1482 1837 e.
1522 1802 1572 1851 q.
1621 1802 1662 1837 s.
1713 1786 1977 1851 (neuius
2023 1786 2188 1837 Barb.
2227 1787 2396 1852 Saug.
2432 1786 2603 1851 Bong.
2644 1787 2800 1839 Grut.

504 1854 761 1918 Carolir.)
806 1853 955 1904 Idem
999 1853 1049 1902 X
1095 1857 1127 1904 9
1174 1872 1227 1920 p.
1273 1856 1372 1904 906
1418 1854 1476 1903 Ρ.
1527 1856 1652 1903 ‘aio
1698 1891 1711 1902 .
1761 1892 1772 1902 .
1824 1891 1836 1902 .
1888 1855 2214 1919 imperatiuo
2261 1856 2315 1903 in
2379 1856 2396 1903 i
2451 1856 2800 1905 terminante.

505 1922 588 1971 sic
635 1922 777 1971 enim
825 1921 1033 1971 Probus
1077 1921 1146 1972 de
1193 1921 1357 1972 dubio
1410 1922 1659 1987 perfecto
1705 1926 1959 1971 tractans
2004 1921 2245 1971 ostendit
2290 1921 2562 1972 Naeuium
2618 1928 2799 1987 protu-

503 1989 660 2039 lisse:
715 1994 821 2039 an’
876 2004 923 2038 e.
979 2002 1030 2052 q.
1088 2004 1132 2041 s.
1191 1989 1479 2052 (nenium
1535 1991 1670 2053 Reg.
1724 1989 1916 2038 Bamb.
1972 1991 2141 2054 Bong.
2197 1988 2364 2053 Sang.
2419 1989 2602 2054 Grut.)
2656 1989 2801 2041 idem

506 2055 671 2120 paulo
708 2056 857 2105 iufra
893 2055 1066 2119 ‘quod
1103 2062 1288 2106 autem
1324 2056 1382 2106 in
1420 2055 1571 2106 aliis’
1609 2057 1712 2118 (sc.
1752 2056 2029 2120 personis,
2066 2056 2204 2106 dicit
2240 2056 2307 2106 de
2344 2057 2521 2121 prima
2565 2057 2705 2123 sing.
2744 2066 2801 2110 et

504 2124 673 2173 tertia
698 2122 861 2188 plur.)
887 2124 1226 2188 ‘corripitur’
1251 2123 1486 2179 (uocalis
1513 2123 1588 2187 a),
1617 2123 1886 2173 ‘ostendit
1913 2139 2043 2173 usus
2072 2167 2083 2177 .
2103 2161 2117 2175 .
2140 2164 2153 2175 .
2177 2122 2452 2173 Naeuius:
2490 2128 2585 2174 an'
2612 2139 2661 2175 e.
2685 2140 2735 2189 q.
2756 2140 2799 2174 s.

504 2190 766 2251 (neuius
801 2191 939 2255 Reg.
975 2191 1150 2258 Bong.
1187 2192 1419 2241 ennius
1454 2190 1641 2240 Bamb.
1676 2189 1847 2240 Halb.
1884 2189 2053 2253 Sang.
2092 2188 2249 2244 Grut.
2288 2189 2545 2253 Carolir.)

502 2256 603 2306 XX
638 2258 839 2307 Festus
883 2273 935 2322 p.
972 2260 1074 2307 262
1109 2259 1182 2306 Μ.
1229 2257 1640 2307 ‘rutabulum
1684 2261 1772 2307 est
1826 2272 1929 2322 quo
1975 2258 2165 2307 rustici
2212 2259 2269 2306 in
2315 2257 2625 2320 proruendo
2672 2260 2799 2324 igne

501 2326 659 2390 panis
696 2324 968 2389 coquendi
1006 2325 1190 2389 gratia
1226 2322 1520 2389 [utuntur.]
1593 2324 1806 2375 Nouius
1852 2328 1910 2373 in
1946 2325 2078 2374 Pico
2115 2351 2179 2359 —
2219 2351 2282 2360 —
2315 2324 2575 2374 Nauius
2613 2327 2799 2376 obsce·

502 2408 628 2441 nam
673 2393 781 2442 uiri
827 2397 1038 2457 partem
1085 2392 1435 2441 describens:
1488 2392 1577 2443 uel
1624 2396 1784 2457 quae'
1836 2409 1883 2443 e.
1922 2409 1972 2457 q.
2009 2408 2051 2445 s.
2099 2391 2421 2453 (Naeuius
2468 2392 2633 2458 uulgo
2670 2393 2801 2444 No-

501 2462 649 2508 uius
687 2460 1047 2524 Aug-ustinus)
1188 2459 1316 2509 xxl
1350 2461 1551 2511 Festus
1587 2475 1640 2524 p.
1675 2461 1777 2509 290
1812 2460 1885 2513 Μ.
1924 2460 2285 2509 ‘sonticum
2324 2460 2566 2510 morbum
2604 2461 2658 2509 in
2696 2461 2803 2511 XII

502 2526 815 2592 significare
861 2527 943 2577 ait
984 2525 1174 2578 Aelius
1220 2526 1360 2578 Stilo
1395 2531 1615 2579 certum
1666 2544 1790 2577 cum
1834 2528 1985 2576 iusta
2031 2542 2232 2590 causa,
2286 2542 2443 2592 quem
2499 2544 2607 2579 non
2662 2529 2801 2579 nulli

500 2601 700 2660 putant
736 2611 883 2654 esse,
923 2597 1017 2658 qui
1054 2601 1281 2656 noceat,
1333 2594 1476 2658 quod
1515 2601 1700 2645 sontes
1744 2594 2026 2658 significat
2059 2600 2341 2645 nocentes.
2413 2595 2657 2646 Naeuius
2697 2598 2801 2645 ait:

500 2664 793 2712 sonticam'
832 2678 877 2712 e.
904 2677 957 2726 q.
982 2677 1024 2715 s.
1097 2662 1301 2712 Paulus
1340 2678 1393 2727 p.
1424 2665 1520 2713 291
1549 2665 1623 2712 Μ.
1667 2663 2030 2712 ‘sonticum
2067 2662 2286 2712 iustum.
2348 2661 2622 2713 Naeuius:
2673 2679 2798 2713 son·

502 2732 690 2779 ticam’
729 2744 775 2779 e.
814 2745 865 2794 q.
905 2745 948 2778 s.
1108 2729 1267 2780 XXlI
1319 2731 1489 2779 Varro
1538 2730 1604 2778 de
1655 2729 1690 2783 l.
1740 2732 1806 2779 L.
1854 2729 1961 2780 VII
2009 2732 2074 2780 70
2119 2729 2192 2779 M.
2233 2734 2426 2793 ‘prae
2446 2731 2581 2780 fica
2627 2731 2797 2790 dicta,

501 2801 564 2846 ut
606 2797 863 2846 Aurelius
912 2797 1134 2858 scribit,
1183 2796 1379 2846 mulier
1430 2797 1499 2846 ad
1549 2796 1749 2846 luctum
1798 2812 1938 2862 quae
1989 2796 2416 2858 conduceretur,
2473 2812 2617 2861 quae
2666 2804 2796 2848 ante

504 2863 717 2913 domum
756 2866 955 2914 mortui
1002 2863 1225 2914 laudeis
1260 2865 1381 2914 eius
1428 2870 1658 2914 caneret
1706 2901 1716 2911 .
1755 2901 1768 2913 .
1809 2901 1821 2912 .
1871 2864 2113 2929 quibus
2169 2865 2638 2914 testimonium
2693 2871 2799 2914 est

501 2931 672 2995 quod
721 2932 964 2980 fretum
1011 2937 1116 2981 est
1157 2931 1431 2981 Naeuii:
1481 2931 1640 2981 haec’
1689 2947 1738 2981 e.
1777 2947 1824 2996 q.
1872 2946 1916 2980 s.
1994 2931 2552 2995 Quadrigeminis
2603 2947 2800 2982 nomen

502 3000 556 3047 in
594 2998 797 3048 litteris
834 2997 1004 3062 quod
1053 2999 1295 3048 fretum
1344 3006 1448 3049 est
1484 2998 1664 3048 latere
1712 2999 1949 3048 coniecit
1984 2998 2050 3052 Ο.
2095 2998 2406 3048 Muellerus.
2480 2999 2652 3063 quod
2698 2999 2800 3048 af-

502 3065 831 3115 sertidem
880 3065 1213 3115 Ritschelius
1264 3065 1486 3130 Parerg.
1533 3067 1556 3115 1
1605 3066 1687 3115 98.
1772 3064 1941 3129 quod
1990 3067 2219 3116 tritum
2273 3071 2378 3116 est
2426 3065 2800 3116 Buechelerus

501 3132 671 3197 quod
709 3134 1004 3183 facetum
1032 3130 1145 3198 (uel
1185 3133 1414 3183 facete
1452 3132 1727 3195 dictum)
1763 3137 1867 3183 est
1902 3134 2139 3183 conicio:
2176 3140 2326 3183 certe
2354 3133 2526 3197 quod
2563 3140 2800 3184 estnon

501 3200 959 3261 oblitterandum,
998 3201 1070 3250 cf.
1111 3203 1190 3250 15.
1229 3203 1313 3255 28.
1347 3202 1416 3250 46
1556 3201 1743 3251 neuii
1789 3200 1966 3261 Flor.)
2036 3200 2196 3250 Pauli
2245 3202 2445 3250 Festus
2491 3217 2544 3265 p.
2590 3203 2691 3250 223
2725 3200 2798 3249 Μ.

499 3272 516 3296 ‘
523 3283 683 3332 prae
700 3268 886 3317 sicae
923 3267 1182 3317 dicuntur
1206 3267 1464 3317 mulieres
1485 3267 1551 3317 ad
1578 3268 1983 3317 lamentandum
2010 3272 2278 3318 mortuum
2305 3267 2626 3328 conductae,
2656 3283 2799 3331 quae

505 3334 639 3384 dant
666 3336 870 3384 ceteris
896 3334 1110 3385 modum
1149 3333 1481 3400 plangendi,
1523 3336 1683 3400 quasi
1720 3337 1776 3384 in
1814 3335 1918 3384 hoc
1944 3336 2120 3398 ipsum
2146 3335 2485 3399 praefectae.
2527 3335 2796 3385 Naeuius:

499 3581 784 3638 Diomedis
827 3583 1004 3653 sporis
1050 3581 1113 3637 ab
1144 3599 1377 3657 regnans
1411 3580 1636 3639 Monac.
1689 3584 1940 3640 eiusdem
2113 3582 2199 3638 uel
2240 3590 2391 3653 post.
2437 3601 2543 3639 om.
2576 3583 2717 3640 Par.
2750 3585 2799 3640 Α

498 3665 788 3721 Diomedis
958 3683 1095 3739 gena
1139 3668 1329 3738 Prisc.
1385 3686 1447 3738 p.
1496 3667 1618 3724 906
1666 3669 1848 3740 Bony.
2028 3666 2145 3724 126
2191 3667 2389 3723 Malim
2444 3675 2546 3724 aut
2590 3668 2798 3741 quaene

497 3758 680 3821 sperat
733 3757 836 3805 aut
890 3751 1027 3824 quae
1083 3749 1335 3825 desperet
1518 3750 1752 3807 uiridulo
1810 3753 2027 3823 scripsi
2080 3753 2181 3807 uiri
2240 3752 2363 3807 cod.
2436 3750 2590 3807 diuiti
2647 3757 2795 3808 coni.
2867 3746 2881 3760 ⁶

501 3835 900 3891 Buechelerus
955 3836 1219 3909 uirginem
1275 3842 1692 3907 temptauerunt
1893 3834 2300 3891 adolescentulo
2374 3836 2614 3892 Vrsinus
2670 3836 2798 3891 adu·

496 3917 826 3974 lescentulos
881 3921 1006 3975 cod.
1266 3919 1353 3975 uel
1398 3936 1533 3993 quae
1590 3919 1842 3993 desperat
1886 3929 2175 3993 nupturam
2219 3936 2279 3975 se
2325 3921 2444 3974 uiro
2489 3919 2801 3977 adulescen-

498 4001 616 4056 tulo
656 4001 897 4058 Bothius
1029 4002 1146 4059 127
1179 4003 1435 4059 detritum
1468 4005 1533 4061 L.
1567 4004 1890 4061 Muellerus
1918 4006 1989 4061 de
2019 4021 2086 4061 re
2114 4023 2185 4060 m.
2220 4003 2343 4061 429
2375 4005 2625 4060 retritum
2672 4007 2797 4061 cod.

672 4086 789 4142 129
846 4088 1114 4143 mehercle
1171 4088 1397 4145 Paulus
1588 4091 1739 4160 quasi
1794 4093 2010 4160 scripsi
2065 4105 2202 4162 quae
2268 4091 2346 4143 sic
2396 4088 2619 4145 Paulus
2677 4104 2796 4143 nam

498 4170 684 4226 Varro
854 4172 951 4227 uel
996 4214 1009 4227 .
1059 4214 1070 4227 .
1124 4214 1136 4226 .
1185 4173 1315 4228 haec
1371 4171 1587 4245 quidem
1645 4171 1824 4228 hercle
1862 4175 2057 4246 opinor
2112 4170 2425 4245 praeficast:
2480 4171 2608 4226 Nam
2656 4171 2795 4228 nior·

499 4262 650 4309 tuum
706 4253 977 4310 collaudat
1032 4260 1126 4312 uel
1185 4258 1330 4312 adeo
1378 4298 1636 4312 ......
1684 4256 1816 4311 haec
1871 4274 1920 4329 q.
1971 4258 2020 4311 h.
2071 4274 2120 4312 o.
2179 4275 2230 4330 p.
2281 4255 2423 4323 Quae
2484 4257 2561 4312 sic
2618 4273 2686 4311 m.
2746 4274 2793 4312 c.

499 4338 850 4395 Bitschelius
890 4341 929 4394 1.
979 4343 1020 4397 1.
1051 4341 1298 4397 Placent
1328 4344 1553 4396 numeri
1581 4341 1862 4396 Boehiani
