3400 5075
1327 328 1850 383 COROLLARIVM
2599 330 2749 385 Lvn

636 493 722 557 34
769 514 861 577 sq.
923 493 1100 557 homo
1156 493 1209 557 si
1271 492 1618 576 deleretur,
1679 491 2045 556 necessaria
2101 493 2181 555 ad
2238 493 2745 576 comparationis
2863 490 2868 497 ’

460 599 906 683 integritatem
951 601 1135 665 notio
1182 599 1442 683 periret.

636 725 720 789 36
769 726 838 788 in
882 725 1074 789 titulo
1114 726 1396 808 yminae
1437 723 1648 807 Bern.,
1691 746 1826 789 non
1869 722 2018 787 Bas.

486 883 490 885 Δ
637 851 721 915 38
769 871 875 914 am
921 850 1111 915 bubus
1154 849 1299 913 Par.
1337 849 1416 913 P:
1465 871 1548 912 an
1592 848 1932 913 ambabus?
2063 849 2134 912 in
2165 847 2367 928 farris
2395 849 2534 911 trite
2561 847 2745 911 Harl.

457 957 568 1038 fra
613 958 867 1021 intritae
910 957 1057 1021 Par.
1104 957 1157 1020 P

636 1083 720 1145 39
771 1082 943 1145 Nam
976 1085 1308 1162 postquam
1348 1080 1553 1161 faetus
1597 1100 1658 1143 es
1693 1080 1961 1144 maritus
1996 1079 2239 1144 Bothio
2277 1081 2434 1144 duee
2475 1079 2746 1155 Quiehe-

458 1188 681 1252 ratius.
816 1189 1065 1253 domum
1110 1186 1256 1250 Par.
1292 1186 1346 1251 Ο

634 1314 717 1377 41
778 1318 950 1377 tuam
994 1333 1227 1394 quoque
1269 1311 1456 1375 e'tiam
1499 1330 1756 1374 uxorem
1797 1311 2054 1392 padcies
2109 1310 2300 1376 Video'
2350 1314 2500 1375 ante
2549 1309 2745 1375 CFW

458 1419 842 1484 Muellerum
888 1417 1289 1483 Duebnerus.

632 1546 751 1609 41¹.
799 1544 959 1625 sactis
1004 1544 1215 1625 inique
1259 1541 1714 1618 Quieheratius
1763 1563 2016 1627 quoque
2064 1542 2291 1606 ceteris
2340 1544 2414 1606 ut
2467 1543 2744 1626 plerum-

458 1675 579 1736 que
626 1653 793 1716 male
843 1650 1330 1716 administratis.

634 1778 716 1840 47
769 1776 886 1841 Sat
933 1775 1296 1839 manifestis
1342 1773 1661 1838 librorum
1708 1772 1964 1838 indiciis
2012 1776 2224 1839 motus
2271 1797 2404 1839 non
2449 1775 2743 1839 dubitavi

458 1883 750 1967 quamvis
805 1905 1047 1948 novum
1102 1881 1371 1945 verbum
1424 1881 1743 1945 eoesoeattis
1793 1903 2156 1965 proponere
2202 1884 2277 1944 ut
2329 1881 2501 1945 idem
2548 1882 2744 1967 signi-

456 1990 653 2053 ficans
715 1992 909 2073 atque
969 2009 1259 2053 exsereas
1306 1988 1410 2052 vel
1468 1987 1787 2052 translato
1849 2010 2036 2052 sensu
2092 1988 2386 2072 expellis,
2441 1992 2514 2052 ut
2576 1990 2744 2072 apud

456 2095 829 2159 Terentium
874 2119 931 2158 V.
978 2095 1108 2159 406
1158 2091 1419 2189 Gnatho
1468 2095 1588 2158 ait:
1645 2092 1862 2177 ‘quasi
1908 2094 2020 2158 ubi
2067 2095 2250 2159 illam
2305 2100 2584 2177 eapaeret
2626 2095 2744 2159 mi-

457 2202 691 2266 seriam
738 2225 813 2265 ex
864 2202 1081 2266 animo
1096 2200 1133 2265 ’.
1225 2223 1374 2265 nam
1424 2223 1568 2265 eum
1611 2206 1877 2266 soractae
1920 2201 2154 2265 Plauto
2204 2202 2454 2286 ipsique
2500 2202 2744 2266 Titinio

456 2305 481 2391 (
497 2307 617 2391 75)
681 2308 892 2372 dietae
960 2308 1090 2371 sint
1153 2308 1236 2372 ab
1303 2307 1657 2371 excreando
1720 2307 2168 2391 despiciendae
2231 2332 2305 2372 ae
2360 2310 2744 2392 nugatoriae

457 2413 756 2477 mulieres
823 2411 1072 2499 (Varro
1134 2416 1212 2478 de
1266 2415 1307 2477 l.
1354 2414 1395 2478 l.
1441 2413 1568 2477 VH
1626 2413 1712 2477 65
1776 2412 2004 2477 Festus
2059 2436 2120 2496 p.
2169 2414 2298 2477 333
2345 2414 2430 2478 M.
2498 2413 2744 2479 Gellius

453 2519 563 2593 III,
605 2522 645 2586 3
693 2519 946 2586 Nonius
993 2544 1054 2604 p.
1107 2521 1252 2604 169,
1299 2517 1396 2605 5),
1442 2524 1702 2606 praeter
1747 2541 1982 2585 screare
2029 2520 2304 2584 alterum
2360 2519 2568 2604 paulo·
2615 2521 2742 2587 for-

451 2631 624 2692 tasse
685 2627 979 2693 fortioris
1027 2627 1316 2692 notionis
1375 2629 1657 2692 serattire
1703 2627 1837 2691 sive
1883 2631 2170 2691 scrattere
2223 2629 2492 2693 verbum
2548 2628 2744 2692 fuisse

453 2734 738 2816 videtur,
802 2733 969 2798 unde
1031 2734 1277 2798 factum
1345 2735 1431 2798 sit
1487 2739 1751 2798 serattus
1808 2733 1888 2796 ad
1929 2731 2176 2798 ‘eorum
2236 2733 2745 2816 similitudinem,

452 2861 618 2924 quae
666 2840 731 2903 in
779 2840 1125 2906 corollario
1173 2841 1253 2904 ad
1301 2846 1468 2925 trag.
1516 2863 1576 2923 p.
1624 2838 1811 2902 XVII
1860 2841 2213 2923 composui.
2304 2862 2509 2923 neque
2571 2839 2742 2903 enim

452 2946 644 3011 eredo
688 2952 984 3029 scraptae,
1047 2952 1120 3011 ut
1175 2947 1244 3011 in
1289 2946 1467 3011 Festi
1514 2944 1734 3030 glossa
1780 2948 1977 3027 extat,
2032 2946 2382 3029 genuinam
2447 2946 2745 3029 formam,

452 3053 561 3117 sed
601 3052 669 3116 in
697 3052 927 3116 Titinii
968 3076 1022 3116 v.
1055 3054 1137 3116 75
1182 3058 1463 3136 sorattae,
1498 3054 1573 3116 ut
1609 3051 1853 3115 indicat
1889 3052 2107 3134 codex,
2143 3053 2552 3117 scribendum
2592 3076 2745 3117 esse.

453 3156 578 3220 Sed
625 3158 787 3222 haee
825 3160 935 3242 qui
972 3159 1166 3224 nimis
1215 3161 1465 3224 ineerta
1502 3180 1636 3221 esse
1686 3157 2194 3241 arbitrabuntur,
2241 3158 2331 3223 eis
2380 3160 2477 3222 uti
2522 3159 2746 3223 licebit

453 3263 754 3328 Pliniano
801 3266 1001 3330 verbo
1048 3268 1273 3330 eratire
1318 3268 1407 3346 (n.
1452 3265 1515 3328 h.
1562 3262 1785 3328 XVIII
1833 3264 1938 3346 28,
1984 3263 2114 3329 258
2164 3263 2641 3345 ‘utilissimum,
2689 3266 2742 3328 si

453 3370 665 3433 malae
712 3369 973 3452 herbae,
1019 3392 1222 3453 arare,
1269 3371 1419 3434 dein
1463 3371 1712 3452 crat-ire,
1770 3392 1978 3433 serere
2025 3370 2250 3433 florem
2297 3393 2373 3433 ex
2418 3370 2744 3453 fenilibus,

452 3479 647 3560 atque
694 3500 728 3539 e
776 3477 1194 3560 praesepibus
1242 3477 1389 3542 feno
1446 3478 1769 3560 dilapsum
1827 3495 2132 3559 spargere
2185 3477 2560 3559 priusquam
2607 3499 2742 3539 cra-

452 3582 715 3646 tiantur’
765 3605 815 3646 e.
845 3606 904 3666 q.
934 3581 1027 3667 8.),
1074 3583 1239 3646 unde
1284 3585 1608 3648 exeratis
1654 3580 2086 3664 compositum
2127 3582 2372 3664 optime
2420 3582 2500 3645 ad
2536 3584 2743 3646 nostri

448 3689 578 3753 Ioci
627 3690 1014 3754 sententiam
1063 3690 1357 3774 quadrat,
1404 3713 1530 3774 qua
1576 3688 1898 3772 parasitus
1945 3691 2278 3771 tamquam
2321 3688 2497 3751 mala
2541 3688 2745 3752 herba

452 3796 644 3859 evelli
703 3798 893 3880 atque
952 3796 1285 3860 exturbari
1340 3796 1616 3859 iubetur.
1691 3795 1770 3858 ef.
1820 3794 1886 3858 in
1941 3793 2140 3857 simili
2194 3793 2461 3858 notione
2517 3793 2742 3857 evall&

449 3922 589 3966 vero
648 3902 758 3983 77,
821 3907 1155 3966 evannetur
1211 3902 1438 3985 Pomp.
1486 3901 1599 3983 92,
1663 3900 1875 3982 exfieio
1932 3900 2154 3963 Afran.
2210 3901 2359 3982 110,
2423 3901 2744 3983 explodam

452 4008 609 4090 327,
672 4014 1082 4072 avormneent
1142 4009 1365 4072 Afran.
1425 4008 1528 4070 64.
1632 4007 1912 4072 Vestrum
1977 4005 2226 4070 Nonius
2293 4029 2407 4089 per
2472 4007 2741 4071 eundem

451 4117 783 4196 stuporem
831 4136 951 4197 pro
1002 4114 1372 4179 accusativo
1420 4114 1734 4197 singulari
1782 4113 2041 4195 habuit,
2096 4135 2221 4195 quo
2268 4113 2336 4175 in
2392 4114 2615 4177 eodem
2663 4113 2742 4178 ti:

449 4219 590 4283 tulo
658 4217 1015 4285 ‘maiorum
1080 4219 1302 4286 suum'
1375 4217 1716 4304 Sisennae,
1780 4217 2139 4283 ‘maiorum
2208 4217 2459 4281 meum'
2524 4218 2742 4282 Plauti

449 4324 689 4407 posuit.
