<?xml version="1.0" encoding="UTF-8"?>
<!DOCTYPE html PUBLIC "-//W3C//DTD XHTML 1.0 Transitional//EN"
    "http://www.w3.org/TR/xhtml1/DTD/xhtml1-transitional.dtd">
<html xmlns="http://www.w3.org/1999/xhtml" xml:lang="en" lang="en">
 <head>
  <title>
</title>
<meta http-equiv="Content-Type" content="text/html;charset=utf-8" />
  <meta name='ocr-system' content='tesseract 3.04.00' />
  <meta name='ocr-capabilities' content='ocr_page ocr_carea ocr_par ocr_line ocrx_word'/>
</head>
<body>
  <div class='ocr_page' id='page_1' title='image "./comicorumromano00teregoog_0264.png"; bbox 0 0 3400 5075; ppageno 0'>
   <div class='ocr_carea' id='block_1_1' title="bbox 603 363 2406 427">
    <p class='ocr_par' dir='ltr' id='par_1_1' title="bbox 603 363 2406 427">
     <span class='ocr_line' id='line_1_1' title="bbox 603 363 2406 427; baseline -0.007 0"><span class='ocrx_word' id='word_1_1' title='bbox 603 364 718 427; x_wconf 72' lang='lat' dir='ltr'>12ss</span> <span class='ocrx_word' id='word_1_2' title='bbox 1072 366 1167 414; x_wconf 74' lang='lat' dir='ltr'>Ex</span> <span class='ocrx_word' id='word_1_3' title='bbox 1205 363 1542 415; x_wconf 77' lang='lat' dir='ltr'>INCERTIS</span> <span class='ocrx_word' id='word_1_4' title='bbox 1580 364 2060 414; x_wconf 68' lang='lat' dir='ltr'>mci-JRTORVM</span> <span class='ocrx_word' id='word_1_5' title='bbox 2098 363 2406 414; x_wconf 75' lang='lat' dir='ltr'>FABVLIS</span> 
     </span>
    </p>
   </div>
   <div class='ocr_carea' id='block_1_2' title="bbox 656 516 2641 1826">
    <p class='ocr_par' dir='ltr' id='par_1_2' title="bbox 1652 516 1831 583">
     <span class='ocr_line' id='line_1_2' title="bbox 1652 516 1831 583; baseline 0.006 -1"><span class='ocrx_word' id='word_1_6' title='bbox 1652 516 1831 583; x_wconf 90' lang='lat' dir='ltr'>LXV</span> 
     </span>
    </p>

    <p class='ocr_par' dir='ltr' id='par_1_3' title="bbox 777 635 2502 832">
     <span class='ocr_line' id='line_1_3' title="bbox 777 635 2502 721; baseline 0 -20"><span class='ocrx_word' id='word_1_7' title='bbox 777 638 841 701; x_wconf 91' lang='lat' dir='ltr'>Is</span> <span class='ocrx_word' id='word_1_8' title='bbox 890 635 1158 700; x_wconf 71' lang='lat' dir='ltr'>minimo</span> <span class='ocrx_word' id='word_1_9' title='bbox 1207 640 1353 721; x_wconf 81' lang='lat' dir='ltr'>eget</span> <span class='ocrx_word' id='word_1_10' title='bbox 1402 635 1720 719; x_wconf 66' lang='lat' dir='ltr'>mortalia,</span> <span class='ocrx_word' id='word_1_11' title='bbox 1768 635 1877 718; x_wconf 88' lang='lat' dir='ltr'>qui</span> <span class='ocrx_word' id='word_1_12' title='bbox 1925 636 2262 700; x_wconf 70' lang='lat' dir='ltr'>minimtim</span> <span class='ocrx_word' id='word_1_13' title='bbox 2309 638 2502 720; x_wconf 81' lang='lat' dir='ltr'>cupit.</span> 
     </span>
     <span class='ocr_line' id='line_1_4' title="bbox 1644 768 2096 832; baseline -0.002 0"><span class='ocrx_word' id='word_1_14' title='bbox 1644 768 1855 832; x_wconf 91' lang='lat' dir='ltr'>LXVI</span> <span class='ocrx_word' id='word_1_15' title='bbox 2092 827 2096 831; x_wconf 84' lang='lat'>.</span> 
     </span>
    </p>

    <p class='ocr_par' dir='ltr' id='par_1_4' title="bbox 782 850 2641 1080">
     <span class='ocr_line' id='line_1_5' title="bbox 782 850 2641 969; baseline -0.001 -19"><span class='ocrx_word' id='word_1_16' title='bbox 782 885 965 962; x_wconf 82' lang='lat' dir='ltr'>Quod</span> <span class='ocrx_word' id='word_1_17' title='bbox 1015 886 1157 948; x_wconf 74' lang='lat' dir='ltr'>milt</span> <span class='ocrx_word' id='word_1_18' title='bbox 1201 885 1424 968; x_wconf 79' lang='lat' dir='ltr'>habet,</span> <span class='ocrx_word' id='word_1_19' title='bbox 1472 884 1581 967; x_wconf 88' lang='lat' dir='ltr'>qui</span> <span class='ocrx_word' id='word_1_20' title='bbox 1628 850 1795 947; x_wconf 72' lang='lat' dir='ltr'>uelIe</span> <span class='ocrx_word' id='word_1_21' title='bbox 1843 885 2014 968; x_wconf 85' lang='lat' dir='ltr'>quod</span> <span class='ocrx_word' id='word_1_22' title='bbox 2062 886 2219 948; x_wconf 84' lang='lat' dir='ltr'>satis</span> <span class='ocrx_word' id='word_1_23' title='bbox 2267 887 2365 949; x_wconf 71' lang='lat' dir='ltr'>est</span> <span class='ocrx_word' id='word_1_24' title='bbox 2411 890 2641 969; x_wconf 81' lang='lat' dir='ltr'>potest.</span> 
     </span>
     <span class='ocr_line' id='line_1_6' title="bbox 1628 1016 1874 1080; baseline 0.004 -1"><span class='ocrx_word' id='word_1_25' title='bbox 1628 1016 1874 1080; x_wconf 82' lang='lat' dir='ltr'>LXVII</span> 
     </span>
    </p>

    <p class='ocr_par' dir='ltr' id='par_1_5' title="bbox 656 1133 2488 1217">
     <span class='ocr_line' id='line_1_7' title="bbox 656 1133 2488 1217; baseline -0.002 -16"><span class='ocrx_word' id='word_1_26' title='bbox 656 1138 740 1201; x_wconf 83' lang='lat'>80</span> <span class='ocrx_word' id='word_1_27' title='bbox 786 1135 863 1199; x_wconf 88' lang='lat' dir='ltr'>In</span> <span class='ocrx_word' id='word_1_28' title='bbox 910 1136 1162 1198; x_wconf 83' lang='lat' dir='ltr'>millum</span> <span class='ocrx_word' id='word_1_29' title='bbox 1212 1154 1447 1196; x_wconf 84' lang='lat' dir='ltr'>auarus</span> <span class='ocrx_word' id='word_1_30' title='bbox 1496 1133 1705 1195; x_wconf 85' lang='lat' dir='ltr'>b6nus</span> <span class='ocrx_word' id='word_1_31' title='bbox 1754 1137 1879 1215; x_wconf 87' lang='lat' dir='ltr'>est,</span> <span class='ocrx_word' id='word_1_32' title='bbox 1924 1133 1992 1196; x_wconf 90' lang='lat' dir='ltr'>in</span> <span class='ocrx_word' id='word_1_33' title='bbox 2041 1154 2107 1196; x_wconf 87' lang='lat' dir='ltr'>se</span> <span class='ocrx_word' id='word_1_34' title='bbox 2154 1134 2488 1217; x_wconf 70' lang='lat' dir='ltr'>pessimus,</span> 
     </span>
    </p>

    <p class='ocr_par' dir='ltr' id='par_1_6' title="bbox 1608 1264 1885 1329">
     <span class='ocr_line' id='line_1_8' title="bbox 1608 1264 1885 1329; baseline 0.004 -1"><span class='ocrx_word' id='word_1_35' title='bbox 1608 1264 1885 1329; x_wconf 83' lang='lat' dir='ltr'>LXVIII</span> 
     </span>
    </p>

    <p class='ocr_par' dir='ltr' id='par_1_7' title="bbox 751 1380 2136 1577">
     <span class='ocr_line' id='line_1_9' title="bbox 751 1380 2136 1446; baseline -0.002 0"><span class='ocrx_word' id='word_1_36' title='bbox 751 1382 1042 1446; x_wconf 74' lang='lat' dir='ltr'>‘Amirus</span> <span class='ocrx_word' id='word_1_37' title='bbox 1091 1381 1344 1445; x_wconf 83' lang='lat' dir='ltr'>animus</span> <span class='ocrx_word' id='word_1_38' title='bbox 1391 1381 1571 1445; x_wconf 78' lang='lat' dir='ltr'>millo</span> <span class='ocrx_word' id='word_1_39' title='bbox 1622 1380 1896 1444; x_wconf 70' lang='lat' dir='ltr'>satiatlir</span> <span class='ocrx_word' id='word_1_40' title='bbox 1940 1380 2136 1445; x_wconf 84' lang='lat' dir='ltr'>lucro.</span> 
     </span>
     <span class='ocr_line' id='line_1_10' title="bbox 1646 1513 1857 1577; baseline 0 0"><span class='ocrx_word' id='word_1_41' title='bbox 1646 1513 1857 1577; x_wconf 88' lang='lat' dir='ltr'>LXIX</span> 
     </span>
    </p>

    <p class='ocr_par' dir='ltr' id='par_1_8' title="bbox 785 1629 2154 1826">
     <span class='ocr_line' id='line_1_11' title="bbox 785 1629 2154 1714; baseline 0 -19"><span class='ocrx_word' id='word_1_42' title='bbox 785 1631 890 1695; x_wconf 87' lang='lat' dir='ltr'>Ab</span> <span class='ocrx_word' id='word_1_43' title='bbox 939 1631 1065 1695; x_wconf 59' lang='lat' dir='ltr'>filio</span> <span class='ocrx_word' id='word_1_44' title='bbox 1114 1634 1409 1714; x_wconf 73' lang='lat' dir='ltr'>expectes</span> <span class='ocrx_word' id='word_1_45' title='bbox 1457 1630 1643 1693; x_wconf 70' lang='lat' dir='ltr'>alteri</span> <span class='ocrx_word' id='word_1_46' title='bbox 1690 1629 1861 1714; x_wconf 89' lang='lat' dir='ltr'>quod</span> <span class='ocrx_word' id='word_1_47' title='bbox 1909 1630 2154 1695; x_wconf 76' lang='lat' dir='ltr'>feceris,</span> 
     </span>
     <span class='ocr_line' id='line_1_12' title="bbox 1674 1762 1850 1826; baseline 0 0"><span class='ocrx_word' id='word_1_48' title='bbox 1674 1762 1850 1826; x_wconf 87' lang='lat' dir='ltr'>LXX</span> 
     </span>
    </p>
   </div>
   <div class='ocr_carea' id='block_1_3' title="bbox 787 1876 2444 2078">
    <p class='ocr_par' dir='ltr' id='par_1_9' title="bbox 787 1876 2444 2078">
     <span class='ocr_line' id='line_1_13' title="bbox 788 1876 2421 1963; baseline 0 -20"><span class='ocrx_word' id='word_1_49' title='bbox 788 1877 1125 1944; x_wconf 69' lang='lat' dir='ltr'>Beneficia</span> <span class='ocrx_word' id='word_1_50' title='bbox 1171 1880 1239 1942; x_wconf 87' lang='lat' dir='ltr'>in</span> <span class='ocrx_word' id='word_1_51' title='bbox 1290 1879 1523 1963; x_wconf 85' lang='lat' dir='ltr'>uolgus</span> <span class='ocrx_word' id='word_1_52' title='bbox 1572 1883 1718 1941; x_wconf 67' lang='lat' dir='ltr'>clim</span> <span class='ocrx_word' id='word_1_53' title='bbox 1763 1878 1985 1963; x_wconf 85' lang='lat' dir='ltr'>largiri</span> <span class='ocrx_word' id='word_1_54' title='bbox 2033 1876 2421 1961; x_wconf 53' lang='lat' dir='ltr'>instituam,</span> 
     </span>
     <span class='ocr_line' id='line_1_14' title="bbox 787 1994 2444 2078; baseline -0.001 -19"><span class='ocrx_word' id='word_1_55' title='bbox 787 1995 1123 2059; x_wconf 74' lang='lat' dir='ltr'>Perdenda</span> <span class='ocrx_word' id='word_1_56' title='bbox 1171 1998 1322 2058; x_wconf 85' lang='lat' dir='ltr'>sunt</span> <span class='ocrx_word' id='word_1_57' title='bbox 1369 1994 1602 2078; x_wconf 76' lang='lat' dir='ltr'>multa,</span> <span class='ocrx_word' id='word_1_58' title='bbox 1648 1998 1723 2058; x_wconf 70' lang='lat' dir='ltr'>lit</span> <span class='ocrx_word' id='word_1_59' title='bbox 1769 1995 1963 2058; x_wconf 87' lang='lat' dir='ltr'>semel</span> <span class='ocrx_word' id='word_1_60' title='bbox 2012 1996 2216 2078; x_wconf 66' lang='lat' dir='ltr'>ponas</span> <span class='ocrx_word' id='word_1_61' title='bbox 2265 1995 2444 2058; x_wconf 88' lang='lat' dir='ltr'>bene.</span> 
     </span>
    </p>
   </div>
   <div class='ocr_carea' id='block_1_4' title="bbox 612 2203 2920 4166">
    <p class='ocr_par' dir='ltr' id='par_1_10' title="bbox 612 2203 2920 4166">
     <span class='ocr_line' id='line_1_15' title="bbox 747 2203 2910 2272; baseline -0 -15"><span class='ocrx_word' id='word_1_62' title='bbox 747 2208 895 2257; x_wconf 87' lang='lat' dir='ltr'>LXV</span> <span class='ocrx_word' id='word_1_63' title='bbox 933 2220 1010 2271; x_wconf 87' lang='lat' dir='ltr'>sq.</span> <span class='ocrx_word' id='word_1_64' title='bbox 1053 2208 1264 2258; x_wconf 86' lang='lat' dir='ltr'>Seneca</span> <span class='ocrx_word' id='word_1_65' title='bbox 1291 2207 1453 2270; x_wconf 84' lang='lat' dir='ltr'>epist.</span> <span class='ocrx_word' id='word_1_66' title='bbox 1481 2208 1595 2269; x_wconf 86' lang='lat'>108,</span> <span class='ocrx_word' id='word_1_67' title='bbox 1630 2209 1686 2255; x_wconf 93' lang='grc'>11</span> <span class='ocrx_word' id='word_1_68' title='bbox 1728 2206 1819 2255; x_wconf 81' lang='lat' dir='ltr'>‘de</span> <span class='ocrx_word' id='word_1_69' title='bbox 1861 2211 2176 2271; x_wconf 88' lang='lat' dir='ltr'>contemptu</span> <span class='ocrx_word' id='word_1_70' title='bbox 2214 2208 2480 2272; x_wconf 82' lang='lat' dir='ltr'>pecuniae</span> <span class='ocrx_word' id='word_1_71' title='bbox 2509 2207 2682 2258; x_wconf 82' lang='lat' dir='ltr'>multa</span> <span class='ocrx_word' id='word_1_72' title='bbox 2719 2203 2910 2258; x_wconf 74' lang='lat' dir='ltr'>dicun-</span> 
     </span>
     <span class='ocr_line' id='line_1_16' title="bbox 612 2275 2912 2339; baseline -0.001 -12"><span class='ocrx_word' id='word_1_73' title='bbox 612 2283 819 2330; x_wconf 84' lang='lat' dir='ltr'>tur...</span> <span class='ocrx_word' id='word_1_74' title='bbox 851 2277 1027 2339; x_wconf 84' lang='lat' dir='ltr'>magis</span> <span class='ocrx_word' id='word_1_75' title='bbox 1076 2281 1262 2325; x_wconf 85' lang='lat' dir='ltr'>tamen</span> <span class='ocrx_word' id='word_1_76' title='bbox 1311 2276 1585 2324; x_wconf 85' lang='lat' dir='ltr'>feriuntur</span> <span class='ocrx_word' id='word_1_77' title='bbox 1634 2275 1829 2336; x_wconf 84' lang='lat' dir='ltr'>animi,</span> <span class='ocrx_word' id='word_1_78' title='bbox 1876 2290 1995 2324; x_wconf 85' lang='lat' dir='ltr'>cum</span> <span class='ocrx_word' id='word_1_79' title='bbox 2043 2275 2288 2325; x_wconf 86' lang='lat' dir='ltr'>carmina</span> <span class='ocrx_word' id='word_1_80' title='bbox 2337 2277 2484 2325; x_wconf 86' lang='lat' dir='ltr'>eius</span> <span class='ocrx_word' id='word_1_81' title='bbox 2533 2277 2705 2325; x_wconf 91' lang='lat' dir='ltr'>modi</span> <span class='ocrx_word' id='word_1_82' title='bbox 2759 2275 2912 2325; x_wconf 87' lang='lat' dir='ltr'>dicta</span> 
     </span>
     <span class='ocr_line' id='line_1_17' title="bbox 612 2341 2913 2408; baseline 0 -14"><span class='ocrx_word' id='word_1_83' title='bbox 612 2351 740 2394; x_wconf 91' lang='lat' dir='ltr'>sunt</span> <span class='ocrx_word' id='word_1_84' title='bbox 777 2359 789 2391; x_wconf 73' lang='grc' dir='ltr'><strong>ε</strong></span> <span class='ocrx_word' id='word_1_85' title='bbox 826 2343 1216 2396; x_wconf 82' lang='lat' dir='ltr'>is.minimo&#39;</span> <span class='ocrx_word' id='word_1_86' title='bbox 1266 2358 1311 2391; x_wconf 88' lang='lat' dir='ltr'>e.</span> <span class='ocrx_word' id='word_1_87' title='bbox 1360 2359 1408 2405; x_wconf 92' lang='lat' dir='ltr'>q.</span> <span class='ocrx_word' id='word_1_88' title='bbox 1457 2357 1497 2392; x_wconf 86' lang='lat' dir='ltr'>s.</span> <span class='ocrx_word' id='word_1_89' title='bbox 1581 2341 1781 2405; x_wconf 86' lang='lat' dir='ltr'>‘quod</span> <span class='ocrx_word' id='word_1_90' title='bbox 1828 2342 1994 2391; x_wconf 89' lang='lat' dir='ltr'>uult’</span> <span class='ocrx_word' id='word_1_91' title='bbox 2041 2358 2089 2392; x_wconf 87' lang='lat' dir='ltr'>e.</span> <span class='ocrx_word' id='word_1_92' title='bbox 2141 2358 2193 2406; x_wconf 89' lang='lat' dir='ltr'>q.</span> <span class='ocrx_word' id='word_1_93' title='bbox 2241 2358 2284 2393; x_wconf 90' lang='lat' dir='ltr'>s.</span> <span class='ocrx_word' id='word_1_94' title='bbox 2370 2348 2511 2393; x_wconf 81' lang='lat' dir='ltr'>‘cnm</span> <span class='ocrx_word' id='word_1_95' title='bbox 2558 2344 2700 2394; x_wconf 84' lang='lat' dir='ltr'>haec</span> <span class='ocrx_word' id='word_1_96' title='bbox 2747 2349 2913 2408; x_wconf 86' lang='lat' dir='ltr'>atque</span> 
     </span>
     <span class='ocr_line' id='line_1_18' title="bbox 612 2410 2914 2468; baseline -0 -7"><span class='ocrx_word' id='word_1_97' title='bbox 612 2413 775 2461; x_wconf 85' lang='lat' dir='ltr'>huius</span> <span class='ocrx_word' id='word_1_98' title='bbox 824 2411 971 2460; x_wconf 89' lang='lat' dir='ltr'>modi</span> <span class='ocrx_word' id='word_1_99' title='bbox 1018 2425 1096 2459; x_wconf 87' lang='lat' dir='ltr'>au</span> <span class='ocrx_word' id='word_1_100' title='bbox 1113 2410 1352 2468; x_wconf 85' lang='lat' dir='ltr'>dimus,</span> <span class='ocrx_word' id='word_1_101' title='bbox 1409 2410 1480 2458; x_wconf 86' lang='lat' dir='ltr'>ad</span> <span class='ocrx_word' id='word_1_102' title='bbox 1536 2410 1940 2460; x_wconf 85' lang='lat' dir='ltr'>confessionem</span> <span class='ocrx_word' id='word_1_103' title='bbox 1997 2411 2247 2460; x_wconf 82' lang='lat' dir='ltr'>ueritatis</span> <span class='ocrx_word' id='word_1_104' title='bbox 2305 2410 2664 2464; x_wconf 58' lang='lat' dir='ltr'>adducimur!</span> <span class='ocrx_word' id='word_1_105' title='bbox 2751 2412 2914 2461; x_wconf 92' lang='lat' dir='ltr'>Publ.</span> 
     </span>
     <span class='ocr_line' id='line_1_19' title="bbox 613 2475 2913 2545; baseline -0.001 -16"><span class='ocrx_word' id='word_1_106' title='bbox 613 2481 729 2544; x_wconf 82' lang='lat' dir='ltr'>Syr.</span> <span class='ocrx_word' id='word_1_107' title='bbox 769 2485 910 2528; x_wconf 86' lang='lat' dir='ltr'>sent.</span> <span class='ocrx_word' id='word_1_108' title='bbox 950 2480 1066 2526; x_wconf 81' lang='lat'>242.</span> <span class='ocrx_word' id='word_1_109' title='bbox 1104 2480 1204 2527; x_wconf 80' lang='lat'>443</span> <span class='ocrx_word' id='word_1_110' title='bbox 1233 2476 1295 2526; x_wconf 82' lang='lat' dir='ltr'>R¹</span> <span class='ocrx_word' id='word_1_111' title='bbox 1336 2475 1475 2541; x_wconf 82' lang='grc'><strong>(286,</strong></span> <span class='ocrx_word' id='word_1_112' title='bbox 1517 2477 1643 2527; x_wconf 87' lang='lat' dir='ltr'>fals.</span> <span class='ocrx_word' id='word_1_113' title='bbox 1679 2479 1780 2527; x_wconf 84' lang='grc'>322</span> <span class='ocrx_word' id='word_1_114' title='bbox 1810 2476 1918 2543; x_wconf 84' lang='lat' dir='ltr'>W.)</span> <span class='ocrx_word' id='word_1_115' title='bbox 2059 2479 2262 2528; x_wconf 87' lang='lat' dir='ltr'>LXVII</span> <span class='ocrx_word' id='word_1_116' title='bbox 2302 2480 2519 2529; x_wconf 82' lang='lat' dir='ltr'>Seneca</span> <span class='ocrx_word' id='word_1_117' title='bbox 2547 2480 2709 2545; x_wconf 85' lang='lat' dir='ltr'>epist.</span> <span class='ocrx_word' id='word_1_118' title='bbox 2741 2480 2853 2541; x_wconf 85' lang='lat'>108,</span> <span class='ocrx_word' id='word_1_119' title='bbox 2882 2482 2913 2527; x_wconf 87' lang='lat'>9</span> 
     </span>
     <span class='ocr_line' id='line_1_20' title="bbox 614 2546 2914 2611; baseline -0.001 -14"><span class='ocrx_word' id='word_1_120' title='bbox 614 2554 744 2598; x_wconf 77' lang='lat' dir='ltr'>‘non</span> <span class='ocrx_word' id='word_1_121' title='bbox 783 2547 941 2596; x_wconf 87' lang='lat' dir='ltr'>uides</span> <span class='ocrx_word' id='word_1_122' title='bbox 980 2561 1133 2609; x_wconf 87' lang='lat' dir='ltr'>quem</span> <span class='ocrx_word' id='word_1_123' title='bbox 1162 2546 1450 2596; x_wconf 80' lang='lat' dir='ltr'><strong>admodum</strong></span> <span class='ocrx_word' id='word_1_124' title='bbox 1490 2547 1762 2596; x_wconf 85' lang='lat' dir='ltr'>theatra</span> <span class='ocrx_word' id='word_1_125' title='bbox 1801 2551 2208 2610; x_wconf 77' lang='lat' dir='ltr'>consonent,</span> <span class='ocrx_word' id='word_1_126' title='bbox 2249 2548 2498 2610; x_wconf 87' lang='lat' dir='ltr'>quotiens</span> <span class='ocrx_word' id='word_1_127' title='bbox 2536 2549 2727 2611; x_wconf 82' lang='lat' dir='ltr'>aliqua</span> <span class='ocrx_word' id='word_1_128' title='bbox 2764 2546 2914 2596; x_wconf 82' lang='lat' dir='ltr'>dicta</span> 
     </span>
     <span class='ocr_line' id='line_1_21' title="bbox 614 2612 2912 2682; baseline 0 -16"><span class='ocrx_word' id='word_1_129' title='bbox 614 2619 742 2666; x_wconf 78' lang='lat' dir='ltr'>sunt</span> <span class='ocrx_word' id='word_1_130' title='bbox 777 2629 917 2679; x_wconf 86' lang='lat' dir='ltr'>quae</span> <span class='ocrx_word' id='word_1_131' title='bbox 957 2612 1178 2677; x_wconf 86' lang='lat' dir='ltr'>publice</span> <span class='ocrx_word' id='word_1_132' title='bbox 1218 2614 1607 2678; x_wconf 73' lang='lat' dir='ltr'><strong>adgnoscimus</strong></span> <span class='ocrx_word' id='word_1_133' title='bbox 1645 2617 1703 2663; x_wconf 85' lang='lat' dir='ltr'>et</span> <span class='ocrx_word' id='word_1_134' title='bbox 1741 2629 2012 2664; x_wconf 87' lang='lat' dir='ltr'>consensu</span> <span class='ocrx_word' id='word_1_135' title='bbox 2048 2630 2183 2664; x_wconf 88' lang='lat' dir='ltr'>uera</span> <span class='ocrx_word' id='word_1_136' title='bbox 2220 2629 2341 2665; x_wconf 85' lang='lat' dir='ltr'>esse</span> <span class='ocrx_word' id='word_1_137' title='bbox 2380 2617 2688 2665; x_wconf 81' lang='lat' dir='ltr'>testamur?</span> <span class='ocrx_word' id='word_1_138' title='bbox 2726 2612 2912 2682; x_wconf 85' lang='lat' dir='ltr'>[Publ.</span> 
     </span>
     <span class='ocr_line' id='line_1_22' title="bbox 614 2679 2914 2747; baseline 0 -15"><span class='ocrx_word' id='word_1_139' title='bbox 614 2683 734 2747; x_wconf 79' lang='lat' dir='ltr'>Syr.</span> <span class='ocrx_word' id='word_1_140' title='bbox 772 2687 913 2732; x_wconf 84' lang='lat' dir='ltr'>sent.</span> <span class='ocrx_word' id='word_1_141' title='bbox 955 2683 1043 2729; x_wconf 83' lang='lat'>121</span> <span class='ocrx_word' id='word_1_142' title='bbox 1088 2679 1150 2729; x_wconf 81' lang='lat' dir='ltr'>R¹</span> <span class='ocrx_word' id='word_1_143' title='bbox 1190 2701 1257 2722; x_wconf 88' lang='lat'>==</span> <span class='ocrx_word' id='word_1_144' title='bbox 1292 2682 1391 2731; x_wconf 85' lang='grc'><strong>236</strong></span> <span class='ocrx_word' id='word_1_145' title='bbox 1429 2679 1538 2745; x_wconf 88' lang='lat' dir='ltr'>W.]</span> <span class='ocrx_word' id='word_1_146' title='bbox 1590 2682 1658 2730; x_wconf 88' lang='lat' dir='ltr'>in</span> <span class='ocrx_word' id='word_1_147' title='bbox 1705 2680 1980 2731; x_wconf 89' lang='lat' dir='ltr'>nullum’</span> <span class='ocrx_word' id='word_1_148' title='bbox 2031 2698 2077 2732; x_wconf 85' lang='lat' dir='ltr'>e.</span> <span class='ocrx_word' id='word_1_149' title='bbox 2129 2698 2178 2747; x_wconf 91' lang='lat' dir='ltr'>q.</span> <span class='ocrx_word' id='word_1_150' title='bbox 2228 2698 2272 2732; x_wconf 86' lang='lat' dir='ltr'>s.</span> <span class='ocrx_word' id='word_1_151' title='bbox 2353 2683 2455 2732; x_wconf 85' lang='lat' dir='ltr'>‘ad</span> <span class='ocrx_word' id='word_1_152' title='bbox 2500 2683 2620 2733; x_wconf 90' lang='lat' dir='ltr'>bos</span> <span class='ocrx_word' id='word_1_153' title='bbox 2667 2698 2914 2733; x_wconf 87' lang='lat' dir='ltr'>uersus</span> 
     </span>
     <span class='ocr_line' id='line_1_23' title="bbox 615 2748 2911 2816; baseline -0 -17"><span class='ocrx_word' id='word_1_154' title='bbox 615 2750 740 2799; x_wconf 87' lang='lat' dir='ltr'>ille</span> <span class='ocrx_word' id='word_1_155' title='bbox 786 2748 1302 2800; x_wconf 87' lang='lat' dir='ltr'>sordidissimus</span> <span class='ocrx_word' id='word_1_156' title='bbox 1354 2748 1633 2810; x_wconf 79' lang='lat' dir='ltr'><strong>plaudit</strong></span> <span class='ocrx_word' id='word_1_157' title='bbox 1680 2755 1737 2798; x_wconf 89' lang='lat' dir='ltr'>et</span> <span class='ocrx_word' id='word_1_158' title='bbox 1785 2750 1936 2799; x_wconf 85' lang='lat' dir='ltr'>uitiis</span> <span class='ocrx_word' id='word_1_159' title='bbox 1985 2751 2097 2799; x_wconf 89' lang='lat' dir='ltr'>suis</span> <span class='ocrx_word' id='word_1_160' title='bbox 2144 2749 2265 2800; x_wconf 83' lang='lat' dir='ltr'>fieri</span> <span class='ocrx_word' id='word_1_161' title='bbox 2313 2751 2619 2800; x_wconf 87' lang='lat' dir='ltr'>conuicium</span> <span class='ocrx_word' id='word_1_162' title='bbox 2669 2750 2911 2816; x_wconf 85' lang='lat' dir='ltr'>gaudet.’</span> 
     </span>
     <span class='ocr_line' id='line_1_24' title="bbox 613 2814 2914 2883; baseline 0 -16"><span class='ocrx_word' id='word_1_163' title='bbox 613 2816 771 2868; x_wconf 91' lang='lat' dir='ltr'>Publ.</span> <span class='ocrx_word' id='word_1_164' title='bbox 820 2817 939 2881; x_wconf 81' lang='lat' dir='ltr'>Syr.</span> <span class='ocrx_word' id='word_1_165' title='bbox 986 2823 1125 2866; x_wconf 84' lang='lat' dir='ltr'>sent.</span> <span class='ocrx_word' id='word_1_166' title='bbox 1163 2819 1263 2866; x_wconf 82' lang='grc'>224</span> <span class='ocrx_word' id='word_1_167' title='bbox 1302 2814 1367 2865; x_wconf 87' lang='lat' dir='ltr'>R¹</span> <span class='ocrx_word' id='word_1_168' title='bbox 1404 2836 1471 2856; x_wconf 86' lang='lat'>==</span> <span class='ocrx_word' id='word_1_169' title='bbox 1507 2818 1606 2866; x_wconf 81' lang='lat'>234</span> <span class='ocrx_word' id='word_1_170' title='bbox 1644 2817 1729 2865; x_wconf 90' lang='lat' dir='ltr'>W.</span> <span class='ocrx_word' id='word_1_171' title='bbox 1951 2817 2185 2867; x_wconf 81' lang='lat' dir='ltr'>LXVIII</span> <span class='ocrx_word' id='word_1_172' title='bbox 2233 2818 2449 2868; x_wconf 78' lang='lat' dir='ltr'>Seneca</span> <span class='ocrx_word' id='word_1_173' title='bbox 2492 2821 2656 2883; x_wconf 83' lang='lat' dir='ltr'>epist.</span> <span class='ocrx_word' id='word_1_174' title='bbox 2703 2820 2797 2878; x_wconf 80' lang='lat'>94,</span> <span class='ocrx_word' id='word_1_175' title='bbox 2847 2821 2914 2868; x_wconf 85' lang='lat'>43</span> 
     </span>
     <span class='ocr_line' id='line_1_25' title="bbox 614 2883 2914 2950; baseline 0 -16"><span class='ocrx_word' id='word_1_176' title='bbox 614 2886 759 2950; x_wconf 86' lang='lat' dir='ltr'>‘quis</span> <span class='ocrx_word' id='word_1_177' title='bbox 799 2890 978 2934; x_wconf 86' lang='lat' dir='ltr'>autem</span> <span class='ocrx_word' id='word_1_178' title='bbox 1027 2885 1320 2948; x_wconf 85' lang='lat' dir='ltr'>negauerit</span> <span class='ocrx_word' id='word_1_179' title='bbox 1368 2884 1523 2933; x_wconf 84' lang='lat' dir='ltr'>feriri</span> <span class='ocrx_word' id='word_1_180' title='bbox 1572 2883 1898 2947; x_wconf 87' lang='lat' dir='ltr'>quibusdam</span> <span class='ocrx_word' id='word_1_181' title='bbox 1939 2887 2255 2949; x_wconf 80' lang='lat' dir='ltr'>praeceptis</span> <span class='ocrx_word' id='word_1_182' title='bbox 2294 2884 2603 2936; x_wconf 81' lang='lat' dir='ltr'>efficaciter</span> <span class='ocrx_word' id='word_1_183' title='bbox 2637 2886 2803 2936; x_wconf 85' lang='lat' dir='ltr'>etiam</span> <span class='ocrx_word' id='word_1_184' title='bbox 2834 2886 2914 2935; x_wconf 90' lang='lat' dir='ltr'>in·</span> 
     </span>
     <span class='ocr_line' id='line_1_26' title="bbox 613 2950 2913 3019; baseline 0 -18"><span class='ocrx_word' id='word_1_185' title='bbox 613 2952 1016 3019; x_wconf 83' lang='lat' dir='ltr'>peritissimos?</span> <span class='ocrx_word' id='word_1_186' title='bbox 1054 2950 1210 3001; x_wconf 85' lang='lat' dir='ltr'>uelut</span> <span class='ocrx_word' id='word_1_187' title='bbox 1235 2952 1319 3001; x_wconf 87' lang='lat' dir='ltr'>his</span> <span class='ocrx_word' id='word_1_188' title='bbox 1355 2952 1696 3001; x_wconf 87' lang='lat' dir='ltr'>breuissimis</span> <span class='ocrx_word' id='word_1_189' title='bbox 1721 2953 1978 3009; x_wconf 88' lang='lat' dir='ltr'>uocibus,</span> <span class='ocrx_word' id='word_1_190' title='bbox 2018 2953 2114 3002; x_wconf 87' lang='lat' dir='ltr'>sed</span> <span class='ocrx_word' id='word_1_191' title='bbox 2143 2953 2369 3003; x_wconf 90' lang='lat' dir='ltr'>multum</span> <span class='ocrx_word' id='word_1_192' title='bbox 2408 2952 2742 3004; x_wconf 79' lang='lat' dir='ltr'>habentibus</span> <span class='ocrx_word' id='word_1_193' title='bbox 2782 2969 2913 3017; x_wconf 89' lang='lat' dir='ltr'>pon-</span> 
     </span>
     <span class='ocr_line' id='line_1_27' title="bbox 612 3018 2913 3083; baseline 0 -14"><span class='ocrx_word' id='word_1_194' title='bbox 612 3020 781 3071; x_wconf 82' lang='lat' dir='ltr'>deris:</span> <span class='ocrx_word' id='word_1_195' title='bbox 838 3018 978 3068; x_wconf 87' lang='lat' dir='ltr'>nihil</span> <span class='ocrx_word' id='word_1_196' title='bbox 1028 3020 1211 3069; x_wconf 87' lang='lat' dir='ltr'>nimis&#39;</span> <span class='ocrx_word' id='word_1_197' title='bbox 1269 3018 1510 3082; x_wconf 86' lang='lat' dir='ltr'>(Terent.</span> <span class='ocrx_word' id='word_1_198' title='bbox 1564 3019 1729 3074; x_wconf 85' lang='lat' dir='ltr'>Andr.</span> <span class='ocrx_word' id='word_1_199' title='bbox 1775 3020 1862 3082; x_wconf 87' lang='grc'>61)</span> <span class='ocrx_word' id='word_1_200' title='bbox 1919 3024 2212 3069; x_wconf 85' lang='lat' dir='ltr'>‘auarus’</span> <span class='ocrx_word' id='word_1_201' title='bbox 2270 3036 2312 3070; x_wconf 87' lang='lat' dir='ltr'>e.</span> <span class='ocrx_word' id='word_1_202' title='bbox 2374 3035 2424 3083; x_wconf 91' lang='lat' dir='ltr'>q.</span> <span class='ocrx_word' id='word_1_203' title='bbox 2481 3036 2522 3070; x_wconf 90' lang='lat' dir='ltr'>s.</span> <span class='ocrx_word' id='word_1_204' title='bbox 2590 3021 2692 3069; x_wconf 85' lang='lat' dir='ltr'>‘ab</span> <span class='ocrx_word' id='word_1_205' title='bbox 2750 3022 2913 3070; x_wconf 86' lang='lat' dir='ltr'>alio’</span> 
     </span>
     <span class='ocr_line' id='line_1_28' title="bbox 615 3087 2916 3152; baseline -0.001 -14"><span class='ocrx_word' id='word_1_206' title='bbox 615 3105 661 3138; x_wconf 89' lang='lat' dir='ltr'>e.</span> <span class='ocrx_word' id='word_1_207' title='bbox 700 3103 749 3152; x_wconf 90' lang='lat' dir='ltr'>q.</span> <span class='ocrx_word' id='word_1_208' title='bbox 788 3104 832 3141; x_wconf 89' lang='lat' dir='ltr'>s.</span> <span class='ocrx_word' id='word_1_209' title='bbox 906 3087 1100 3136; x_wconf 85' lang='lat' dir='ltr'>‘haec</span> <span class='ocrx_word' id='word_1_210' title='bbox 1139 3102 1275 3136; x_wconf 89' lang='lat' dir='ltr'>cum</span> <span class='ocrx_word' id='word_1_211' title='bbox 1316 3089 1458 3136; x_wconf 88' lang='lat' dir='ltr'>ictu</span> <span class='ocrx_word' id='word_1_212' title='bbox 1496 3087 1783 3152; x_wconf 86' lang='lat' dir='ltr'>quodam</span> <span class='ocrx_word' id='word_1_213' title='bbox 1831 3088 2135 3137; x_wconf 86' lang='lat' dir='ltr'>audimus</span> <span class='ocrx_word' id='word_1_214' title='bbox 2181 3103 2284 3138; x_wconf 87' lang='lat' dir='ltr'>nec</span> <span class='ocrx_word' id='word_1_215' title='bbox 2331 3087 2430 3136; x_wconf 90' lang='lat' dir='ltr'>ulli</span> <span class='ocrx_word' id='word_1_216' title='bbox 2477 3088 2612 3137; x_wconf 88' lang='lat' dir='ltr'>licet</span> <span class='ocrx_word' id='word_1_217' title='bbox 2659 3088 2916 3138; x_wconf 88' lang='lat' dir='ltr'>dubitare</span> 
     </span>
     <span class='ocr_line' id='line_1_29' title="bbox 614 3155 2914 3220; baseline -0.001 -15"><span class='ocrx_word' id='word_1_218' title='bbox 614 3161 712 3206; x_wconf 84' lang='lat' dir='ltr'>aut</span> <span class='ocrx_word' id='word_1_219' title='bbox 747 3156 1118 3218; x_wconf 77' lang='lat' dir='ltr'>interrogare:</span> <span class='ocrx_word' id='word_1_220' title='bbox 1157 3157 1381 3218; x_wconf 79' lang='lat' dir='ltr'>quare?’</span> <span class='ocrx_word' id='word_1_221' title='bbox 1455 3155 1785 3205; x_wconf 85' lang='lat' dir='ltr'>Lactantius</span> <span class='ocrx_word' id='word_1_222' title='bbox 1831 3156 1940 3204; x_wconf 90' lang='lat' dir='ltr'>diu.</span> <span class='ocrx_word' id='word_1_223' title='bbox 1987 3156 2163 3205; x_wconf 82' lang='lat' dir='ltr'>instit.</span> <span class='ocrx_word' id='word_1_224' title='bbox 2199 3155 2228 3204; x_wconf 94' lang='lat'>1</span> <span class='ocrx_word' id='word_1_225' title='bbox 2267 3157 2355 3215; x_wconf 81' lang='lat'>16,</span> <span class='ocrx_word' id='word_1_226' title='bbox 2395 3159 2456 3205; x_wconf 84' lang='lat'>10</span> <span class='ocrx_word' id='word_1_227' title='bbox 2504 3161 2635 3205; x_wconf 76' lang='lat' dir='ltr'>‘non</span> <span class='ocrx_word' id='word_1_228' title='bbox 2685 3155 2914 3220; x_wconf 84' lang='lat' dir='ltr'>illepide</span> 
     </span>
     <span class='ocr_line' id='line_1_30' title="bbox 614 3221 2915 3288; baseline -0 -15"><span class='ocrx_word' id='word_1_229' title='bbox 614 3225 832 3274; x_wconf 80' lang='lat' dir='ltr'>Seneca</span> <span class='ocrx_word' id='word_1_230' title='bbox 868 3224 924 3272; x_wconf 89' lang='lat' dir='ltr'>in</span> <span class='ocrx_word' id='word_1_231' title='bbox 960 3222 1119 3271; x_wconf 84' lang='lat' dir='ltr'>libris</span> <span class='ocrx_word' id='word_1_232' title='bbox 1145 3222 1369 3272; x_wconf 89' lang='lat' dir='ltr'>moralis</span> <span class='ocrx_word' id='word_1_233' title='bbox 1408 3221 1819 3287; x_wconf 82' lang='lat' dir='ltr'>philosophiae:</span> <span class='ocrx_word' id='word_1_234' title='bbox 1860 3221 1990 3287; x_wconf 90' lang='lat' dir='ltr'>quid</span> <span class='ocrx_word' id='word_1_235' title='bbox 2027 3238 2156 3287; x_wconf 83' lang='lat' dir='ltr'>ergo</span> <span class='ocrx_word' id='word_1_236' title='bbox 2184 3227 2294 3283; x_wconf 87' lang='lat' dir='ltr'>est,</span> <span class='ocrx_word' id='word_1_237' title='bbox 2334 3224 2536 3286; x_wconf 86' lang='lat' dir='ltr'>inquit,</span> <span class='ocrx_word' id='word_1_238' title='bbox 2575 3238 2743 3288; x_wconf 85' lang='lat' dir='ltr'>quare</span> <span class='ocrx_word' id='word_1_239' title='bbox 2772 3222 2915 3288; x_wconf 88' lang='lat' dir='ltr'>apud</span> 
     </span>
     <span class='ocr_line' id='line_1_31' title="bbox 614 3289 2915 3355; baseline -0.001 -15"><span class='ocrx_word' id='word_1_240' title='bbox 614 3296 808 3355; x_wconf 85' lang='lat' dir='ltr'>poetas</span> <span class='ocrx_word' id='word_1_241' title='bbox 846 3290 1230 3340; x_wconf 83' lang='lat' dir='ltr'>salacissimus</span> <span class='ocrx_word' id='word_1_242' title='bbox 1257 3289 1508 3355; x_wconf 84' lang='lat' dir='ltr'>Iuppiter</span> <span class='ocrx_word' id='word_1_243' title='bbox 1532 3290 1761 3340; x_wconf 86' lang='lat' dir='ltr'>desierit</span> <span class='ocrx_word' id='word_1_244' title='bbox 1799 3289 2003 3341; x_wconf 88' lang='lat' dir='ltr'>liberos</span> <span class='ocrx_word' id='word_1_245' title='bbox 2037 3290 2272 3340; x_wconf 79' lang='lat' dir='ltr'>tollere?</span> <span class='ocrx_word' id='word_1_246' title='bbox 2309 3294 2491 3340; x_wconf 87' lang='lat' dir='ltr'>utrum</span> <span class='ocrx_word' id='word_1_247' title='bbox 2520 3291 2915 3355; x_wconf 80' lang='lat' dir='ltr'>sexagenarius</span> 
     </span>
     <span class='ocr_line' id='line_1_32' title="bbox 614 3355 2914 3423; baseline -0.001 -15"><span class='ocrx_word' id='word_1_248' title='bbox 614 3359 800 3408; x_wconf 82' lang='lat' dir='ltr'>factus</span> <span class='ocrx_word' id='word_1_249' title='bbox 837 3362 921 3407; x_wconf 85' lang='lat' dir='ltr'>est</span> <span class='ocrx_word' id='word_1_250' title='bbox 958 3362 1016 3407; x_wconf 90' lang='lat' dir='ltr'>et</span> <span class='ocrx_word' id='word_1_251' title='bbox 1064 3356 1148 3407; x_wconf 92' lang='lat' dir='ltr'>illi</span> <span class='ocrx_word' id='word_1_252' title='bbox 1194 3355 1283 3407; x_wconf 84' lang='lat' dir='ltr'>lex</span> <span class='ocrx_word' id='word_1_253' title='bbox 1331 3358 1510 3423; x_wconf 85' lang='lat' dir='ltr'>Papia</span> <span class='ocrx_word' id='word_1_254' title='bbox 1555 3357 1781 3408; x_wconf 86' lang='lat' dir='ltr'>fibulam</span> <span class='ocrx_word' id='word_1_255' title='bbox 1818 3359 2116 3423; x_wconf 82' lang='lat' dir='ltr'>imposuit?</span> <span class='ocrx_word' id='word_1_256' title='bbox 2164 3373 2234 3407; x_wconf 88' lang='lat' dir='ltr'>an</span> <span class='ocrx_word' id='word_1_257' title='bbox 2272 3358 2593 3422; x_wconf 84' lang='lat' dir='ltr'>impetrauit</span> <span class='ocrx_word' id='word_1_258' title='bbox 2630 3359 2713 3407; x_wconf 88' lang='lat' dir='ltr'>ius</span> <span class='ocrx_word' id='word_1_259' title='bbox 2750 3358 2914 3408; x_wconf 85' lang='lat' dir='ltr'>trium</span> 
     </span>
     <span class='ocr_line' id='line_1_33' title="bbox 616 3421 2916 3490; baseline -0.001 -14"><span class='ocrx_word' id='word_1_260' title='bbox 616 3427 953 3476; x_wconf 84' lang='lat' dir='ltr'>liberorum?</span> <span class='ocrx_word' id='word_1_261' title='bbox 993 3441 1061 3473; x_wconf 85' lang='lat' dir='ltr'>an</span> <span class='ocrx_word' id='word_1_262' title='bbox 1101 3425 1324 3475; x_wconf 81' lang='lat' dir='ltr'>tandem</span> <span class='ocrx_word' id='word_1_263' title='bbox 1364 3425 1447 3475; x_wconf 89' lang='lat' dir='ltr'>illi</span> <span class='ocrx_word' id='word_1_264' title='bbox 1483 3427 1638 3476; x_wconf 85' lang='lat' dir='ltr'>uenit</span> <span class='ocrx_word' id='word_1_265' title='bbox 1672 3428 1726 3476; x_wconf 89' lang='lat' dir='ltr'>in</span> <span class='ocrx_word' id='word_1_266' title='bbox 1765 3430 1999 3475; x_wconf 83' lang='lat' dir='ltr'>mentem</span> <span class='ocrx_word' id='word_1_267' title='bbox 2029 3422 2247 3490; x_wconf 85' lang='lat' dir='ltr'>[LXIX]</span> <span class='ocrx_word' id='word_1_268' title='bbox 2286 3430 2342 3475; x_wconf 88' lang='lat' dir='ltr'>et</span> <span class='ocrx_word' id='word_1_269' title='bbox 2377 3427 2533 3476; x_wconf 85' lang='lat' dir='ltr'>timet</span> <span class='ocrx_word' id='word_1_270' title='bbox 2555 3442 2623 3475; x_wconf 88' lang='lat' dir='ltr'>ne</span> <span class='ocrx_word' id='word_1_271' title='bbox 2661 3426 2784 3489; x_wconf 90' lang='lat' dir='ltr'>quis</span> <span class='ocrx_word' id='word_1_272' title='bbox 2811 3421 2916 3476; x_wconf 88' lang='lat' dir='ltr'>sibi</span> 
     </span>
     <span class='ocr_line' id='line_1_34' title="bbox 617 3491 2912 3558; baseline -0.001 -15"><span class='ocrx_word' id='word_1_273' title='bbox 617 3494 797 3543; x_wconf 78' lang='lat' dir='ltr'>faciat</span> <span class='ocrx_word' id='word_1_274' title='bbox 847 3491 988 3558; x_wconf 88' lang='lat' dir='ltr'>qnod</span> <span class='ocrx_word' id='word_1_275' title='bbox 1037 3493 1153 3556; x_wconf 89' lang='lat' dir='ltr'>ipse</span> <span class='ocrx_word' id='word_1_276' title='bbox 1205 3492 1507 3544; x_wconf 83' lang='lat' dir='ltr'>Saturno?’</span> <span class='ocrx_word' id='word_1_277' title='bbox 1589 3495 1703 3543; x_wconf 88' lang='lat' dir='ltr'>Ael.</span> <span class='ocrx_word' id='word_1_278' title='bbox 1744 3493 2095 3558; x_wconf 80' lang='lat' dir='ltr'>Lampridius</span> <span class='ocrx_word' id='word_1_279' title='bbox 2140 3493 2206 3542; x_wconf 87' lang='lat' dir='ltr'>de</span> <span class='ocrx_word' id='word_1_280' title='bbox 2253 3492 2564 3557; x_wconf 80' lang='lat' dir='ltr'>Alexandro</span> <span class='ocrx_word' id='word_1_281' title='bbox 2612 3493 2815 3543; x_wconf 88' lang='lat' dir='ltr'>Seuero</span> <span class='ocrx_word' id='word_1_282' title='bbox 2853 3497 2912 3543; x_wconf 78' lang='lat'>51</span> 
     </span>
     <span class='ocr_line' id='line_1_35' title="bbox 619 3560 2920 3626; baseline -0 -16"><span class='ocrx_word' id='word_1_283' title='bbox 619 3560 1035 3623; x_wconf 76' lang='lat' dir='ltr'>‘clamabatque</span> <span class='ocrx_word' id='word_1_284' title='bbox 1081 3561 1303 3625; x_wconf 87' lang='lat' dir='ltr'>saepius</span> <span class='ocrx_word' id='word_1_285' title='bbox 1348 3561 1490 3626; x_wconf 89' lang='lat' dir='ltr'>quod</span> <span class='ocrx_word' id='word_1_286' title='bbox 1539 3578 1570 3611; x_wconf 86' lang='lat' dir='ltr'>a</span> <span class='ocrx_word' id='word_1_287' title='bbox 1617 3562 1945 3625; x_wconf 83' lang='lat' dir='ltr'>quibusdam</span> <span class='ocrx_word' id='word_1_288' title='bbox 1993 3562 2111 3610; x_wconf 86' lang='lat' dir='ltr'>siue</span> <span class='ocrx_word' id='word_1_289' title='bbox 2157 3561 2383 3610; x_wconf 88' lang='lat' dir='ltr'>Iudaeis</span> <span class='ocrx_word' id='word_1_290' title='bbox 2426 3562 2545 3610; x_wconf 90' lang='lat' dir='ltr'>siue</span> <span class='ocrx_word' id='word_1_291' title='bbox 2583 3560 2920 3610; x_wconf 86' lang='lat' dir='ltr'>Christianis</span> 
     </span>
     <span class='ocr_line' id='line_1_36' title="bbox 619 3627 2920 3694; baseline -0.001 -16"><span class='ocrx_word' id='word_1_292' title='bbox 619 3629 873 3678; x_wconf 81' lang='lat' dir='ltr'>audierat</span> <span class='ocrx_word' id='word_1_293' title='bbox 901 3633 958 3677; x_wconf 86' lang='lat' dir='ltr'>et</span> <span class='ocrx_word' id='word_1_294' title='bbox 994 3630 1243 3688; x_wconf 82' lang='lat' dir='ltr'>tenebat,</span> <span class='ocrx_word' id='word_1_295' title='bbox 1283 3629 1446 3692; x_wconf 87' lang='lat' dir='ltr'>idque</span> <span class='ocrx_word' id='word_1_296' title='bbox 1488 3645 1584 3694; x_wconf 88' lang='lat' dir='ltr'>per</span> <span class='ocrx_word' id='word_1_297' title='bbox 1620 3644 1966 3693; x_wconf 83' lang='lat' dir='ltr'>praeconem,</span> <span class='ocrx_word' id='word_1_298' title='bbox 2007 3644 2127 3678; x_wconf 88' lang='lat' dir='ltr'>cum</span> <span class='ocrx_word' id='word_1_299' title='bbox 2168 3628 2405 3691; x_wconf 86' lang='lat' dir='ltr'>aliquem</span> <span class='ocrx_word' id='word_1_300' title='bbox 2443 3627 2774 3690; x_wconf 87' lang='lat' dir='ltr'>emendaret,</span> <span class='ocrx_word' id='word_1_301' title='bbox 2813 3628 2920 3677; x_wconf 89' lang='lat' dir='ltr'>dici</span> 
     </span>
     <span class='ocr_line' id='line_1_37' title="bbox 618 3695 2920 3760; baseline 0 -17"><span class='ocrx_word' id='word_1_302' title='bbox 618 3695 879 3746; x_wconf 87' lang='lat' dir='ltr'>iubebat:</span> <span class='ocrx_word' id='word_1_303' title='bbox 927 3696 1098 3760; x_wconf 89' lang='lat' dir='ltr'>qnod</span> <span class='ocrx_word' id='word_1_304' title='bbox 1148 3696 1274 3745; x_wconf 79' lang='lat' dir='ltr'>tibi</span> <span class='ocrx_word' id='word_1_305' title='bbox 1322 3696 1483 3745; x_wconf 85' lang='lat' dir='ltr'>fieri</span> <span class='ocrx_word' id='word_1_306' title='bbox 1531 3698 1823 3756; x_wconf 86' lang='lat' dir='ltr'>nonnis,</span> <span class='ocrx_word' id='word_1_307' title='bbox 1874 3696 2077 3745; x_wconf 78' lang='lat' dir='ltr'>alteri</span> <span class='ocrx_word' id='word_1_308' title='bbox 2123 3711 2199 3745; x_wconf 87' lang='lat' dir='ltr'>ne</span> <span class='ocrx_word' id='word_1_309' title='bbox 2239 3696 2510 3745; x_wconf 76' lang='lat' dir='ltr'>feceriS.</span> <span class='ocrx_word' id='word_1_310' title='bbox 2585 3697 2758 3756; x_wconf 80' lang='lat' dir='ltr'>Quam</span> <span class='ocrx_word' id='word_1_311' title='bbox 2799 3710 2920 3745; x_wconf 87' lang='lat' dir='ltr'>sen·</span> 
     </span>
     <span class='ocr_line' id='line_1_38' title="bbox 620 3763 2919 3829; baseline -0.001 -16"><span class='ocrx_word' id='word_1_312' title='bbox 620 3764 856 3813; x_wconf 86' lang='lat' dir='ltr'>tentiam</span> <span class='ocrx_word' id='word_1_313' title='bbox 882 3779 1053 3828; x_wconf 88' lang='lat' dir='ltr'>usque</span> <span class='ocrx_word' id='word_1_314' title='bbox 1082 3764 1221 3813; x_wconf 86' lang='lat' dir='ltr'>adeo</span> <span class='ocrx_word' id='word_1_315' title='bbox 1250 3764 1474 3820; x_wconf 87' lang='lat' dir='ltr'>dilexit,</span> <span class='ocrx_word' id='word_1_316' title='bbox 1512 3770 1573 3813; x_wconf 89' lang='lat' dir='ltr'>ut</span> <span class='ocrx_word' id='word_1_317' title='bbox 1597 3771 1653 3814; x_wconf 84' lang='lat' dir='ltr'>et</span> <span class='ocrx_word' id='word_1_318' title='bbox 1688 3766 1743 3813; x_wconf 89' lang='lat' dir='ltr'>in</span> <span class='ocrx_word' id='word_1_319' title='bbox 1773 3763 1991 3814; x_wconf 84' lang='lat' dir='ltr'>Palatio</span> <span class='ocrx_word' id='word_1_320' title='bbox 2029 3771 2086 3814; x_wconf 85' lang='lat' dir='ltr'>et</span> <span class='ocrx_word' id='word_1_321' title='bbox 2112 3765 2163 3812; x_wconf 90' lang='lat' dir='ltr'>in</span> <span class='ocrx_word' id='word_1_322' title='bbox 2204 3764 2441 3828; x_wconf 70' lang='lat' dir='ltr'>publicis</span> <span class='ocrx_word' id='word_1_323' title='bbox 2466 3764 2725 3828; x_wconf 86' lang='lat' dir='ltr'>operibus</span> <span class='ocrx_word' id='word_1_324' title='bbox 2762 3778 2919 3829; x_wconf 86' lang='lat' dir='ltr'>prae-</span> 
     </span>
     <span class='ocr_line' id='line_1_39' title="bbox 616 3827 2917 3894; baseline -0 -14"><span class='ocrx_word' id='word_1_325' title='bbox 616 3831 786 3881; x_wconf 89' lang='lat' dir='ltr'>scribi</span> <span class='ocrx_word' id='word_1_326' title='bbox 814 3832 1064 3880; x_wconf 84' lang='lat' dir='ltr'>iuberet.’</span> <span class='ocrx_word' id='word_1_327' title='bbox 1115 3827 1276 3881; x_wconf 92' lang='lat' dir='ltr'>Publ.</span> <span class='ocrx_word' id='word_1_328' title='bbox 1314 3831 1433 3894; x_wconf 79' lang='lat' dir='ltr'>Syr.</span> <span class='ocrx_word' id='word_1_329' title='bbox 1460 3836 1601 3883; x_wconf 85' lang='lat' dir='ltr'>sent.</span> <span class='ocrx_word' id='word_1_330' title='bbox 1629 3835 1691 3882; x_wconf 82' lang='lat'>37</span> <span class='ocrx_word' id='word_1_331' title='bbox 1721 3831 1783 3879; x_wconf 66' lang='lat'>1³²</span> <span class='ocrx_word' id='word_1_332' title='bbox 1805 3851 1872 3876; x_wconf 82' lang='lat'>.·--</span> <span class='ocrx_word' id='word_1_333' title='bbox 1893 3831 2017 3881; x_wconf 81' lang='lat' dir='ltr'>fals.</span> <span class='ocrx_word' id='word_1_334' title='bbox 2049 3833 2113 3881; x_wconf 78' lang='lat'>36</span> <span class='ocrx_word' id='word_1_335' title='bbox 2133 3833 2239 3893; x_wconf 68' lang='lat' dir='ltr'>W„</span> <span class='ocrx_word' id='word_1_336' title='bbox 2268 3835 2289 3880; x_wconf 88' lang='lat'>1</span> <span class='ocrx_word' id='word_1_337' title='bbox 2315 3829 2378 3879; x_wconf 77' lang='lat' dir='ltr'>R¹</span> <span class='ocrx_word' id='word_1_338' title='bbox 2401 3852 2467 3872; x_wconf 91' lang='lat'>=</span> <span class='ocrx_word' id='word_1_339' title='bbox 2487 3835 2518 3881; x_wconf 87' lang='grc'><strong>2</strong></span> <span class='ocrx_word' id='word_1_340' title='bbox 2543 3832 2628 3883; x_wconf 86' lang='lat' dir='ltr'>W&#39;.</span> <span class='ocrx_word' id='word_1_341' title='bbox 2770 3831 2917 3880; x_wconf 82' lang='lat' dir='ltr'>Lxx</span> 
     </span>
     <span class='ocr_line' id='line_1_40' title="bbox 616 3898 2918 3963; baseline -0.001 -14"><span class='ocrx_word' id='word_1_342' title='bbox 616 3898 838 3949; x_wconf 87' lang='lat' dir='ltr'>Seneca</span> <span class='ocrx_word' id='word_1_343' title='bbox 877 3900 944 3948; x_wconf 90' lang='lat' dir='ltr'>de</span> <span class='ocrx_word' id='word_1_344' title='bbox 981 3900 1165 3951; x_wconf 86' lang='lat' dir='ltr'>benef.</span> <span class='ocrx_word' id='word_1_345' title='bbox 1205 3899 1228 3947; x_wconf 94' lang='lat'>1</span> <span class='ocrx_word' id='word_1_346' title='bbox 1266 3900 1297 3947; x_wconf 93' lang='grc'><strong>2</strong></span> <span class='ocrx_word' id='word_1_347' title='bbox 1335 3899 1735 3948; x_wconf 85' lang='lat' dir='ltr'>‘beneficia’</span> <span class='ocrx_word' id='word_1_348' title='bbox 1782 3915 1826 3949; x_wconf 84' lang='lat' dir='ltr'>e.</span> <span class='ocrx_word' id='word_1_349' title='bbox 1869 3914 1918 3962; x_wconf 85' lang='lat' dir='ltr'>q.</span> <span class='ocrx_word' id='word_1_350' title='bbox 1959 3915 1998 3949; x_wconf 81' lang='lat' dir='ltr'>S.</span> <span class='ocrx_word' id='word_1_351' title='bbox 2073 3901 2153 3948; x_wconf 85' lang='lat' dir='ltr'>‘in</span> <span class='ocrx_word' id='word_1_352' title='bbox 2199 3900 2377 3963; x_wconf 88' lang='lat' dir='ltr'>priore</span> <span class='ocrx_word' id='word_1_353' title='bbox 2423 3914 2584 3949; x_wconf 84' lang='lat' dir='ltr'>uersu</span> <span class='ocrx_word' id='word_1_354' title='bbox 2629 3904 2918 3963; x_wconf 87' lang='lat' dir='ltr'>utrumque</span> 
     </span>
     <span class='ocr_line' id='line_1_41' title="bbox 622 3965 2918 4031; baseline -0 -17"><span class='ocrx_word' id='word_1_355' title='bbox 622 3965 1023 4031; x_wconf 83' lang='lat' dir='ltr'>reprehendas:</span> <span class='ocrx_word' id='word_1_356' title='bbox 1062 3982 1189 4016; x_wconf 87' lang='lat' dir='ltr'>nam</span> <span class='ocrx_word' id='word_1_357' title='bbox 1227 3983 1329 4027; x_wconf 82' lang='lat' dir='ltr'>nec</span> <span class='ocrx_word' id='word_1_358' title='bbox 1369 3967 1424 4014; x_wconf 90' lang='lat' dir='ltr'>in</span> <span class='ocrx_word' id='word_1_359' title='bbox 1462 3966 1659 4030; x_wconf 86' lang='lat' dir='ltr'>uolgus</span> <span class='ocrx_word' id='word_1_360' title='bbox 1698 3966 2026 4017; x_wconf 80' lang='lat' dir='ltr'>effundenda</span> <span class='ocrx_word' id='word_1_361' title='bbox 2064 3974 2193 4015; x_wconf 85' lang='lat' dir='ltr'>sunt</span> <span class='ocrx_word' id='word_1_362' title='bbox 2228 3972 2285 4015; x_wconf 87' lang='lat' dir='ltr'>ct</span> <span class='ocrx_word' id='word_1_363' title='bbox 2320 3966 2525 4016; x_wconf 88' lang='lat' dir='ltr'>nullius</span> <span class='ocrx_word' id='word_1_364' title='bbox 2561 3967 2660 4028; x_wconf 90' lang='lat' dir='ltr'>rei,</span> <span class='ocrx_word' id='word_1_365' title='bbox 2698 3967 2918 4016; x_wconf 82' lang='lat' dir='ltr'>minime</span> 
     </span>
     <span class='ocr_line' id='line_1_42' title="bbox 630 4033 2920 4098; baseline -0.001 -15"><span class='ocrx_word' id='word_1_366' title='bbox 630 4034 1019 4088; x_wconf 85' lang='lat' dir='ltr'>beneficiorum</span> <span class='ocrx_word' id='word_1_367' title='bbox 1066 4033 1303 4084; x_wconf 72' lang='lat' dir='ltr'>honesta</span> <span class='ocrx_word' id='word_1_368' title='bbox 1349 4033 1572 4098; x_wconf 77' lang='lat' dir='ltr'>largitio</span> <span class='ocrx_word' id='word_1_369' title='bbox 1621 4042 1707 4084; x_wconf 83' lang='lat' dir='ltr'>est</span> <span class='ocrx_word' id='word_1_370' title='bbox 1735 4073 1747 4085; x_wconf 93' lang='lat'>.</span> <span class='ocrx_word' id='word_1_371' title='bbox 1778 4069 1790 4082; x_wconf 91' lang='lat'>.</span> <span class='ocrx_word' id='word_1_372' title='bbox 1815 4075 1826 4085; x_wconf 91' lang='lat'>.</span> <span class='ocrx_word' id='word_1_373' title='bbox 1864 4049 2098 4097; x_wconf 87' lang='lat' dir='ltr'>sequens</span> <span class='ocrx_word' id='word_1_374' title='bbox 2144 4048 2340 4084; x_wconf 85' lang='lat' dir='ltr'>sensus</span> <span class='ocrx_word' id='word_1_375' title='bbox 2375 4033 2635 4083; x_wconf 87' lang='lat' dir='ltr'>mirificus</span> <span class='ocrx_word' id='word_1_376' title='bbox 2673 4039 2781 4096; x_wconf 82' lang='lat' dir='ltr'>est,</span> <span class='ocrx_word' id='word_1_377' title='bbox 2830 4034 2920 4097; x_wconf 89' lang='lat' dir='ltr'>qui</span> 
     </span>
     <span class='ocr_line' id='line_1_43' title="bbox 616 4100 2919 4166; baseline -0.001 -15"><span class='ocrx_word' id='word_1_378' title='bbox 616 4117 725 4153; x_wconf 90' lang='lat' dir='ltr'>uno</span> <span class='ocrx_word' id='word_1_379' title='bbox 773 4104 917 4153; x_wconf 89' lang='lat' dir='ltr'>bene</span> <span class='ocrx_word' id='word_1_380' title='bbox 955 4103 1157 4166; x_wconf 84' lang='lat' dir='ltr'>posito</span> <span class='ocrx_word' id='word_1_381' title='bbox 1210 4100 1478 4152; x_wconf 84' lang='lat' dir='ltr'>beneficio</span> <span class='ocrx_word' id='word_1_382' title='bbox 1532 4102 1822 4153; x_wconf 73' lang='lat' dir='ltr'>multorum</span> <span class='ocrx_word' id='word_1_383' title='bbox 1878 4101 2201 4152; x_wconf 84' lang='lat' dir='ltr'>amissorum</span> <span class='ocrx_word' id='word_1_384' title='bbox 2255 4101 2454 4151; x_wconf 88' lang='lat' dir='ltr'>damna</span> <span class='ocrx_word' id='word_1_385' title='bbox 2508 4101 2761 4155; x_wconf 63' lang='lat' dir='ltr'>solatur)</span> <span class='ocrx_word' id='word_1_386' title='bbox 2834 4101 2919 4149; x_wconf 85' lang='lat' dir='ltr'>Cf.</span> 
     </span>
    </p>
   </div>
   <div class='ocr_carea' id='block_1_5' title="bbox 610 4279 2916 4439">
    <p class='ocr_par' dir='ltr' id='par_1_11' title="bbox 610 4279 2916 4439">
     <span class='ocr_line' id='line_1_44' title="bbox 784 4279 2916 4339; baseline -0.003 0"><span class='ocrx_word' id='word_1_387' title='bbox 784 4281 864 4339; x_wconf 90' lang='lat'>83</span> <span class='ocrx_word' id='word_1_388' title='bbox 911 4281 1166 4337; x_wconf 80' lang='lat' dir='ltr'>statueris</span> <span class='ocrx_word' id='word_1_389' title='bbox 1211 4280 1404 4336; x_wconf 81' lang='lat' dir='ltr'>Henk.</span> <span class='ocrx_word' id='word_1_390' title='bbox 1665 4279 1746 4335; x_wconf 81' lang='lat'>84</span> <span class='ocrx_word' id='word_1_391' title='bbox 1793 4288 1852 4335; x_wconf 76' lang='lat' dir='ltr'>nt</span> <span class='ocrx_word' id='word_1_392' title='bbox 1911 4296 2075 4335; x_wconf 87' lang='lat' dir='ltr'>unum</span> <span class='ocrx_word' id='word_1_393' title='bbox 2133 4279 2298 4334; x_wconf 81' lang='lat' dir='ltr'>semel</span> <span class='ocrx_word' id='word_1_394' title='bbox 2375 4281 2604 4336; x_wconf 78' lang='lat' dir='ltr'>Vratisl.</span> <span class='ocrx_word' id='word_1_395' title='bbox 2783 4296 2916 4334; x_wconf 78' lang='lat' dir='ltr'>uero</span> 
     </span>
     <span class='ocr_line' id='line_1_45' title="bbox 610 4364 1560 4439; baseline -0.002 -18"><span class='ocrx_word' id='word_1_396' title='bbox 610 4365 779 4421; x_wconf 72' lang='lat' dir='ltr'>semel</span> <span class='ocrx_word' id='word_1_397' title='bbox 827 4364 963 4422; x_wconf 75' lang='lat' dir='ltr'>bene</span> <span class='ocrx_word' id='word_1_398' title='bbox 1009 4382 1178 4439; x_wconf 82' lang='lat' dir='ltr'>ponas</span> <span class='ocrx_word' id='word_1_399' title='bbox 1226 4365 1452 4421; x_wconf 77' lang='lat' dir='ltr'>Mediol.</span> <span class='ocrx_word' id='word_1_400' title='bbox 1505 4365 1560 4419; x_wconf 84' lang='lat' dir='ltr'><em>E</em></span> 
     </span>
    </p>
   </div>
  </div>
 </body>
</html>
