3400 5075
1346 238 1875 296 COROLLARIVM
2445 248 2756 304 LXXXVII

640 404 719 465 19
768 401 1166 466 Mentionem
1212 424 1341 467 non
1388 401 1514 467 feci
1561 403 1766 467 mirae
1813 404 2113 471 Muelleri
2159 407 2230 472 in
2274 410 2531 491 prosod.
2580 434 2640 494 p.
2672 413 2757 477 35

456 508 807 593 opinionis,
853 508 965 592 qui
1010 501 1116 590 eqd
1162 509 1443 573 mirabar
1496 510 1686 574 initio
1737 512 1976 576 senarii
2023 513 2179 597 poni
2228 515 2451 579 suasit.
2517 520 2758 583 senarii

458 616 717 701 quidem
776 615 832 678 si
888 615 1176 698 fuerunt,
1240 615 1332 679 nil
1393 616 1803 699 probabilius
1868 640 2062 703 quam
2127 621 2364 703 prioris
2429 625 2756 706 syllabam

454 723 734 805 primam
781 726 863 799 et,
924 720 1192 784 alterius
1242 725 1459 786 autem
1504 724 1593 789 sic
1639 724 1872 788 vocula
1916 723 2107 810 (quae
2163 731 2316 809 post
2362 729 2516 793 mihi
2560 730 2753 795 facile

456 829 746 893 excidere
793 825 1035 912 potuit)
1083 828 1345 911 expleri.

632 935 713 998 37
765 934 1123 999 Potuerunt
1166 934 1238 998 in
1282 935 1495 1001 medio
1544 938 1800 1002 senario
1850 938 1942 1002 sic
1988 939 2208 1021 posita
2255 961 2394 1003 esse

1101 1092 1197 1109 ..-
1225 1090 1322 1111 ..-
1368 1044 1572 1109 maltis
1616 1045 1962 1109 malaoeavit
2009 1098 2041 1114 υ
2066 1109 2104 1116 -

451 1148 578 1213 nisi
625 1149 794 1213 forte
840 1146 1147 1211 Vossiani
1206 1149 1485 1235 vestigia
1532 1173 1607 1215 eo
1654 1152 1923 1234 ducunt,
1971 1155 2043 1213 ut
2089 1153 2441 1234 septenarii
2489 1154 2751 1218 initium

452 1256 653 1320 fuisse
702 1257 979 1318 statuas:
1026 1254 1228 1318 mdlas
1274 1255 1709 1320 malacisscivit.

631 1361 734 1425 54.
791 1357 1032 1424 Mirum
1081 1362 1181 1424 est
1226 1359 1689 1443 sospitatorem
1736 1362 1937 1427 Nonii
1985 1366 2122 1426 tam
2179 1364 2313 1429 alto
2363 1388 2590 1431 somno
2639 1369 2750 1433 ob-

450 1467 863 1550 dormivisse,
918 1468 993 1531 ut
1036 1466 1358 1530 inmemor
1416 1470 1586 1531 esset
1648 1468 1718 1533 in
1774 1470 2051 1534 secundo
2110 1472 2323 1554 capite
2371 1474 2749 1556 grammati·
2825 1504 2831 1510 ·

452 1598 596 1640 cum
654 1596 788 1638 non
853 1574 926 1636 ut
983 1572 1052 1635 in
1120 1576 1350 1637 octavo
1419 1572 1527 1636 ‘de
1592 1578 1848 1638 mutata
1907 1575 2393 1661 declinatione’,
2461 1580 2570 1643 sed
2635 1579 2744 1642 ‘de

449 1680 744 1747 honestis
793 1683 858 1743 et
902 1700 1068 1743 nove
1116 1682 1408 1743 veterum
1456 1679 1670 1744 dictis'
1721 1682 2015 1766 exempla
2064 1686 2524 1767 composuisse.
2591 1707 2746 1770 ergo

447 1811 577 1853 non
633 1786 1009 1872 genetivum
1066 1785 1286 1851 nescio
1343 1808 1533 1870 quem
1579 1787 1691 1851 ille
1747 1788 2030 1871 notavit,
2087 1790 2196 1853 sed
2238 1793 2456 1872 qenins
2507 1814 2748 1856 nomen

449 1918 524 1959 ea
553 1894 838 1975 notione,
869 1915 997 1977 qua
1035 1894 1276 1974 yeneris
1323 1897 1549 1958 auctor
1577 1898 1642 1957 et
1669 1899 1984 1979 patronus
2016 1896 2312 1977 habetur,
2342 1902 2746 1983 usurpatum,

448 2024 591 2065 cum
621 1999 818 2085 paulo
850 2021 1044 2082 supra
1086 2022 1148 2082 p.
1183 1999 1327 2083 117,
1357 2000 1440 2062 29
1473 1998 1778 2084 ε3011111111,
1805 2002 2302 2084 parsimoniam’
2332 2003 2745 2069 illustrasset.

443 2131 648 2192 neque
695 2106 1046 2192 quidquam
1104 2105 1512 2169 coniecturae
1572 2105 1762 2170 istius
1812 2108 1992 2172 addit
2036 2110 2525 2192 probabilitatis
2574 2113 2744 2198 quod

444 2215 513 2278 in
575 2214 884 2277 lemmate
945 2233 1162 2294 qen-tw,
1235 2235 1366 2277 non
1423 2214 1642 2295 qenins
1705 2213 2212 2301 Bambergensis
2279 2221 2343 2279 et
2405 2217 2742 2283 Leidensis

444 2321 681 2405 prioris
729 2319 983 2383 librarii
1031 2318 1449 2383 tradiderunt.

622 2427 725 2490 66.
768 2426 1033 2506 feriolus
1075 2425 1303 2489 vide'ris
1348 2446 1488 2504 esse,
1533 2428 1684 2507 quia
1731 2448 1909 2492 cacas
1953 2428 2024 2491 in
2069 2427 2259 2491 co'leos
2306 2428 2473 2514 Aug.
2520 2429 2737 2495 Luchs

444 2534 608 2600 stud.
653 2533 686 2597 I
738 2533 838 2598 70.

622 2642 705 2705 86
778 2639 1118 2704 Inversum
1184 2640 1525 2704 verborum
1593 2640 1885 2705 ordinem
1956 2644 2432 2708 somniculosum
2504 2645 2736 2710 ecastor

442 2753 713 2814 must-um
750 2737 1191 2810 Buechelerus
1237 2746 1595 2829 proposuit.

621 2855 703 2918 87
766 2853 917 2917 Non
962 2853 1319 2936 catomz'um,
1366 2853 1475 2916 sed
1523 2858 1828 2917 catomum
1872 2854 2200 2919 Mediceus
2248 2858 2446 2921 codex
2495 2858 2736 2942 epistu-

439 2961 651 3026 larum
700 2959 1029 3050 Ciceronis
1075 2959 1354 3023 exhibet.

618 3068 702 3132 88
757 3067 1091 3131 Ridiculus
1148 3066 1287 3148 ipse
1334 3064 1681 3149 Bergkius‚
1738 3066 1848 3149 qui
1894 3067 2111 3131 ridens
2168 3071 2504 3154 tamquam
2551 3094 2728 3138 mon-

441 3177 647 3238 strum
695 3173 865 3256 quod
914 3173 1072 3238 olim
1118 3193 1461 3255 posueram

790 3319 829 3351 .·.
872 3284 1057 3362 caput
1099 3280 1232 3343 sine
1277 3277 1493 3360 linqua
1526 3281 1755 3360 pedari
1801 3331 1814 3344 .
1846 3330 1859 3344 .
1895 3331 1908 3344 .
1955 3283 2255 3347 sffloentia
2297 3289 2386 3347 est

438 3389 504 3451 et
546 3387 849 3451 lacunam
895 3386 965 3449 in
1012 3385 1222 3449 medio
1254 3406 1444 3449 versu
1488 3386 1629 3469 ipse
1677 3388 1950 3472 agnovit
1977 3393 2042 3451 et
2070 3388 2383 3452 excidisse
2429 3389 2729 3454 nimirum

439 3494 719 3560 coniecit
756 3496 1025 3577 propter
1055 3490 1546 3556 similitudinem
1574 3494 1877 3558 vocabuli
1907 3495 2113 3576 mima,
2142 3515 2269 3575 quo
2304 3493 2500 3576 longe
2530 3516 2729 3577 supra

435 3623 591 3665 usus
641 3604 741 3664 est
789 3598 1052 3663 Gellius,
1135 3596 1427 3661 Primum
1476 3602 1693 3662 autem
1740 3599 1968 3682 pedem
2016 3598 2168 3683 quid
2214 3598 2285 3663 ni
2332 3621 2383 3660 e.
2432 3621 2481 3662 c.
2528 3599 2726 3668 talem

433 3709 505 3770 u't
549 3703 681 3791 (vel
725 3704 903 3792 mim)
950 3709 1136 3785 caput
1180 3703 1341 3767 elisa
1386 3704 1454 3767 in
1498 3705 1734 3769 ultima
1781 3705 2040 3788 syllaba
2087 3710 2112 3768 t
2155 3705 2538 3790 effingeres?

616 3812 998 3876 Genetivum
1046 3811 1303 3892 pedari,
1364 3810 1419 3872 si
1466 3810 1721 3894 quidem
1782 3812 2060 3876 traditus
2118 3816 2314 3895 esset,
2371 3834 2724 3896 numquam

431 3918 732 4004 ignoravi
788 3917 1101 4001 exemplis
1157 3919 1260 3979 sat
1313 3915 1563 3981 idoneis
1620 3917 1876 3982 defendi
1921 3941 2144 4002 posse,
2203 3919 2435 4003 quibus
2482 3942 2723 3985 novum

430 4006 682 4090 nullum
730 4025 978 4090 addidit
1003 4022 1345 4107 Bergkiu8‚
1387 4023 1517 4086 nisi
1546 4024 1720 4107 quod
1764 4024 1834 4087 in
1877 4024 2184 4090 Plautino
2230 4025 2363 4089 mil.
2396 4026 2523 4089 752
2553 4025 2721 4109 ‘pro-

431 4132 623 4195 letari
654 4131 993 4216 sermone',
1038 4131 1207 4215 quod
1255 4130 1621 4194 coniecerat
1646 4129 2082 4227 Buechelerus
2130 4130 2286 4195 decl.
2315 4131 2425 4193 lat.
2457 4129 2561 4214 51,
2608 4130 2718 4193 ab·

429 4237 705 4302 lativum
759 4260 878 4320 pro
935 4237 1235 4321 genetivo
1289 4236 1541 4301 habuit.
1634 4234 1937 4302 Ceterum
1982 4237 2090 4302 hic
2135 4237 2463 4321 lacunam,
2523 4259 2720 4322 quam
