3400 5075
646 288 772 354 268
1661 239 1935 344 Novivs

1517 449 2080 516 TABELLARIA

1705 565 1736 629 Ι
1783 564 1882 651 (1)

827 679 951 757 Qui
1004 680 1203 746 habet
1257 703 1519 746 uxorem
1576 679 1717 746 sine
1774 682 1948 767 dote,
2015 680 2122 769 [εἴ]
2182 686 2471 768 paeinnum
2526 685 2812 793 positum
2873 686 2943 750 in

2352 805 2638 885 purpura
2685 804 2799 865 est.

1686 896 1751 961 II
1831 899 1871 962 2

832 1060 846 1073 .
939 1061 952 1074 .
1046 1060 1060 1075 .
1151 1006 1173 1076 .’
1258 1061 1271 1074 .
1363 1012 1580 1076 dotem
1628 1013 1708 1077 ad
1756 894 1902 1077 υἷε)
1922 1014 2171 1078 nullam
2219 1015 2457 1079 {ittulas

1544 1136 2050 1202 TOGVLARIA

837 1249 1054 1334 Abste,
1101 1251 1437 1316 deturbaite
1468 1275 1649 1337 saxo,
1693 1252 2047 1317 homonum
2090 1254 2494 1338 quisquiliae!
2544 1254 2757 1339 ss'quid
2796 1255 2942 1319 est?

1528 1377 2057 1456 TRIPERTITA

1707 1493 1739 1558 Ῑ
1787 1492 1887 1578 (2)

824 1609 1176 1693 Postquam
1224 1634 1289 1673 se
1339 1610 1500 1673 uidit
1550 1606 1735 1697 [esse]
1786 1609 2112 1694 heredem,
2159 1611 2453 1674 desubito
2501 1611 2846 1674 diuortium

691 1726 779 1788 90
827 1724 1158 1790 Fecerunt.
1897 1790 1900 1793 ,

1687 1815 1753 1879 lI
1800 1814 1901 1900 (1)

825 1931 893 1994 Si
922 1934 1138 1995 alitem
1167 1931 1486 2017 pinguist,
1513 1933 1680 1996 misse
1711 1931 2078 1996 cubandum
2107 1937 2231 1997 est:
2282 1983 2296 1997 .
2328 1982 2342 1996 .
2370 1933 2604 2017 putent
2630 1931 2937 2016 pantices.

783 2127 1140 2176 Tun-:nnllam
1179 2127 1446 2189 (Naeuii
1487 2128 1724 2178 fortasse
1765 2129 1890 2189 fuit)
1964 2130 1987 2178 I
2026 2128 2234 2178 Nonius
2270 2130 2387 2189 218,
2421 2130 2486 2176 22
2518 2119 2799 2192 ‘pannus
2835 2141 2940 2177 usu

648 2195 871 2260 generis
919 2195 1226 2246 masculini.
1301 2194 1510 2246 Neutro
1557 2196 1766 2245 Nouius
1802 2195 2146 2246 Tabellaria:
2193 2197 2307 2258 qui’
2356 2213 2401 2244 e.
2453 2211 2503 2259 q.
2553 2211 2597 2244 s,
2670 2195 2941 2256 (neuius

647 2264 840 2317 Urbin,
878 2260 999 2327 308)
1139 2264 1190 2311 11
1230 2262 1518 2313 Diomedes
1558 2280 1610 2328 p.
1650 2266 1750 2314 376
1776 2264 1835 2313 Ρ.
1876 2268 2227 2328 ‘quamquam
2267 2269 2323 2312 et
2360 2263 2413 2312 id
2452 2264 2757 2325 perfeetum
2798 2262 2940 2327 quod

646 2338 733 2379 est
767 2330 928 2380 attuli
966 2348 1031 2380 ex
1069 2331 1179 2381 alio
1215 2332 1381 2380 uerbo
1422 2331 1687 2396 proficisci
1713 2332 2015 2395 reperimus
2033 2332 2178 2396 apud
2205 2336 2448 2392 ueteres,
2489 2347 2556 2380 ex
2582 2347 2647 2380 eo
2685 2331 2829 2395 quod
2858 2335 2943 2379 est

648 2398 869 2448 attollo'
906 2397 1148 2462 (attulo
1188 2400 1361 2451 Paris,
1393 2400 1434 2447 Β
1473 2417 1538 2453 m.
1577 2404 1626 2459 2,
1664 2398 2002 2463 Putsehius)‚
2040 2403 2125 2448 ‘ut
2158 2399 2460 2448 Naeuius
2497 2402 2554 2447 in
2589 2399 2938 2449 Tabellaria:

645 2466 848 2516 dotem’
889 2483 934 2518 e.
976 2483 1024 2530 q.
1064 2483 1106 2517 s,
1182 2467 1446 2525 (neuius
1485 2468 1698 2517 Monac.
1738 2468 2024 2517 naeuius
2061 2467 2216 2517 Part.
2256 2467 2348 2517 AB
2396 2465 2653 2516 Nouius
2689 2465 2941 2526 Bothius)

782 2536 1111 2584 Toevnaam
1180 2536 1381 2585 Festus
1419 2553 1468 2600 p.
1508 2536 1607 2586 257
1634 2536 1705 2589 Μ.
1745 2535 2194 2600 ‘quisquiliae
2232 2534 2340 2584 diei
2379 2539 2642 2600 putantur
2678 2533 2937 2599 quidquid

648 2619 712 2651 ex
750 2602 1033 2652 arboribus
1071 2603 1293 2654 minutis
1327 2604 1665 2654 surculorum
1707 2604 2030 2654 foliorumue
2072 2603 2249 2666 eadit,
2286 2602 2444 2653 uelut
2477 2601 2939 2666 quidquideadiae

649 2698 708 2705 „-
749 2669 963 2720 Nouius
998 2672 1054 2718 in
1093 2670 1421 2735 Togularia:
1459 2672 1572 2721 abi’
1613 2688 1661 2721 e.
1702 2688 1749 2732 q.
1789 2688 1833 2721 a.

779 2738 1125 2786 ΤιιιΡειιτιΤΑ
1162 2741 1254 2801 (an
1293 2740 1713 2801 ΤιιιιἮΒυιἸ-Λῖ)
1802 2741 1825 2788 1
1864 2740 2072 2789 Nonius
2110 2741 2235 2799 517,
2271 2741 2337 2788 24
2377 2729 2719 2788 ‘desubito
2758 2774 2935 2787 .....

647 2806 855 2855 Nouius
891 2806 1217 2870 'l'ripertitaz
1267 2811 1579 2872 postquam’
1627 2824 1677 2857 e.
1718 2824 1769 2872 q.
1808 2824 1851 2858 s.
2032 2808 2081 2856 ll
2123 2807 2332 2857 Nonius
2368 2808 2492 2863 218,
2545 2808 2607 2856 15
2654 2806 2936 2870 ‘pingue

649 2879 753 2923 est
789 2889 884 2937 pro
923 2874 1143 2938 pinguis
1181 2881 1293 2934 est,
1333 2880 1582 2925 neutrum
1614 2891 1710 2940 pro
1736 2875 1845 2924 alio
1870 2889 2070 2939 genere
2101 2877 2353 2940 positum.
2425 2875 2632 2923 Nouius
2658 2874 2936 2938 Triper-

647 2941 817 2990 dita:
856 2942 926 2990 si’
967 2957 1014 2991 e.
1056 2957 1105 3004 q.
1145 2958 1187 2992 Β.
1260 2943 1523 3002 (neuius
1559 2944 1750 2993 Urbin.
1786 2946 1886 2994 308
1991 2944 2384 3008 Tripertita
2417 2941 2719 3005 Mereerus)

814 3122 894 3179 86
944 3123 1069 3178 Non
1094 3125 1336 3194 placen!
1367 3122 1458 3195 qui
1492 3122 1654 3178 hahet
1684 3123 1906 3178 uxorem
1939 3125 2202 3179 trochaei
2311 3123 2358 3177 ei
2405 3123 2622 3191 addidi,
2670 3140 2775 3177 om.
2807 3125 2943 3178 libri

815 3200 1076 3284 positum]
1126 3213 1380 3280 opsutum
1434 3208 1828 3264 Buechelerus
2041 3207 2119 3263 87
2167 3206 2363 3262 attulas
2418 3207 2556 3262 Par.
2609 3208 2663 3260 B
2707 3206 2933 3263 Monac.

645 3291 862 3347 attollas
895 3292 1036 3347 Par.
1070 3293 1120 3346 A
1163 3290 1379 3346 attollat
1409 3294 1533 3347 cdd.
1570 3300 1705 3349 nell.
1736 3292 1929 3348 attulat
1960 3293 2272 3348 Pulschius
2444 3291 2523 3348 88
2555 3290 2696 3347 abite
2726 3296 2942 3364 scripsi

645 3376 724 3433 ahi
760 3378 884 3432 cod.
919 3376 1001 3431 abi
1033 3375 1115 3430 abi
1150 3376 1431 3450 Scaliyer.
1490 3378 1580 3433 An
1612 3376 1763 3451 figite
1793 3380 1851 3432 in
1887 3378 2183 3433 trochaico
2212 3379 2585 3447 septenario?
2755 3375 2939 3432 detur-

645 3461 770 3517 bato
821 3470 872 3516 te
908 3462 1331 3518 Lz'ndemannus
1360 3461 1585 3517 deturba
1620 3472 1671 3517 te
1704 3462 1770 3517 de
1807 3462 1870 3517 0.
1908 3461 2225 3517 Muellerus
2397 3462 2689 3516 homonum
2725 3465 2943 3532 scripsi

643 3546 744 3619 (cf.
796 3548 995 3602 Cicero
1042 3548 1132 3601 ad.
1180 3548 1293 3603 Ait.
1340 3546 1376 3601 Ι
1422 3548 1520 3618 16,
1568 3544 1631 3621 6)
1680 3549 1842 3601 homo
1889 3563 1996 3600 non
2055 3548 2178 3602 cod.
2228 3547 2501 3601 hominum
2549 3546 2784 3618 Maehly
2828 3563 2935 3601 non

645 3632 806 3686 homo
856 3628 1253 3687 Buechelerus
1425 3631 1503 3687 89
1551 3635 1642 3687 uel
1687 3648 1747 3686 se
1795 3630 1927 3686 uidit
1981 3648 2099 3685 esse
2146 3630 2398 3686 heredem
2446 3633 2539 3686 uel
2582 3648 2641 3685 se
2686 3630 2937 3685 heredem

645 3716 780 3771 uidit
837 3732 955 3770 esse
1015 3719 1105 3771 nel
1150 3734 1270 3771 sese
1313 3734 1433 3771 esse
1479 3715 1730 3771 heredem
1790 3715 1924 3770 uidit
1980 3719 2073 3771 uel
2124 3732 2246 3770 sese
2302 3732 2421 3770 esse
2480 3715 2629 3770 uidet
2687 3714 2936 3770 heredem

564 3827 570 3834 ·
640 3800 718 3868 (in
766 3802 1064 3857 trochaico
1108 3805 1439 3872 septenario
1484 3808 1586 3856 aut
1629 3817 1688 3854 se
1734 3816 1853 3854 esse
1897 3799 2147 3855 heredem
2195 3800 2328 3855 uidit
2373 3806 2476 3854 aut
2521 3816 2580 3854 se
2629 3798 2772 3855 uidet
2819 3816 2936 3854 esse

645 3883 915 3955 heredem)
963 3887 1140 3941 scribi
1175 3893 1382 3956 polest.
1430 3902 1489 3940 se
1521 3885 1586 3958 (si
1623 3885 1761 3940 Par.
1794 3881 1862 3960 1²)
1897 3884 2030 3939 uidit
2060 3883 2313 3941 heredem
2355 3885 2493 3941 libri
2534 3883 2785 3939 heredem
2818 3899 2938 3938 sese

645 3969 778 4025 uidit
827 3970 1101 4025 Munkius
1144 3987 1264 4026 sese
1312 3968 1563 4025 heredem
1613 3969 1745 4024 uidit
1783 3970 2190 4037 Quicleeratius
2361 3968 2597 4024 diuortio
2630 3970 2770 4023 Par.
2806 3969 2859 4023 P

646 4055 721 4111 91
772 4056 1034 4127 pinguim,
1080 4059 1116 4110 i.
1152 4070 1199 4110 e.
1249 4055 1466 4128 pinguis
1512 4062 1596 4109 est
1626 4057 1841 4126 scripsi
1883 4055 2085 4127 pingue
2127 4062 2210 4109 est
2253 4054 2390 4109 libri
2559 4044 2696 4108 male
2741 4051 2938 4108 euban-

643 4138 770 4194 dum
816 4146 929 4194 est:
986 4140 1066 4212 cs.
1117 4140 1315 4195 Plauti
1357 4139 1515 4194 Asin.
1566 4138 1685 4194 937
1863 4139 2240 4194 Ins-erendum
2290 4139 2550 4209 sortasse
2596 4137 2798 4210 putridi
2847 4140 2936 4193 uel

643 4224 746 4279 laxi
793 4227 883 4280 uel
929 4241 1056 4279 cum
1107 4224 1464 4280 Buechelero
1508 4223 1650 4296 pleni
1826 4231 2037 4296 putrem
2087 4224 2289 4278 Aldina
2332 4230 2520 4295 putres
2567 4223 2843 4279 Munlcius

642 4310 881 4381 pantices
931 4309 1133 4364 Iunius
1177 4313 1233 4364 in
1280 4326 1385 4382 my.
1430 4309 1673 4382 ponticas
1733 4309 1805 4363 W
1845 4309 2081 4381 panticas
2128 4311 2310 4363 celeri
2346 4308 2484 4363 libri
