3400 5075
932 293 1025 342 Ex
1066 290 1402 342 meamus
1440 291 1921 342 mosarossvm
1960 293 2275 344 FAssvms
2629 290 2743 352 121

630 449 782 513 ‘Cur
828 452 892 512 te
940 448 1311 532 dedecoraS,
1367 449 1608 512 sumam
1656 471 1770 513 cur
1816 450 2100 513 maculas
2146 448 2371 514 tuam?

497 565 584 634 55
631 564 761 630 Cur
807 566 942 629 rem
990 563 1333 647 dilapidata,
1380 564 1573 647 quam
1620 564 1814 627 miser
1860 562 2144 629 extruxit
2187 563 2438 628 labor?'

1334 677 1854 775 XIIXIX—XLI

633 795 891 870 Tutare,
921 795 1108 859 amici
1156 798 1443 878 calisam,
1489 794 1660 878 potis
1707 816 1809 878 ee,
1856 795 2124 878 suscipe.

635 908 931 975 Obicitur
977 910 1219 973 crimen
1268 910 1525 994 capim,
1570 930 1781 995 purga.
1827 910 2097 975 fortiter.

632 1026 711 1089 In
757 1023 946 1089 amici
994 1047 1190 1089 causa
1235 1048 1334 1111 ee,
1378 1022 1576 1089 immo
1623 1028 1795 1089 certe
1841 1026 2057 1110 potior
2102 1049 2187 1090 es,

1510 1139 1695 1205 XLII

628 1257 899 1321 Prorsus
929 1278 1204 1339 aequum
1233 1259 1349 1320 est.
1403 1256 1652 1339 patere,
1698 1255 1908 1320 Daue:
1957 1259 2058 1320 me
2084 1278 2332 1341 poenae
2363 1279 2618 1341 oppone
2651 1308 2663 1321 .
2695 1309 2707 1321 .
2736 1310 2748 1322 .

1490 1369 1709 1434 XLIII

497 1490 584 1551 60
632 1540 643 1551 .
695 1539 706 1549 .
758 1539 769 1550 .
819 1538 832 1549 .
880 1508 1084 1572 egone
1132 1483 1361 1549 illam?
1409 1523 1489 1531 —
1539 1485 1747 1569 pudor
1792 1490 1892 1549 est
1946 1487 2158 1571 eloqui
2211 1525 2289 1533 —
2339 1510 2533 1572 quam
2580 1489 2747 1552 com-

2094 1602 2185 1666 eri
2238 1603 2366 1667 -‘?

631 1719 657 1789 ΙῘ
710 1716 1016 1801 Reh'nqui
1063 1737 1219 1781 num
1267 1713 1526 1800 potuit?
1591 1737 1726 1780 non
1771 1625 2123 1801 perpetis?
2177 1739 2312 1782 non
2367 1718 2562 1783 etiam
2608 1721 2747 1802 pe‘r-

933 1840 937 1849 ·
2047 1832 2270 1899 feram.

591 1991 1028 2043 XXXIX—XLI
1079 1991 1367 2042 Charisius
1404 1992 1453 2041 V
1490 2008 1542 2056 p.
1582 1993 1681 2041 253
1717 1991 1780 2044 Ρ.
1826 1995 1950 2055 ‘per
1998 1971 2410 2057 apologismon,
2449 1993 2566 2043 siue
2605 1992 2750 2043 ultro

454 2059 653 2122 dando,
690 2074 812 2110 cum
849 2059 1063 2124 aliquid
1102 2059 1426 2109 aduersario
1473 2065 1656 2109 nostro
1694 2058 1839 2108 ultro
1877 2058 2090 2122 (iamne,
2127 2075 2234 2123 quo
2270 2062 2349 2111 uti
2390 2076 2509 2111 oum
2546 2062 2750 2111 seimus

455 2143 564 2177 non
605 2142 790 2191 posse,
830 2119 1140 2190 tamquam‘:
1179 2131 1428 2177 tutare’
1469 2143 1516 2181 e.
1556 2141 1610 2190 q.
1650 2141 1691 2175 s.
1765 2126 1912 2176 Olim
1949 2127 2253 2178 disiunctos
2293 2134 2406 2178 tres
2443 2128 2750 2178 uersiculos

454 2194 762 2256 edideram,
801 2195 895 2258 qui
933 2194 1117 2244 Keilio
1156 2209 1369 2258 quoque
1417 2194 1716 2244 cohaerere
1762 2194 2034 2246 uidentur.
2176 2195 2333 2246 XLII
2379 2195 2663 2245 Charisius
2704 2196 2749 2243 V

451 2279 503 2328 p.
540 2265 639 2312 253
680 2264 742 2314 P.
782 2268 905 2326 ‘per
941 2263 1448 2312 commutationem:
1500 2266 1796 2326 prorsus’
1837 2277 1886 2311 e.
1925 2278 1974 2325 q.
2011 2279 2053 2313 s.
2137 2262 2250 2312 ‘hie
2299 2279 2407 2313 non
2453 2270 2515 2314 ut
2562 2263 2751 2328 coepit

458 2331 791 2379 sententiam
818 2329 965 2382 finit:
1005 2345 1132 2379 nam
1159 2330 1349 2380 aiebat
1385 2331 1600 2390 Daue,
1636 2329 1837 2379 deinde
1861 2330 2104 2381 subiecit
2140 2346 2257 2391 me,
2297 2346 2434 2380 eum
2471 2330 2618 2395 ipse
2656 2331 2751 2380 sit

453 2399 724 2448 Dauus.‘
932 2398 1117 2448 XLIII
1158 2398 1447 2448 Charisius
1484 2413 1533 2462 p.
1572 2399 1672 2447 254
1708 2398 1769 2447 P.
1818 2400 1938 2461 ’per
1982 2397 2350 2463 apoclisin:
2402 2413 2651 2463 egone.
2683 2434 2696 2448 .
2728 2436 2739 2447 .

452 2466 814 2530 perferam.
887 2464 1140 2515 consulto
1177 2465 1401 2515 uerbum
1441 2464 1531 2514 uel
1558 2466 1729 2515 uerba
1765 2466 2160 2530 praetermittit
2185 2470 2242 2514 et
2279 2465 2535 2530 quiddam
2573 2466 2751 2531 suspi-

454 2533 629 2584 cionis
667 2532 889 2584 silentio
938 2532 1196 2599 colligit.’
1268 2534 1347 2583 Ut
1391 2533 1497 2583 duo
1542 2533 1725 2584 frusta
1763 2533 2038 2585 disiuncta
2084 2535 2312 2598 tragicis
2357 2534 2747 2599 ascripseram:

456 2601 740 2652 coniunxit
778 2607 835 2650 et
872 2602 940 2651 ad
979 2602 1316 2676 comoediam
1353 2600 1571 2652 rettulit
1605 2602 1676 2651 H.
1713 2601 1960 2663 Keilius;
1996 2618 2262 2667 personas
2299 2617 2402 2667 ego
2439 2602 2680 2653 distinxi.

625 2761 705 2818 54
751 2760 1043 2818 dedecoras
1089 2763 1400 2819 Fabricius
1442 2760 1738 2817 dedecores
1785 2764 1910 2820 cod.
2083 2762 2274 2817 samam
2319 2763 2634 2819 Fabricius
2679 2762 2750 2816 sa-

454 2847 651 2902 miliam
684 2849 807 2902 cod.
939 2847 1170 2902 maculas
1204 2849 1291 2903 ed.
1330 2865 1427 2918 pr.
1472 2846 1709 2902 macules
1742 2850 1865 2904 cod.
2042 2846 2121 2904 55
2152 2846 2410 2920 dilapidas
2439 2848 2750 2903 Fabricius

454 2929 715 3004 dilapidcs
759 2933 883 2987 cod.
1058 2948 1217 3005 quam
1274 2934 1361 2988 ed.
1411 2949 1512 3002 pr.
1559 2948 1594 3003 q
1625 2974 1639 2988 .
1672 2970 1687 2987 .
1725 2972 1739 2988 .
1776 2972 1789 2987 .
1837 2933 1961 2988 cod.
2152 2926 2340 3007 miser]
2390 2947 2540 2987 meus
2599 2934 2746 2987 coni.

453 3017 840 3088 Kiesslinqius
893 3023 948 3072 et
993 3016 1423 3087 Buechelerus‚
1484 3017 1639 3091 quod
1690 3019 1744 3072 si
1785 3033 1986 3072 uerum
2033 3023 2146 3090 est,
2207 3024 2267 3072 ut
2314 3019 2746 3086 uidetur-sane,

455 3117 533 3157 cx
577 3104 815 3173 amiqua
868 3100 1064 3172 forma
1123 3102 1222 3155 mis
1268 3100 1359 3172 (de
1414 3118 1529 3174 qua
1587 3102 1719 3157 uide
1771 3101 2075 3158 Bitsckelii
2123 3102 2194 3156 de
2247 3102 2451 3157 declin.
2499 3103 2750 3174 quadam

452 3188 555 3242 lat.
602 3187 983 3242 reconditiora
1028 3193 1250 3257 quaest.
1274 3203 1335 3257 p.
1371 3185 1448 3241 22
1483 3180 1587 3258 sq.)
1636 3193 1889 3258 apparel
1932 3187 2098 3241 miser
2142 3193 2326 3241 ortum
2373 3200 2498 3241 csse
2671 3185 2748 3242 56

453 3271 599 3342 potis
645 3286 703 3325 es
750 3270 975 3326 Keilius
1018 3272 1185 3342 patris
1231 3271 1352 3327 cod.
1399 3271 1564 3343 patris
1594 3286 1707 3325 rem
1740 3272 1868 3328 olim
1916 3274 2280 3327 coniecerant
2309 3271 2518 3325 ductus
2547 3270 2751 3325 Linde-

454 3358 650 3409 manni
691 3357 1004 3411 testimonio
1048 3355 1324 3428 suscipere
1369 3354 1500 3427 (pro
1546 3370 1613 3410 eo
1668 3357 1822 3427 quod
1865 3356 1989 3411 cod.
2051 3355 2222 3410 habet
2266 3351 2502 3426 suscipe)
2555 3357 2612 3409 in
2660 3355 2748 3409 ed.

445 3457 569 3511 pn,
601 3441 747 3512 leqi:
808 3440 910 3494 sed
963 3445 1119 3494 tacet
1174 3439 1417 3495 Keilius.
1476 3439 1643 3512 partis
1706 3439 2104 3495 Buecheler-us
2317 3437 2396 3494 57
2441 3453 2616 3510 purga
2661 3440 2749 3498 ed.

451 3542 548 3595 pr.
595 3541 631 3596 p
666 3563 875 3578 .....
923 3525 1049 3582 cod.
1294 3523 1374 3580 58
1421 3540 1510 3593 es,
1563 3524 1725 3579 immo
1770 3531 1922 3578 certe
1966 3522 2150 3596 potior
2195 3539 2252 3577 es
2312 3538 2466 3577 nunc
2520 3525 2748 3593 scripsi.

456 3608 636 3681 potior
692 3613 724 3662 e
767 3608 928 3662 immo
988 3615 1135 3664 certe
1191 3608 1374 3681 potior
1429 3615 1514 3663 est
1559 3609 1683 3663 cod.
1744 3608 1929 3680 potior
1972 3607 2135 3662 immo
2194 3608 2397 3662 certior
2440 3606 2754 3662 Fabricius

455 3693 620 3747 nimio
665 3698 812 3746 certe
858 3694 1038 3764 potior
1082 3709 1140 3748 es
1186 3696 1332 3748 coni.
1378 3692 1744 3766 Kicslinyius.
1834 3710 1911 3747 an
1956 3693 2101 3764 potis
2143 3698 2315 3746 certe:
2361 3692 2525 3746 immo
2569 3692 2754 3762 potior

454 3793 515 3831 es
560 3776 960 3832 scribendum?
1088 3777 1143 3832 in
1189 3777 1357 3832 amico
1402 3791 1559 3831 causa
1604 3777 1836 3845 certior,
1881 3776 2042 3830 immo
2088 3776 2272 3848 potior
2312 3783 2398 3830 est
2437 3775 2667 3831 Keilius

456 3859 534 3917 59
581 3876 811 3934 aequum
858 3862 979 3918 cod.
1027 3861 1253 3934 acquina
1298 3862 1380 3916 ed.
1426 3877 1522 3931 pr.
1580 3862 1781 3933 equino
1826 3861 2138 3916 Fabricius
2309 3868 2496 3932 patere
2541 3863 2756 3931 scripsi

455 3945 665 4017 (petere
720 3943 889 4017 olim).
976 3945 1393 4018 Imperatiuum
1451 3945 1740 4019 intelleqo,
1801 3963 1913 4001 non
1969 3948 2339 4017 infinitiuum‚
2400 3960 2564 4016 quem
2622 3949 2751 4018 quis

457 4029 669 4085 Naeuii
698 4045 838 4086 com.
876 4029 954 4086 67
984 4033 1228 4102 firmare
1258 4033 1507 4090 animum
1536 4031 1796 4088 inducat.
1871 4037 2093 4102 pectore
2124 4031 2246 4086 cod.
2280 4030 2513 4102 peccasti
2544 4028 2750 4085 Linde-

456 4130 703 4169 mannus
875 4130 1095 4188 oppono
1130 4115 1530 4171 Buecheler-us
1704 4113 1778 4170 61
1829 4112 2057 4186 relibqui
2102 4115 2223 4171 cod.
2397 4128 2524 4168 num
2570 4114 2752 4186 potuit

456 4201 673 4269 scripsi
711 4199 745 4253 fi
788 4197 845 4269 (i.
892 4215 941 4254 e.
989 4198 1121 4270 non)
1166 4200 1346 4272 potuit
1389 4200 1515 4255 cod.
1565 4213 1674 4253 non
1720 4204 1903 4270 potest
1933 4199 2161 4254 Keilius
2331 4197 2488 4253 etiam
2535 4199 2622 4253 ed.
2649 4216 2746 4269 pr.

374 4341 383 4350 ‚
456 4299 486 4338 e
531 4280 609 4352 (in
653 4283 772 4354 siue
818 4282 1045 4354 uersus)
1091 4285 1215 4340 cod.
1434 4283 1743 4339 Senarium
1788 4282 1916 4339 olim
1973 4283 2062 4339 his
2116 4298 2225 4338 non
2285 4283 2558 4357 perpetiar
2601 4282 2749 4356 loqui
