3400 5075
658 318 781 383 174
1564 320 1628 371 1..
1665 320 2032 373 AFRAmvs

1692 476 1752 541 X
1799 474 1900 565 (4)

697 594 782 660 65
827 593 1137 679 Disperii,
1181 593 1559 678 perturbata
1604 615 1776 678 sum,
1821 594 1950 658 iam
1996 593 2222 659 flaccet
2266 595 2623 662 fortitfidoz

1673 707 1771 772 XI
1817 707 1917 795 (6)

831 821 905 889 'O
957 824 1125 889 diem
1172 824 1584 902 scelerosum,
1631 823 1996 908 indignum!

1665 939 1797 1003 XII
1842 939 1943 1025 (8)

832 1054 1037 1119 Immo
1087 1054 1198 1119 611i
1245 1054 1467 1119 mitem
1512 1054 1662 1119 faxo
1710 1055 1956 1120 faciant
2001 1055 2298 1121 fastibus,

781 1234 786 1243 ‚
1649 1169 1814 1235 XIII
1861 1169 1962 1257 (5)

723 1354 732 1358 ,
837 1283 1068 1374 [Clam]
1116 1285 1305 1350 nobis
1354 1285 1554 1350 dictes
1562 1336 1581 1370 ,
1627 1287 1896 1372 quaeso,
1941 1308 2023 1351 ne
2070 1287 2177 1351 ille
2220 1286 2573 1353 indafidiat.
2621 1377 2625 1381 .

1490 1433 2121 1504 EMANOIPATVS

1710 1550 1743 1615 I
1788 1550 1890 1640 (7)

1876 1717 1885 1723 .
1959 1660 2422 1726 nudiustertius

699 1777 785 1842 70
830 1776 995 1841 Tute
1048 1774 1412 1841 aduenisti‘?
1460 1774 1490 1847 ff
1539 1825 1553 1839 .
1602 1826 1616 1840 .
1664 1798 1859 1859 quam
1906 1775 2185 1842 dihiculo

1700 1889 1768 1955 Π
1813 1888 1914 1978 (4)

1151 2055 1166 2070 .
1257 2004 1427 2090 quod
1472 2004 1613 2070 heri
1658 2006 1964 2073 ualetudo
2012 2007 2298 2073 obstetit.

649 2205 801 2254 ‹litm-
835 2205 892 2252 in
927 2202 1097 2252 uerbo
1131 2204 1532 2266 ‘norruncent’,
1569 2203 1728 2268 qnasi
1770 2202 1977 2255 dictum
2026 2204 2101 2254 sit
2138 2202 2207 2254 de
2244 2204 2514 2255 ueri-endo
2652 2205 2700 2255 X
2736 2203 2947 2255 Nonius

655 2275 766 2335 110,
808 2274 868 2321 13
905 2270 1216 2332 ‘flaccet‚
1256 2268 1500 2335 languet,
1537 2269 1723 2321 deficit
1745 2312 1756 2325 .
1778 2307 1792 2321 .
1814 2309 1828 2322 .
1855 2272 2119 2322 Afranius
2152 2271 2433 2324 Dinortiot
2472 2272 2720 2338 dIspcrii’
2750 2288 2796 2325 c.
2824 2288 2876 2337 q.
2901 2288 2946 2323 s.

787 2339 1115 2390 XLNonius
1154 2339 1268 2400 174,
1303 2340 1369 2388 29
1407 2339 1763 2390 ‘scelerosi
1808 2355 1905 2405 pro
1952 2338 2257 2389 scelerati.
2287 2377 2299 2390 .
2328 2376 2342 2390 .
2368 2340 2632 2392 Afranius
2667 2339 2945 2392 Diuortio:

650 2423 682 2458 o
719 2407 863 2458 diem
899 2421 942 2456 s.
977 2407 1036 2456 i.'
1209 2404 1317 2455 XII
1353 2406 1563 2457 Nonius
1597 2408 1717 2468 343,
1754 2409 1819 2457 22
1856 2407 2061 2457 ‘mitis
2098 2411 2184 2458 est
2220 2407 2557 2472 tranquillus
2594 2415 2651 2459 et
2687 2406 2829 2458 lenis
2853 2445 2867 2459 .
2893 2446 2906 2459 .
2934 2444 2948 2458 .

651 2476 803 2526 mitis
838 2479 924 2525 est
958 2479 1210 2524 maturus
1241 2511 1252 2523 .
1280 2509 1294 2524 .
1323 2510 1336 2523 .
1364 2473 1624 2525 Afranius
1660 2475 1939 2525 Diuortioz
1978 2475 2164 2525 immo’
2202 2490 2250 2526 e.
2289 2489 2343 2540 q.
2381 2490 2426 2527 s.
2565 2476 2702 2527 XIII
2736 2475 2948 2526 Nonius

654 2545 770 2607 126,
808 2544 876 2594 25
912 2542 1288 2599 ‘matidii-e,
1325 2543 1515 2593 audire
1545 2582 1557 2594 .
1590 2583 1602 2595 .
1631 2579 1644 2593 .
1673 2581 1685 2593 .
1717 2544 1978 2593 Afranius
2013 2543 2292 2594 Diuortio:
2330 2545 2514 2595 nouia’
2553 2561 2601 2596 e.
2638 2561 2688 2611 q.
2724 2560 2767 2599 ο.

789 2610 1190 2661 Examen-vs
1280 2610 1406 2661 Huc
1442 2612 1723 2677 pertinere
1760 2610 2093 2672 Quintiliani
2138 2611 2309 2661 uerba
2342 2610 2423 2662 XI
2466 2616 2509 2675 1,
2543 2614 2610 2663 68
2647 2612 2817 2664 ‘inter
2851 2628 2946 2679 pa·

651 2685 763 2728 tres
799 2679 967 2730 etiam
1006 2676 1285 2743 filiosque,
1323 2693 1444 2728 cum
1469 2678 1870 2730 interuenisset
1894 2679 2289 2744 emancipatio,
2327 2678 2607 2747 litigatum
2642 2680 2783 2730 scio’
2821 2695 2947 2730 con-

653 2748 791 2796 iecit
814 2745 1113 2801 Gesnerus.
1250 2746 1278 2797 1
1315 2744 1601 2797 Charisius
1624 2745 1680 2796 11
1705 2762 1758 2812 p.
1790 2749 1887 2797 185
1911 2747 1972 2801 P.
2011 2745 2534 2798 ‘nudiustertius
2560 2783 2574 2798 .
2601 2784 2614 2797 .
2640 2784 2654 2799 .
2681 2747 2941 2797 Afranius

653 2816 709 2864 in
756 2814 1144 2880 Emancipato:
1202 2828 1254 2868 n.
1300 2817 1341 2862 t.
1388 2819 1427 2864 t.
1472 2829 1522 2865 a.
1604 2813 1903 2881 Significat
1947 2821 2158 2865 autem:
2216 2830 2359 2865 nunc
2407 2824 2493 2866 est
2537 2816 2657 2866 dica
2704 2817 2945 2867 tertius?

649 2881 804 2932 Idem
839 2881 896 2933 11
931 2897 982 2947 p.
1026 2883 1121 2931 192
1156 2881 1217 2931 Ρ.
1256 2885 1472 2947 ‘qnam
1508 2881 1862 2933 diluculo.'
2034 2882 2088 2932 11
2125 2882 2414 2934 Charisius
2450 2884 2502 2934 11
2544 2885 2638 2934 180
2674 2883 2736 2937 P.
2774 2883 2948 2934 ‘heri

652 2990 664 3004 .
695 2987 708 3001 .
734 2989 747 3003 .
775 2948 996 3014 quidam
1023 2947 1157 2999 here
1182 2953 1382 3015 putant
1406 2949 1520 3001 dici
1556 2948 1779 3001 debere.
1850 2949 1982 3001 here
2020 2949 2308 3014 quamdiu,
2342 2951 2463 3001 heri
2489 2950 2727 3017 quando.
2786 2950 2946 3002 Afra-

653 3017 775 3069 nius
812 3023 999 3068 tamen
1034 3017 1090 3067 in
1129 3017 1521 3083 Emancipato:
1571 3019 1714 3083 quod
1751 3018 1871 3068 heri
1907 3016 2198 3080 ualetudo,
2237 3018 2444 3084 inquit,
2482 3019 2741 3079 obstitit?

824 3196 902 3254 65
949 3205 1076 3253 sunt
1120 3196 1279 3253 Leid.
1497 3196 1575 3255 66
1621 3214 1654 3253 o
1700 3197 1752 3252 di
1798 3213 1883 3253 me
1927 3197 2163 3271 Machly
2204 3200 2245 3254 l.
2289 3199 2329 3253 l.
2535 3197 2611 3255 67
2658 3197 2822 3253 immo
2867 3195 2945 3252 illi

654 3283 833 3338 mitem
893 3281 1012 3338 saxo
1069 3283 1195 3339 edd.
1251 3282 1412 3337 immo
1470 3280 1506 3336 li
1567 3282 1749 3337 mitem
1806 3281 1928 3338 saxo
1982 3283 2121 3339 libri
2168 3284 2467 3356 plerique,
2525 3284 2679 3356 quod
2719 3282 2950 3337 uidetur

650 3368 949 3440 defensum
993 3369 1081 3422 ire
1124 3367 1191 3423 L.
1238 3366 1485 3425 Mueller
1528 3368 1599 3423 de
1656 3382 1723 3423 re
1767 3384 1838 3422 m.
1886 3364 2010 3424 304
2064 3366 2310 3423 inolitem
2357 3383 2499 3440 puxo
2547 3367 2691 3423 Bas.
2867 3365 2946 3423 68

650 3450 785 3507 clam
823 3453 1226 3508 inlustrandae
1257 3454 1577 3508 sententiae
1609 3467 1793 3507 causa
1825 3452 2020 3507 addidi
2188 3449 2340 3507 nobis
2373 3449 2605 3523 Lipsius
2635 3452 2766 3508 Ant.
2810 3452 2945 3506 lect.

668 3536 716 3592 V
745 3535 820 3591 14
868 3537 1026 3592 nouis
1069 3536 1205 3592 libri
1231 3535 1388 3592 bonis
1418 3539 1545 3593 olim
1588 3540 1953 3593 confeceram
2125 3534 2295 3592 dictes
2325 3536 2556 3608 Lipsius
2598 3534 2767 3591 dictis.
2795 3535 2945 3604 libri,

645 3614 757 3676 om.
805 3621 962 3677 Leid.
1019 3619 1206 3677 dicatis
1254 3621 1647 3678 Neulcirchius
1817 3621 1965 3676 noui.
2023 3634 2090 3674 ne
2144 3618 2315 3676 dictes
2362 3620 2607 3677 Bothius
2650 3619 2687 3675 2
2742 3636 2811 3676 ne
2867 3618 2947 3675 bis

648 3704 838 3761 dicatis
867 3705 1267 3762 Buecheler-us
1395 3703 1669 3762 indaudiat
1699 3708 1913 3776 scripsi
1955 3702 2193 3759 inaudiat
2231 3704 2285 3760 id
2319 3720 2461 3761 uoce
2504 3703 2557 3761 id
2602 3711 2947 3776 compuncta

650 3791 807 3849 Leia.
855 3788 1089 3845 inaudiat
1133 3793 1316 3846 celeri
1354 3791 1490 3846 libri
1660 3789 1742 3847 70
1787 3805 1943 3863 quam
1975 3786 2214 3844 diluculo
2246 3807 2352 3846 om.
2391 3788 2689 3846 Charisius
2728 3807 2790 3860 p.
2827 3788 2946 3845 185

650 3891 815 3948 quom
846 3873 904 3946 (i.
937 3890 986 3930 e.
1019 3873 1161 3946 cum)
1205 3873 1443 3931 diluculo
1476 3880 1683 3930 contra
1719 3872 1968 3930 Charisii
2007 3874 2233 3945 quidem
2264 3876 2639 3931 testimonium
2669 3873 2730 3928 L.
2765 3873 2946 3930 Muel-

649 3963 741 4016 ler
783 3975 923 4016 mus.
973 3959 1156 4015 Rhea.
1203 3959 1387 4015 XXV
1427 3958 1584 4029 632,
1630 3959 1730 4014 cui
1768 3962 1826 4013 in
1873 3973 1938 4014 eo
1983 3958 2278 4015 adsentior
2332 3960 2487 4032 quod
2535 3963 2592 4015 in
2640 3962 2802 4014 exilu
2843 3959 2947 4014 illa

651 4060 861 4101 uersus
897 4052 1031 4115 post
1062 4047 1233 4099 unius
1263 4044 1530 4099 trochaei
1567 4045 1843 4099 lacunam
1867 4046 2011 4115 poni
2038 4045 2245 4114 uoluit,
2296 4060 2448 4117 quae
2489 4046 2722 4115 expleri
2754 4049 2949 4114 potest

652 4133 736 4186 sic
781 4144 829 4185 e.
880 4145 963 4184 c.:
1010 4137 1065 4183 et
1109 4129 1200 4184 isti
1246 4130 1338 4184 uel
1382 4136 1437 4183 et
1481 4125 1581 4182 ibis
1629 4130 1722 4184 uel
1753 4146 1789 4183 a
1822 4127 2227 4199 respondentis
2252 4137 2427 4200 parte
2458 4143 2611 4184 mane
2646 4132 2769 4185 siue
2797 4142 2945 4184 sane.

822 4212 1017 4269 midias
1064 4212 1256 4268 tertias
1301 4220 1420 4269 tute
1463 4210 1732 4267 aduenisti
1780 4229 1938 4286 quam
1990 4210 2232 4295 dilaculo
2265 4217 2602 4271 continuata
2640 4215 2950 4285 proposuit

629 4303 954 4406 *Roeperus
998 4331 1202 4387 Ρκιῑιοι.
1251 4329 1478 4387 Χνιιι
1516 4330 1637 4388 236
1814 4331 1889 4387 τι
1939 4297 2165 4407 obstitit
2210 4333 2336 4389 coa.
