3400 5075
705 354 964 411 LXXXII
1581 351 2110 408 COROLLARIVM

703 518 1114 603 Spengelius‚
1179 518 1290 602 qui
1346 518 1581 581 saltem
1647 516 1924 601 simplex
1987 516 2150 580 edim
2213 519 2388 579 recte
2453 514 2753 581 servavit.
2841 537 2996 579 nam

700 629 879 690 totus
929 624 1161 689 titulus
1206 623 1548 689 Nonianus
1607 646 1754 687 cum
1803 645 1835 685 e
1885 623 2355 687 commentario
2402 622 2704 687 Plautino
2751 623 2994 706 petitus

701 734 815 815 sit,
869 755 1003 797 non
1048 732 1285 795 mirum
1332 734 1432 794 est
1478 735 1545 793 et
1590 731 1879 793 comedim
1926 733 1992 793 et
2035 730 2196 793 edim
2243 730 2361 793 sub
2420 730 2644 794 eodem
2689 728 2996 794 lemmate

697 838 947 902 firmari
1004 837 1333 921 exemplis,
1405 835 1807 920 Videturque
1864 836 2023 901 olim
2071 836 2271 900 etiam
2318 835 2611 901 additum
2670 835 2872 899 fuisse
2920 857 2999 899 ex

701 945 955 1010 Caecilii
1000 944 1209 1009 Asoto
1255 943 1557 1025 frustum,
1602 942 1774 1025 quod
1821 965 1883 1026 p.
1913 942 2062 1024 507,
2109 943 2152 1005 4
2197 942 2456 1026 legitur,
2503 964 2704 1027 eoque
2749 942 2998 1006 factum

705 1074 865 1135 esse,
912 1055 985 1116 ut
1029 1050 1338 1115 librarius
1388 1050 1471 1113 ab
1518 1048 1641 1114 hoc
1699 1049 1923 1112 statim
1973 1049 2054 1113 ad
2108 1049 2294 1113 illum
2352 1049 2636 1113 eiusdem
2693 1070 2727 1112 e
2773 1048 2997 1114 Plocio

703 1159 1091 1222 versiculum
1140 1159 1502 1239 aberraret,
1548 1155 1659 1238 qui
1708 1155 1951 1220 omisso
1997 1155 2305 1218 lemmate
2354 1154 2996 1220 ‘commemoramen-

701 1263 864 1327 tum'
912 1264 1207 1347 proxime
1257 1262 1687 1346 subsequitur.
1735 1283 1888 1325 nam
1934 1260 2003 1324 111
2042 1262 2313 1325 diversis
2354 1263 2679 1346 capitibus
2729 1263 2998 1327 eandem

702 1372 873 1454 apud
919 1369 1207 1435 Nonium
1254 1369 1544 1453 glossam
1592 1368 1820 1451 redire,
1867 1367 2029 1451 quis,
2059 1368 2169 1451 qui
2200 1368 2300 1431 vel
2349 1370 2560 1432 obiter
2604 1370 3001 1452 pervolverit

705 1478 947 1542 librum
995 1476 1152 1560 eiuS,
1200 1476 1588 1540 mirabitur?

886 1601 1014 1664 160
1062 1598 1467 1664 Sententiam
1514 1594 1647 1664 11011
1675 1602 1848 1663 recte
1896 1600 2294 1664 intellexisse
2325 1601 2579 1664 videtur
2607 1600 2723 1664 Ed.
2751 1600 3001 1664 Becker

704 1707 866 1772 stud.
913 1707 945 1770 I
992 1707 1138 1770 200.
1442 1699 1449 1703 ’

885 1814 1006 1877 161
1057 1834 1228 1877 sume
1270 1835 1403 1879 non
1449 1812 1734 1876 mutabit
1779 1814 1884 1898 qui
1935 1814 2282 1878 Horatiani
2331 1819 2450 1878 sat.
2488 1814 2553 1878 ΙΙ
2603 1816 2660 1898 7,
2695 1816 2818 1877 106
2867 1837 2996 1879 me·

703 1921 992 1985 minerit:
1040 1918 1227 2003 ‘quae
1274 1942 1477 2003 parvo
1526 1920 1693 1983 sumi
1738 1924 2067 2003 nequeunt
2113 1921 2389 1985 obsonia
2436 1920 2702 2005 captas?

885 2044 1009 2108 166
1063 2043 1327 2109 Monere
1384 2047 1682 2127 poteram
1731 2046 1900 2129 quod
1957 2045 2025 2108 in
2070 2043 2273 2110 Nonii
2327 2047 2520 2111 titulo
2576 2049 2729 2129 post
2784 2047 2998 2137 locum

703 2173 737 2215 e
766 2150 1112 2233 Pomponii
1139 2149 1343 2214 Verre
1393 2154 1661 2235 aegroto
1712 2154 2042 2235 sumptum
2089 2151 2490 2215 desideratur
2535 2154 2693 2216 idem
2738 2154 2809 2217 in
2854 2151 2996 2238 (Sa-

702 2262 850 2322 tura
907 2255 1070 2342 scil.)
1129 2255 1438 2320 haustum
1496 2279 1635 2321 esse
1690 2258 1896 2322 videri
1953 2258 2359 2323 antecedenti
2401 2261 2753 2341 prandium
2810 2283 2996 2326 voca·

704 2366 875 2448 bulo,
923 2363 1094 2448 quod
1141 2386 1197 2427 v.
1253 2364 1375 2428 177
1427 2367 1785 2428 extremum
1835 2367 1949 2428 est.

885 2488 1008 2553 167
1058 2487 1268 2553 Inseri
1323 2494 1395 2552 ut
1447 2488 1884 2554 necessarium
1931 2488 2144 2553 visum
2199 2492 2324 2573 est,
2379 2512 2460 2554 ne
2518 2513 2644 2575 quo
2702 2495 3000 2576 spectent

704 2594 849 2660 ‘ubi
898 2595 1275 2680 cognorint'
1323 2596 1524 2660 verba
1570 2597 1917 2661 obscurum
1966 2600 2151 2660 esset.

884 2719 1011 2782 173
1071 2718 1401 2784 Vernioncs
1446 2720 1725 2785 conlatis
1773 2718 2073 2784 ‘Senecio
2124 2719 2395 2795 Quartio
2450 2720 2673 2807 pusio'
2719 2722 2996 2787 nomini·

703 2829 824 2892 bus
874 2830 938 2890 et
985 2823 1144 2891 CIL.
1188 2826 1254 2890 ‘II
1303 2827 1470 2891 2361
1522 2826 1677 2891 IRN
1733 2827 1903 2890 1864
1957 2827 2264 2910 parvulos
2310 2851 2539 2893 vernas
2585 2831 2758 2893 recte
2802 2828 2998 2892 inter-

703 2935 998 3016 pretatur
1041 2930 1493 2997 BuecheleruS.

886 3038 1013 3103 175
1061 3038 1139 3102 cf.
1186 3038 1303 3102 Ed.
1351 3039 1599 3104 Becker
1646 3039 1811 3103 stud.
1858 3038 1889 3101 Ι
1937 3039 2085 3104 312.

888 3163 1012 3227 176
1060 3186 1151 3248 sq.
1214 3162 1367 3228 Non
1421 3186 1575 3227 usus
1631 3163 1756 3227 hoc
1803 3163 1947 3228 loco
1997 3168 2096 3226 est
2149 3163 2684 3229 Friedlaenderus
2731 3164 2800 3229 in
2844 3165 2998 3230 libri

705 3271 782 3334 de
828 3269 1120 3334 moribus
1168 3269 1611 3334 Romanorum
1659 3269 1785 3334 vol.
1831 3269 1896 3333 Π
1942 3293 2003 3354 p.
2034 3270 2181 3353 334,
2227 3270 2339 3334 ubi
2387 3271 2465 3334 de
2511 3271 2772 3336 leonum
2819 3292 2996 3355 spec-

704 3376 938 3440 taculis
994 3376 1375 3441 testimonia
1429 3376 1712 3460 collegit.
1783 3374 2044 3440 Novum
2094 3378 2309 3440 autem
2366 3399 2482 3442 8110
2528 3380 2819 3460 tempore
2867 3398 2998 3440 cer-

705 3487 926 3548 tamen
985 3484 1306 3566 respicere
1361 3484 1625 3566 poetam
1679 3486 1976 3548 nostrum
2038 3482 2231 3546 Plinii
2293 3506 2484 3567 quem
2543 3484 2652 3547 ille
2707 3483 3002 3547 laudavit

703 3592 848 3657 loco
895 3613 956 3654 11.
986 3589 1048 3652 h.
1096 3589 1255 3654 VIII
1303 3590 1387 3653 53
1435 3589 1767 3672 probatur,
1813 3613 1938 3674 quo
1989 3589 2271 3653 ‘leonum
2317 3589 2510 3653 simul
2553 3589 2839 3674 plurium
2884 3613 2998 3674 pu-

705 3717 903 3781 gnam
969 3696 1215 3760 Romae
1280 3695 1616 3780 princeps'
1675 3694 1988 3760 Scaevola
2044 3695 2112 3759 P.
2159 3697 2202 3758 f.
2250 3692 2407 3779 (cos,
2456 3695 2613 3781 659)
2667 3696 2736 3759 in
2793 3696 3000 3760 curuli

707 3803 1068 3887 aedilitate,
1125 3807 1383 3867 centum
1442 3806 1659 3867 autem
1720 3787 2092 3866 iubatorum
2152 3800 2402 3885 primus
2465 3801 2754 3867 omnium
2818 3800 3000 3866 Sulla

705 3907 862 3993 (008.
911 3907 1067 3995 666)
1114 3908 1183 3972 111
1230 3912 1538 3992 praetura
1583 3909 1834 3972 dedisse
1879 3911 2199 3972 narratur.

894 4035 1017 4097 189
1068 4055 1157 4116 sq.
1205 4054 1413 4096 orcam
1461 4033 1539 4096 ad
1587 4036 1983 4097 tesserarum
2027 4033 2243 4097 lusum
2289 4033 2691 4098 referendam
2735 4038 2914 4117 puto,
2962 4056 3002 4096 a

666 4165 834 4226 ·quo
895 4140 1173 4206 talorum
1229 4139 1439 4204 iactus
1496 4139 1728 4203 differt.
1784 4163 1911 4224 qua
1965 4163 2032 4204 re
2090 4140 2200 4225 qui
2255 4140 2543 4223 loquitur
2590 4162 2676 4221 se,
2723 4139 2873 4202 dum
2929 4139 2997 4200 in

710 4247 987 4312 aliorum
1015 4245 1373 4311 Fortunam
1419 4251 1704 4311 mentem
1734 4247 2079 4330 oculosque
2127 4267 2471 4312 conversos
2518 4243 2835 4325 habuerit,
2881 4264 2998 4306 sua

708 4352 1064 4437 perdidisse
1110 4353 1288 4436 queri
1339 4353 1610 4418 videtur.
1688 4351 2140 4436 Septenarium
2186 4353 2510 4435 integrum
2559 4348 2804 4412 interim
2850 4348 2999 4411 dum
