3400 5075
663 321 836 377 xmv
912 306 918 313 ”
1548 316 2074 373 ‹Jouonmmvu

664 486 1101 569 recipiendum
1150 487 1266 548 est.
1342 484 1421 546 21
1474 480 1616 565 (45)
1661 483 1983 547 desuetudo
2031 502 2156 545 non
2201 486 2290 545 est
2322 481 2548 546 bonnm
2641 482 2969 546 senarium

663 593 851 656 haee:
888 591 1206 657 desuetudo
1233 610 1358 653 non
1389 590 1603 653 bonust
1629 589 1909 672 explent.
1985 588 2267 651 22246
2296 589 2405 668 qni
2440 589 2591 652 dare
2688 589 2969 652 23266

664 700 1032 780 interficitur
1120 697 1353 760 animis
1427 695 1755 759 242704
1830 694 2113 758 25274
2151 695 2323 776 apud
2350 695 2559 758 uisum
2642 694 2969 759 262705

668 806 946 870 27299
1006 807 1079 867 ut
1122 803 1175 866 T
1262 802 1588 867 282654
1634 805 1711 863 ut
1753 800 1806 863 T
1852 797 2016 883 (eune,
2062 820 2125 864 so
2170 802 2299 880 ipse
2343 799 2648 884 Meyerus
2695 802 2860 867 conl.
2907 801 2967 866 9.

671 913 770 976 11.
823 912 948 975 102
997 910 1143 994 syll.
1189 906 1427 995 Turio.)
1519 908 1848 971 292104
1894 910 1967 970 ut
2002 905 2055 969 Τ
2110 906 2429 970 ’30291
2471 928 2646 973 nemo
2684 931 2810 974 om.
2900 909 2971 972 in

660 1019 782 1099 ιονᾶ
850 1022 978 1081 tuto
1041 1013 1415 1102 (ingratuitu
1468 1013 1548 1096 Τ,
1604 1014 1716 1076 sed
1770 1014 1868 1077 uit
1910 1013 2191 1078 fortasse
2240 1035 2273 1074 e
2321 1011 2509 1099 corr.)
2643 1016 2972 1079 reuertitur

668 1123 995 1188 312655
1041 1143 1165 1186 osse
1198 1126 1428 1203 oportet
1569 1121 1901 1201 sumilieem
1958 1124 2031 1183 ut
2095 1119 2462 1183 coniecerat
2516 1120 2970 1186 Froehlichius

673 1229 997 1293 322656
1045 1229 1306 1311 effieyere
1332 1225 1609 1313 (effleyiri
1636 1227 1717 1313 T)
1742 1231 1941 1308 potest
1984 1246 2161 1308 quem
2206 1223 2291 1310 (si
2334 1224 2414 1311 Τ)
2460 1228 2704 1308 eulpam
2736 1229 2974 1310 penitet

673 1337 1024 1401 incuwisse.
1115 1334 1444 1418 Meyerus:
1509 1335 1624 1398 cito
1689 1334 1935 1414 milpam
1998 1332 2257 1415 effuyere
2307 1336 2452 1415 pote
2512 1354 2688 1413 quem-
2759 1335 2973 1415 eulpae

663 1444 940 1525 paenitet
1029 1441 1353 1506 332112
1415 1442 1489 1503 ut
1543 1440 1615 1523 T,
1670 1440 1783 1504 sed
1830 1441 2068 1504 rectius
2116 1441 2329 1504 dicunt
2416 1439 2767 1504 3426591
2801 1441 2971 1522 peri-

670 1603 803 1667 culo
850 1605 924 1665 ut
967 1602 1020 1665 T
1110 1602 1309 1683 querit
1354 1600 1646 1680 quicquid
1688 1559 1878 1683 (qdqil
1918 1599 1999 1687 Τ)
2090 1600 2387 1663 occultare
2439 1601 2746 1665 contendit
2800 1602 2874 1663 ut
2917 1599 2971 1664 Τ

674 1709 999 1774 352115
1045 1712 1119 1771 ut
1162 1706 1216 1770 Τ
1351 1706 1675 1769 362116
1732 1710 1806 1770 ut
1850 1706 1922 1790 T,
1980 1707 2090 1770 sed
2149 1711 2307 1771 totus
2452 1706 2731 1771 37286
2781 1710 2853 1771 ut
2897 1706 2968 1790 T,

672 1818 786 1880 sed
832 1817 901 1881 in
947 1816 1125 1878 exitu
1171 1813 1242 1875 ob
1286 1813 1554 1893 itt-ryatio
1598 1832 1756 1876 seno.
1803 1810 2253 1899 (Ambiguum,
2299 1816 2519 1878 utrum
2566 1814 2805 1877 rectius
2854 1815 2968 1877 sit:

673 1924 936 1988 erudelis
981 1925 1051 1985 in
1096 1941 1163 1983 re
1207 1919 1472 1981 aduersa
1517 1923 1606 1982 est
1650 1942 1735 1983 an
1790 1940 1835 1983 c.
1891 1924 1979 1984 est
2032 1922 2103 1984 in
2147 1942 2214 1985 re
2250 1916 2543 2004 aduersa)
2643 1920 2728 1984 38
2745 1920 2966 1985 2657

673 2033 747 2093 ut
791 2029 844 2092 T
936 2026 1258 2099 3Q=658
1307 2024 1465 2088 Cum
1508 2025 1762 2088 inimico
1816 2027 2081 2108 iynoseis
2133 2028 2364 2090 amicos
2409 2028 2611 2108 ⁴(fratis
2656 2028 2973 2108 conplures

672 2135 956 2217 adquiris
1009 2137 1083 2197 ut
1136 2132 1216 2213 T,
1271 2130 1401 2194 nisi
1448 2130 1617 2213 quod
1664 2130 1791 2215 hie,
1840 2132 2021 2196 cuius
2069 2134 2393 2217 scriptura
2439 2132 2507 2195 in
2554 2132 2971 2197 adnotatione

674 2266 821 2329 mea
868 2264 1022 2306 casu
1066 2238 1286 2304 nescio
1334 2260 1459 2321 quo
1507 2238 1764 2321 excidit,
1808 2240 2045 2303 amicus
2089 2239 2306 2304 habet.
2441 2239 2719 2304 40=97
2784 2244 2858 2303 ut
2901 2240 2972 2323 T,

675 2350 787 2414 sed
831 2349 1133 2413 multatur
1258 2344 1582 2408 412659
1630 2347 1705 2409 ut
1749 2345 1804 2409 T
1934 2346 2260 2410 422125
2306 2349 2380 2409 ut
2424 2344 2495 2427 T,
2542 2346 2651 2409 sed
2700 2352 2766 2409 tu
2811 2348 2973 2410 otius

675 2455 995 2520 432127
1063 2458 1137 2517 ut
1198 2452 1278 2536 T,
1343 2451 1453 2516 sed
1504 2452 1794 2534 poenitus
1926 2452 2252 2517 442660
2315 2455 2390 2515 ut
2451 2450 2504 2513 T
2640 2453 2967 2516 452706

674 2564 996 2628 462661
1055 2565 1129 2626 ut
1180 2560 1260 2644 T,
1313 2583 1469 2625 nam
1522 2561 1863 2625 dinoscitur
1915 2563 2203 2644 uterque.
2293 2560 2375 2623 47
2427 2557 2676 2641 Diynus
2727 2580 2789 2622 es
2833 2561 2971 2623 odio

675 2692 814 2735 oum
870 2675 979 2733 tua
1030 2669 1322 2750 reliyione
1376 2668 1485 2750 qui
1541 2668 1775 2731 nodum
1836 2668 1909 2730 in
1970 2670 2168 2749 soitpo
2232 2666 2435 2747 queris
2498 2662 2831 2750 (corrupta
2895 2689 2972 2729 ex

676 2776 964 2840 Terentii
1010 2773 1260 2839 Andria
1317 2797 1374 2838 v.
1439 2774 1570 2838 940
1632 2770 1747 2860 sq.)
1882 2773 2207 2838 482662
2263 2776 2336 2834 ut
2398 2772 2477 2854 T,
2542 2772 2652 2836 sed
2715 2774 2974 2854 reperies

676 2884 860 2947 49=
884 2882 1007 2946 157
1055 2881 1321 2963 Eripere
1363 2882 1530 2944 iram
1575 2878 1785 2961 officia
1828 2901 1955 2944 non
1998 2899 2325 2962 suyyerere.

852 2987 1129 3071 Reliqua
1185 2987 1417 3050 desunt
1472 2986 1541 3049 in
1596 2985 1991 3052 Monacensi.
2086 2985 2404 3050 Secuntur
2458 2985 2526 3049 in
2578 2986 2974 3052 Turioensi

675 3096 863 3160 haec:
911 3094 1253 3159 50=663.
1309 3093 1667 3175 ignorantia
1720 3093 1809 3157 e'st
1839 3093 2163 3175 profunda
2208 3093 2438 3156 iae'soire
2481 3091 2589 3155 ubi
2620 3092 2973 3174 pecco-ueris

676 3256 978 3340 Meyerus
1080 3254 1403 3318 512707
1507 3251 1833 3316 522174
1882 3252 2137 3332 facetius
2229 3253 2399 3334 [τιθεῖ
2488 3251 2817 3317 532664
2860 3274 2974 3333 que

683 3362 1065 3447 compendio
1112 3381 1176 3442 q:
1225 3359 1542 3442 seriptum
1602 3359 1717 3423 bis.
1854 3360 2177 3424 542176
2315 3358 2637 3424 552178
2684 3360 2973 3423 attroeior

677 3466 731 3554 (t
773 3490 867 3551 pr.
916 3465 1105 3552 erae.)
1198 3466 1525 3530 562184
1616 3466 1939 3529 572179
2025 3465 2351 3531 582665
2379 3467 2625 3530 Fron-us
2719 3466 2974 3545 frenos

676 3576 974 3658 inponit
1046 3574 1354 3655 linquae
1427 3574 1882 3638 conscientia
1944 3571 2247 3656 Meyerus
2309 3577 2500 3636 reete.
2646 3571 2970 3636 592196

679 3681 1005 3747 602200
1078 3680 1401 3744 612666
1479 3680 1800 3743 622667
1871 3679 2193 3743 632708
2261 3678 2583 3743 642215
2649 3679 2973 3743 652226

679 3842 1005 3907 662214
1079 3841 1404 3905 672204
1478 3839 1804 3904 682709
1880 3825 2204 3903 692250
2249 3841 2575 3904 renwdiom
2651 3839 2969 3904 7o=251

681 3948 1003 4012 712242
1079 3947 1402 4010 722235
1479 3946 1803 4009 732240
1870 3944 2191 4010 742238
2262 3946 2582 4010 752243
2653 3945 2973 4010 762246

682 4054 1006 4119 772264
1083 4053 1401 4118 782297
1482 4052 1804 4116 792668
1872 4051 2197 4116 802310
2262 4053 2584 4116 812309
2652 4049 2973 4117 822333

683 4160 1008 4226 832366
1043 4160 1278 4242 penitet
1350 4159 1696 4242 84=app.
1727 4158 1885 4244 2813
1928 4155 2103 4222 hunc
2150 4180 2403 4242 quoque
2451 4182 2567 4223 suo
2615 4159 2759 4222 loco
2806 4158 2977 4220 inter

677 4322 1057 4387 Turieenses
1106 4319 1456 4384 inseruisse
1504 4319 1736 4383 melius
1775 4322 1931 4382 erat.
2025 4319 2345 4385 852669
2441 4315 2765 4382 862380
2811 4271 2973 4397 (ἑνί-
