3400 5075
1264 276 1792 331 COROLLARIVM
2469 280 2672 334 XLVII

358 441 733 506 Laberium
770 461 890 503 nec
928 438 1285 503 Publilium
1330 441 1625 521 sapimtis
1660 447 1876 521 poetae
1921 441 2110 505 laude
2152 441 2507 525 extulisset,
2557 466 2682 525 qua

363 570 531 611 cum
599 569 753 630 prae
821 546 970 609 aliis
1016 545 1302 610 Ennium
1368 569 1555 610 suum
1602 547 1942 630 inpertiat,
1996 569 2077 611 ne
2130 546 2368 612 Naevii
2423 549 2683 631 quidem

364 660 491 716 aut
545 651 811 716 Caecilii
868 653 1196 734 sapiensser
1242 653 1431 717 dicta
1475 657 1862 736 aspernatus
1910 657 2026 717 est.
2118 654 2338 736 itaque
2397 654 2682 718 alienum

364 783 408 823 a
481 761 687 824 mimo
752 759 964 823 habeo
1020 758 1096 821 fr.
1154 757 1361 822 LXII:
1420 759 1656 841 respici
1724 764 1940 823 aussem
2000 783 2039 822 a
2096 757 2404 824 Cicerone
2468 761 2679 823 81111116

366 867 600 930 Plauti
630 866 804 929 Trin.
834 865 963 927 363
1009 864 1253 929 (11616111
1302 864 1476 928 ‘nam
1515 866 1777 949 sapiens
1817 867 2074 950 quidem
2114 866 2224 949 pol
2262 867 2443 949 ipsus
2491 867 2681 950 fingit

364 971 712 1035 fortunam
760 969 921 1034 sibi’
966 971 1325 1035 recssissime
1372 972 1640 1054 negavit
1683 971 2099 1036 Ritsehelius.

563 1076 762 1141 Suum
820 1078 945 1141 sibi
1000 1081 1338 1161 praeterea
1384 1078 1599 1141 locum
1646 1079 1982 1161 postulant
2027 1078 2357 1158 proverbia
2403 1083 2468 1141 et
2513 1079 2678 1142 dicta

356 1185 736 1266 popzdaria,
792 1206 954 1267 quae
1002 1189 1275 1266 possunt
1318 1185 1420 1247 vel
1470 1185 1552 1248 ab
1610 1185 1758 1267 ipsa
1804 1206 2040 1251 scaena
2095 1185 2165 1249 in
2211 1184 2391 1269 vngi
2439 1208 2676 1249 memo-

367 1291 548 1353 riam
615 1295 808 1373 atque
870 1313 942 1354 68
1009 1291 1248 1354 abiisse
1305 1290 1408 1354 vel
1464 1291 1604 1353 vice
1664 1312 1852 1355 versa
1909 1312 1941 1352 e
2006 1291 2232 1374 populi
2297 1313 2591 1355 sermone
2639 1316 2679 1355 a

368 1397 698 1460 scaenicis
742 1396 954 1479 poefis
1012 1397 1357 1479 adsumpta
1414 1400 1479 1459 et
1524 1397 1592 1460 in
1637 1419 1941 1461 numeros
1988 1398 2251 1461 redacta
2295 1399 2395 1482 (ut
2431 1398 2674 1461 Plauti-

366 1525 537 1566 num
583 1501 745 1566 illud
792 1503 861 1565 in
908 1504 1081 1566 cives
1127 1503 1461 1567 inmoenes
1508 1503 1680 1567 Trin.
1728 1504 1858 1568 350
1906 1503 2068 1591 sqq.)
2115 1504 2216 1568 vel
2270 1526 2303 1567 e
2351 1509 2676 1569 certorum

368 1613 739 1691 auctorum,
783 1614 1123 1691 poessarum
1172 1632 1423 1692 quoque
1473 1610 1734 1692 scriptis
1790 1632 1828 1673 a
1884 1610 2351 1674 recentioribus
2401 1612 2677 1692 repetita

366 1717 478 1779 vel
533 1715 694 1778 adeo
743 1716 1138 1780 carminibus
1188 1738 1226 1779 a
1271 1717 1492 1781 1168616
1540 1738 1666 1799 quo
1726 1719 1876 1798 apte
1934 1716 2265 1798 conclusa,
2321 1738 2674 1800 numquam

366 1828 601 1885 tamen
648 1822 730 1885 ab
778 1823 912 1886 ullo
959 1826 1156 1905 poessa
1204 1821 1501 1885 adhibita
1546 1823 1765 1886 fuisse.
1859 1822 1914 1885 81
1972 1835 2136 1906 quae
2184 1826 2400 1886 autem
2446 1827 2674 1906 poetas

369 1933 681 1992 auctores
729 1929 996 2011 habent,
1057 1932 1208 1992 sunt
1251 1933 1511 2011 praeter
1559 1929 1889 1993 scaenicos
1939 1929 2052 1993 alii
2101 1929 2343 1993 eisdem
2386 1931 2674 1994 numeris

366 2037 506 2118 1181,
584 2036 761 2098 velut
830 2034 1136 2098 LuciliuS.
1226 2035 1369 2098 Iam
1436 2040 1507 2098 ut
1569 2036 1744 2099 Livii
1805 2036 2156 2100 Andronici
2215 2041 2384 2100 vetus
2445 2038 2673 2101 dictum

369 2140 461 2221 (v.
502 2140 572 2227 8)
620 2141 957 2204 Terentius
1002 2163 1134 2205 non
1179 2141 1517 2204 nominato
1566 2145 1829 2206 auctore
1876 2143 2073 2206 militi
2121 2165 2237 2206 suo
2284 2144 2534 2227 tribuit,
2579 2145 2674 2207 ita

368 2248 626 2311 verbum
668 2253 834 2311 vetus
882 2270 921 2309 a
967 2247 1199 2311 Plauto
1246 2247 1582 2310 laudatum
1629 2247 1801 2310 inter
1847 2248 2218 2313 comoediae
2265 2250 2477 2312 frusta
2523 2247 2672 2335 (inc.

369 2354 501 2417 inc.
548 2354 678 2416 fab.
725 2352 994 2440 LXXX)
1042 2354 1428 2417 rettulimus».
1514 2353 1738 2417 Etiam
1788 2354 2105 2418 Graecum
2154 2356 2516 2437 exemplum
2566 2357 2672 2421 ad·

372 2459 505 2523 huc
554 2463 733 2523 exssat
779 2460 914 2523 eius
964 2459 1231 2544 86116111,
1268 2470 1460 2544 quem
1506 2481 1651 2523 cum
1700 2459 1858 2524 olim
1902 2460 2075 2524 inter
2120 2458 2270 2542 Syri
2318 2462 2672 2526 sententias

373 2567 716 2650 ediderim,
771 2567 1193 2630 Woelfflinus
1242 2566 1322 2629 ad
1369 2567 1625 2649 spurias
1673 2567 1995 2650 reiecerst,
2041 2588 2210 2630 nunc
2268 2589 2388 2652 ego
2445 2569 2515 2633 in
2562 2592 2672 2652 ap-

374 2674 648 2756 pendice
697 2674 1167 2738 sententiarum
1214 2696 1271 2736 v.
1324 2674 1400 2736 17
1410 2674 1447 2738 8
1494 2674 1712 2757 posui:
1758 2676 1947 2737 amici
1991 2694 2187 2738 mores
2230 2675 2494 2752 navaie,
2547 2696 2673 2739 non

372 2782 591 2845 oderis.
664 2779 1022 2844 translatus
1064 2783 1281 2844 autem
1311 2783 1412 2842 est
1439 2779 1755 2843 barbarus
1803 2781 2173 2864 11618166168,
2220 2780 2277 2843 81
2303 2780 2671 2845 Nauckium

376 2887 734 2971 sequimur,
794 2909 832 2956 „e
900 2890 1205 2968 corrupsso
1270 2884 1545 2971 Graeco;
1610 2908 2031 2971 quamquam,
2097 2888 2151 2951 81
2211 2891 2348 2950 tam
2411 2888 2670 2972 ineptus

374 2999 568 3078 esset,
617 2997 690 3056 ut
734 2992 834 3056 illi
882 2992 1162 3074 videtur,
1216 2992 1455 3056 mirum
1502 2996 1673 3055 esset
1719 2993 1888 3075 quod
1944 2997 2166 3057 ssamen
2220 2994 2392 3077 apud
2439 2995 2670 3079 vulgus

376 3101 444 3163 in
490 3099 907 3182 proverbium
965 3099 1145 3163 abiit.
1237 3102 1311 3162 111,
1364 3098 1525 3162 mihi
1576 3097 1944 3166 Schenkelii
1999 3097 2261 3185 (Philol.
2308 3099 2464 3164 XXI
2511 3101 2670 3182 545)

375 3206 748 3270 coniectura
811 3205 1024 3289 magis
1090 3206 1375 3288 placeat,
1440 3227 1568 3287 qua
1625 3228 1657 3267 6
1711 3203 1966 3271 Latinis
2017 3206 2264 3271 Graeca
2317 3207 2521 3289 faeta,
2587 3208 2669 3270 ab

377 3312 525 3375 aliis
585 3316 800 3375 autem
848 3316 1078 3393 postea
1125 3311 1380 3375 variata
1424 3311 1626 3375 fuisse
1684 3313 2009 3376 statuitur.
2084 3313 2442 3395 dicissurque
2498 3314 2668 3396 apud

375 3417 773 3483 antonem
822 3412 860 3499 ἡ
907 3417 1044 3480 τῶν
1081 3411 1427 3501 Ῥωμαίων
1462 3420 1803 3501 παροιμία.
1857 3419 2076 3500 itaque
2115 3419 2184 3482 in
2221 3418 2497 3500 palliata
2532 3420 2669 3502 qui-

377 3524 541 3607 dem,
588 3527 663 3587 ut
706 3544 869 3607 quae
918 3545 951 3586 e
984 3523 1249 3588 Graecis
1298 3523 1576 3606 pendeat
1622 3523 2015 3605 auctoribUS‚
2061 3523 2382 3589 versiculo
2429 3525 2528 3589 illi
2575 3525 2667 3589 lo-

376 3652 523 3693 cum
588 3615 936 3694 concedere
1003 3651 1196 3693 ausus
1260 3653 1394 3695 non
1458 3653 1628 3714 sum,
1694 3652 1884 3713 quem
1950 3631 2149 3694 essiam
2223 3652 2393 3695 nunc
2459 3630 2667 3694 senssio

376 3735 818 3800 Publilianum
891 3737 1304 3819 potissimum
1379 3736 1661 3801 colorem
1734 3758 1890 3819 prae
1956 3758 2024 3800 86
2095 3736 2281 3802 ferre.
2372 3738 2536 3801 Item
2604 3742 2669 3800 et

379 3841 696 3906 Graecam
746 3846 812 3905 et
857 3842 1161 3906 Latinam
1221 3842 1502 3908 formam
1548 3842 1886 3926 popularis
1933 3842 2091 3906 dicti
2136 3843 2314 3907 illius
2361 3848 2670 3927 bellemus7

376 3948 548 4031 quod
610 3948 940 4012 Arnobius
1006 3948 1146 4012 adv.
1192 3950 1491 4013 nationes
1540 3947 1618 4011 V.
1656 3949 1740 4011 21
1808 3948 1912 4012 his
1975 3951 2191 4014 verbis
2255 3951 2669 4014 memoravit:

377 4052 741 4129 ε6661361661
789 4055 1030 4138 aliquis
1078 4055 1476 4118 desiderabit
1521 4055 1631 4118 rei.
1716 4059 1856 4118 tum
1911 4056 2097 4119 illum
2153 4056 2499 4120 citabimus
2547 4055 2665 4118 Ta-

377 4159 700 4224 rentinum
744 4164 1096 4244 notumque
1146 4162 1500 4244 senarium,
1555 4182 1748 4244 quem
1796 4162 2151 4246 antiquissas
2200 4162 2377 4226 canit
2422 4161 2666 4224 dicens:

376 4255 595 4331 tamis
653 4267 979 4331 draconem
1037 4270 1252 4349 yenuit
1312 4274 1370 4331 et
1433 4273 1684 4332 taurum
1746 4267 1997 4345 draco;'
2069 4267 2276 4331 Iulius
2341 4265 2664 4332 Firmieus
