3400 5075
1294 313 1583 370 COROLL
1594 316 1825 369 ARIVM
2623 318 2697 370 IX

388 478 580 542 Trin.
617 478 789 541 1099
838 478 950 541 sed
998 476 1140 561 quis
1188 478 1378 541 istest
1422 484 1569 541 tuos
1618 479 1930 542 ornatus?
1979 475 2011 538 ss'
2058 500 2177 563 ego
2226 479 2438 541 dicam
2485 479 2625 543 tibi.

390 585 548 649 Ter.
599 586 799 648 Andr.
848 585 979 648 375
1034 582 1185 668 quid
1240 584 1445 669 igitur
1501 585 1626 648 sibi
1686 585 1824 649 volt
1885 586 2113 668 pater?
2175 607 2338 668 quor
2393 585 2706 648 simulat?

592 690 621 759 1(
674 713 794 775 ego
842 691 1053 754 dicam
1102 692 1241 755 tibi.

398 799 553 861 Ter.
585 797 839 880 adelph.
869 798 998 861 646
1036 797 1163 860 huc
1193 798 1580 861 advocatum
1611 797 1755 860 sibi.
1796 800 1827 873 Ιῖ
1864 798 2062 880 quid?
2102 797 2130 868 ΙΓ
2173 818 2293 881 ego
2324 797 2534 860 dicam
2568 798 2706 861 tibi.

398 904 553 967 Ter.
595 904 848 986 adelph.
887 904 1018 967 985
1064 904 1232 986 qu6d
1280 902 1697 986 prolubium?
1754 926 1918 988 quae
1974 904 2178 967 istaec
2235 904 2521 967 subitast
2581 905 2703 967 lar-

595 1010 814 1094 gitas?
862 1011 895 1081 ss'
940 1010 1151 1074 dicam
1198 1010 1339 1073 tibi.

403 1116 556 1179 Ter.
600 1116 792 1179 Andr.
832 1116 961 1179 323
1011 1118 1231 1180 vereor
1278 1117 1515 1180 dicere.
1562 1115 1713 1179 huic
1760 1116 1863 1179 dic
1909 1114 2706 1201 quaeSO,B551-ria.ss'ego

594 1221 824 1285 dicam.
871 1221 904 1291 [Γ
947 1222 1100 1305 quid
1147 1224 1287 1285 est?

352 1388 365 1398 ‚
406 1328 609 1411 Epid.
647 1326 679 1390 I
724 1330 778 1408 1,
816 1329 899 1391 68
948 1328 1101 1411 quid
1146 1329 1285 1392 ita?
1335 1332 1364 1403 ff
1412 1329 1731 1393 dicam..

406 1435 580 1497 Rud.
618 1434 744 1496 901
797 1433 944 1516 quid
991 1434 1281 1519 negotist
1326 1436 1537 1516 mode,
1584 1433 1740 1498 dice.
1789 1438 1822 1508 ss'
1867 1436 2098 1517 dicam⁷
2145 1441 2305 1501 tace.

402 1542 558 1604 Ter.
594 1541 886 1605 hautont.
925 1543 1057 1605 200
1102 1542 1257 1625 quid
1295 1545 1432 1605 tute
1472 1541 1729 1605 tecum?
1778 1541 1810 1610 [Γ
1846 1541 2074 1605 dicam.
2121 1547 2195 1605 ut
2230 1547 2303 1605 ut
2331 1547 2490 1624 erat,
2529 1566 2704 1608 man-

596 1669 737 1709 sum
777 1652 995 1710 tamen
1045 1648 1352 1731 oportuit.

402 1752 569 1816 ibid.
606 1754 735 1817 598
785 1753 938 1816 cedo
985 1754 1140 1837 quid
1186 1755 1330 1817 est?
1377 1755 1408 1826 [Γ
1455 1751 1704 1817 Dicam.
1751 1750 1862 1835 (cf.
1899 1752 2073 1835 317).

596 1859 910 1923 Omnibus
951 1864 1166 1924 autem
1214 1865 1472 1943 praeter
1510 1858 1919 1923 Cistellariae
1962 1859 2175 1922 locum
2216 1861 2550 1943 exempliS‚
2595 1863 2703 1926 ubi

406 1988 517 2047 eyo
573 1967 777 2029 dicam
838 1966 948 2029 cibe:
1009 1966 1276 2049 legitur,
1335 1988 1438 2048 eqo
1502 1988 1861 2048 pronomen
1927 1965 2074 2027 addi
2152 1988 2380 2031 versus
2453 1968 2706 2052 flagita-

414 2073 542 2153 vit,
604 2072 809 2135 vetuit
867 2072 1038 2135 idem
1101 2072 1354 2156 adelph.
1402 2072 1558 2155 985,
1606 2073 1718 2135 ubi
1764 2074 1968 2136 dicam
2015 2072 2125 2136 tibi
2184 2074 2465 2137 scribere
2513 2079 2709 2157 poeta

412 2184 519 2241 sat
579 2178 827 2241 habuit.
902 2178 1061 2241 alibi
1118 2202 1262 2243 cum
1320 2180 1520 2271 etiam·
1574 2178 1816 2241 nudum
1872 2179 2076 2242 dicam
2126 2179 2227 2243 vel
2275 2180 2527 2260 eloquar
2575 2182 2705 2244 suf-

405 2285 668 2365 fecerit,
732 2306 849 2366 pro
906 2285 1250 2368 gravitatis
1298 2287 1429 2367 vel,
1493 2257 1567 2349 ut
1621 2284 1919 2348 Donatus
1970 2285 2049 2347 ad
2105 2285 2246 2349 Ter.
2287 2286 2540 2370 adelph.
2578 2288 2706 2351 646

411 2391 540 2471 ait,
594 2386 939 2473 ἐμφάσεως
985 2393 1322 2456 cuiusdam
1378 2391 1640 2455 modulo
1698 2391 1961 2454 uberius
2010 2391 2230 2473 modO,
2292 2392 2482 2455 modo
2531 2414 2705 2475 pres-

410 2498 553 2561 sius
608 2496 859 2562 locutos
920 2499 1120 2563 fuisse
1177 2502 1682 2564 consentaneum
1743 2499 1857 2560 est.
1948 2500 2174 2560 nostro
2240 2498 2498 2582 quidem
2563 2498 2707 2564 loco

414 2627 550 2669 non
587 2608 687 2667 est
730 2626 845 2668 cur
888 2627 990 2686 690
1037 2605 1489 2670 desideremus

609 2711 688 2774 13
749 2709 847 2774 Of.
886 2711 1005 2775 Ed.
1045 2711 1296 2776 Becker
1340 2713 1410 2777 in
1458 2711 1766 2776 addendis
1815 2711 1896 2774 ad
1952 2711 2168 2774 studia
2221 2711 2708 2794 philologorum

414 2817 1070 2900 Argentoratensium
1118 2822 1379 2883 auctore
1429 2817 1870 2882 Studemundo
1917 2817 2091 2880 edita
2136 2817 2168 2880 I
2214 2840 2274 2899 p.
2313 2818 2460 2880 316.

597 2920 786 3004 Sere,
847 2945 993 2987 cum
1058 2924 1125 2987 in
1193 2946 1535 3008 operarum
1602 2923 1903 2987 manibus
1970 2923 2351 2987 schedarum
2419 2946 2709 2988 mearum

415 3051 570 3113 pars
626 3032 1020 3111 versaretur,
1074 3029 1275 3095 Nonii
1331 3030 1661 3112 exemplar
1718 3051 1757 3091 a
1803 3029 2219 3104 Quicheratio
2277 3034 2569 3094 curatum
2628 3033 2708 3094 ad

416 3158 521 3200 me
582 3136 905 3218 pervenit:
966 3158 1359 3219 quamquam
1414 3159 1531 3200 nec
1591 3135 1908 3199 librorum
1966 3159 2227 3200 suorum
2284 3158 2402 3199 nec
2460 3137 2706 3220 ingenii

416 3248 553 3306 tam
610 3241 967 3325 exquisitos
1021 3242 1132 3307 ille
1180 3243 1431 3308 fructus
1479 3240 1706 3325 edidit,
1761 3245 1834 3305 ut
1880 3242 1973 3306 eis
2021 3265 2123 3305 me
2181 3242 2464 3305 caruisse
2511 3243 2707 3306 nimis

416 3369 610 3433 aegre
675 3347 956 3413 tulerim.
1046 3354 1267 3414 tamen
1330 3351 1604 3413 lectores
1662 3371 1744 3412 ne
1809 3347 1962 3431 quid
2023 3347 2414 3429 desiderent,
2475 3349 2708 3412 addam

415 3477 581 3538 quae
632 3455 949 3519 memoria
984 3478 1115 3520 non
1161 3457 1353 3538 plane
1391 3455 1660 3540 indigna
1698 3476 1839 3517 esse
1877 3453 2239 3515 videantur:
2284 3453 2432 3516 inde
2473 3477 2511 3515 a
2549 3455 2707 3518 folio

414 3562 551 3625 fere
601 3561 880 3644 septimo
934 3562 1240 3645 pleraque
1287 3561 1355 3626 in
1408 3562 1623 3644 ipsum
1681 3557 2220 3624 commentarium
2267 3558 2564 3623 criticum
2612 3559 2707 3623 in-

416 3667 609 3731 serui.
699 3666 914 3749 Atque
973 3667 1042 3731 in
1102 3690 1158 3732 v.
1212 3669 1290 3732 16
1350 3669 1605 3732 oratiost
1660 3666 1906 3728 habent
1958 3663 2348 3729 Harleianus
2411 3668 2478 3728 et
2528 3665 2708 3730 Pari-

422 3773 605 3836 sinus
649 3771 718 3835 P.

595 3877 862 3961 Affella
932 3877 1196 3942 titulum
1270 3879 1577 3962 probavit
1639 3878 2018 3942 Krahnerus
2103 3875 2447 3962 (Varronis
2495 3879 2709 3944 ‘Curio

414 4008 478 4068 p.
513 3982 625 4069 23)
662 3982 1049 4049 Iudaeorum
1098 3984 1476 4049 inrisionem
1515 3985 1777 4049 fabulae
1815 3984 2088 4049 infuisse
2128 3986 2513 4068 suspicatus
2586 3986 2714 4049 fuit

414 4090 529 4174 qui
574 4089 897 4171 Appulam
941 4090 1482 4173 interpretaretur
1528 4091 1834 4173 Apellam.

604 4196 701 4259 19.
761 4197 862 4259 Ad
912 4197 1160 4280 Aquilii
1209 4220 1285 4261 ex
1341 4197 1619 4262 Boeotia
1664 4194 1749 4280 (v.
1795 4194 1858 4281 1)
1915 4197 2279 4278 exemplum
2324 4198 2576 4278 primus
2629 4219 2708 4260 ne

417 4302 668 4369 scribas
715 4307 932 4367 vetare
990 4302 1243 4367 videtur
1298 4303 1649 4387 singularis
1695 4289 1973 4386 caelum,
2029 4325 2155 4386 quo
2213 4303 2418 4367 multo
2477 4301 2708 4366 melius
