3400 5075
571 272 801 327 LXVIII
1443 267 1973 322 COROLLARIVM

571 458 693 520 ego
722 435 981 519 quidem
1013 434 1309 497 altiorem
1358 432 1596 516 poetici
1637 431 1950 495 sermonis
1990 431 2288 514 spiritum
2329 431 2398 493 in
2426 430 2643 495 Ovidii
2691 435 2861 493 certe

570 544 728 607 10013
777 542 1012 605 30111110
1058 536 1337 623 nequeo]

754 650 873 712 111
910 670 999 731 sq.
1045 646 1247 710 Recte
1286 636 1508 711 monet
1545 644 1621 709 A.
1649 645 1865 709 Luchs
1914 644 2075 709 stud.
2116 643 2150 707 I
2189 644 2271 708 69
2320 666 2447 708 11110
2495 644 2862 727 septenario

570 755 1008 822 concludenda
1055 776 1219 835 esse,
1279 757 1354 816 ut
1400 754 1604 816 exitus
1653 753 1771 815 fiat
1814 750 1945 814 his:
1991 750 2178 813 datur
2222 750 2381 812 mihi
2425 752 2862 814 eusmzie'ndus.

570 861 934 927 Coniuncta
1006 862 1210 941 itaque
1280 860 1430 923 tideo
1505 859 1572 922 in
1634 858 1922 922 Terentii
1987 856 2123 920 hee.
2173 858 2295 919 201
2370 860 2544 920 311111;
2612 856 2862 940 ‘itaque

570 969 730 1033 adeo
776 992 905 1032 uno
955 968 1172 1030 animo
1222 967 1440 1029 01111103
1488 987 1706 1028 socrus
1757 961 1991 1043 [omnis
2040 966 2212 1041 suas]
2263 964 2536 1026 oderunt
2580 962 2817 1027 nurus'.

569 1075 818 1138 Ludere
875 1078 1135 1157 poetam
1192 1096 1246 1136 v.
1302 1073 1426 1134 112
1481 1072 1550 1134 111
1603 1070 1976 1134 nominibus
2038 1069 2233 1150 Tyria
2288 1066 2526 1153 (maria
2582 1067 2744 1153 3011.)
2800 1072 2866 1131 01

574 1181 857 1244 Tim-ium
922 1176 1255 1263 (Tillium)
1322 1202 1367 1242 3.
1432 1178 1730 1260 Tyrre‘um
1795 1201 1842 1241 3.
1902 1175 2214 1239 Thuri-um
2278 1200 2324 1239 s.
2390 1176 2656 1239 Turium
2719 1197 2863 1239 cum

570 1290 821 1351 certum
859 1286 1173 1367 videatur,
1219 1306 1299 1347 ne
1348 1306 1422 1347 ex
1462 1285 1676 1367 priore
1726 1283 1983 1366 quidem
2022 1304 2212 1345 versu
2247 1282 2369 1345 109
2420 1282 2702 1345 eiusdem
2750 1281 2862 1345 ho-

572 1393 763 1457 minis
808 1413 1063 1473 nomen,
1110 1391 1573 1474 qualecumque
1620 1390 1880 1473 quidem
1924 1388 2070 1470 fuit,
2117 1388 2350 1470 expelli
2396 1388 2566 1450 licet.
2617 1387 2866 1451 Tirrius

570 1520 968 1583 praenomen
1017 1497 1188 1580 apud
1235 1496 1688 1560 Praenestinos
1739 1495 2005 1558 exhibet
2049 1494 2275 1557 titulus
2305 1491 2757 1557 Praenestinus
2803 1515 2863 1556 11.

574 1607 659 1670 53
708 1607 777 1670 in
826 1605 1074 1688 ephem.
1114 1605 1314 1688 epigr.
1361 1603 1390 1666 I
1442 1626 1500 1685 p.
1540 1603 1643 1666 20.
1709 1600 2010 1664 Ceterum
2057 1601 2433 1663 incohatam
2479 1599 2863 1662 sententiam

572 1714 664 1777 310
738 1711 1075 1794 intellego:
1152 1709 1398 1774 ‘maria
1445 1709 1648 1791 Tyria
1703 1707 1980 1790 conciet,
2044 1710 2114 1770 ut
2168 1706 2338 1769 hunc
2394 1704 2679 1769 'l'irrium
2745 1706 2861 1768 cir-

572 1819 916 1883 cumducat
971 1815 1339 1880 fraudibus'
1409 1816 1513 1879 vel
1577 1814 2041 1897 qualecumque
2105 1813 2372 1875 verbum
2437 1812 2865 1895 supplendum

570 1929 685 1991 031.
748 1923 1050 2007 Ineptum
1082 1926 1180 1987 est
1224 1922 1395 2006 quod
1439 1921 1568 1984 fuit
1613 1922 1724 2005 qui
1771 1920 2118 1984 coniceret:
2163 1920 2235 1983 in
2279 1921 2504 1982 Μανία.

755 2031 882 2093 120
927 2029 1179 2092 iactabit
1220 2026 1589 2092 Passeratio
1638 2026 1924 2090 debetur.

758 2137 883 2199 122
950 2134 1402 2219 Septenarium
1468 2133 1871 2197 trochaicum
1938 2133 2128 2196 initio
2195 2154 2497 2195 mancum
2563 2183 2575 2196 .
2624 2183 2638 2195 .
2704 2134 2868 2196 tace!

561 2244 784 2326 pue'lla
829 2264 954 2306 non
998 2262 1137 2305 sum
1183 2263 1235 2304 e.
1282 2263 1340 2324 q.
1388 2266 1434 2303 s.
1483 2238 1958 2304 Studemundus
2008 2238 2432 2302 commendat.

757 2349 879 2412 137
935 2346 1086 2412 Non
1132 2346 1558 2410 dubitandum
1605 2346 1763 2428 quin
1819 2367 1965 2407 cum
2021 2344 2294 2427 imperio
2354 2345 2695 2409 amittatur
2741 2369 2866 2409 ser·

574 2480 718 2541 vus,
783 2454 895 2518 ubi
943 2454 1126 2518 solet
1189 2475 1342 2518 sane
1407 2452 1588 2535 sequi
1641 2451 1979 2535 negotium
2044 2451 2432 2534 imperativo
2493 2452 2868 2536 inpositum,

576 2586 627 2627 e.
675 2585 727 2626 0.
775 2561 912 2625 ‘abi
955 2566 1049 2637 tu,
1097 2561 1445 2641 cistellam,
1491 2557 1793 2641 Pythiae,
1850 2556 2042 2622 domo
2102 2555 2305 2622 ecfer'
2362 2557 2501 2622 Ter.
2548 2582 2688 2623 eun.
2740 2560 2865 2623 753

574 2665 682 2752 (cf.
729 2667 877 2732 538.
929 2667 1053 2730 763
1101 2666 1279 2729 haut.
1310 2667 1439 2730 804
1487 2663 1742 2747 adelph.
1771 2663 1898 2727 917
1947 2663 2209 2729 Phorm.
2246 2665 2394 2729 445.
2427 2663 2601 2750 712),
2648 2664 2864 2729 Plauti

576 2774 905 2857 Amphitr.
958 2773 1127 2835 1126
1175 2771 1316 2836 ‘abi
1363 2771 1655 2852 domum,
1712 2770 1860 2833 iube
1916 2793 2074 2834 vasa
2118 2793 2281 2853 pura
2345 2774 2635 2835 actutum
2683 2773 2865 2836 ador-

574 2881 720 2943 nari
776 2877 971 2942 mihi’
1033 2874 1150 2962 (cf.
1198 2878 1327 2941 353
1377 2875 1562 2940 Cure.
1600 2877 1733 2940 255
1781 2877 1914 2939 mil.
1953 2877 2099 2941 255.
2143 2878 2290 2940 394.
2330 2876 2513 2962 535);
2572 2878 2680 2941 sed
2737 2901 2862 2942 non

575 2985 1010 3049 necessarium
1076 3005 1211 3047 0330
1276 2984 1464 3048 docet
1522 3006 1664 3047 eun.
1712 2984 1841 3047 499
1892 2982 2033 3047 ‘abi
2093 3005 2276 3067 prae,
2332 3006 2545 3067 curre,
2605 2988 2680 3047 ut
2739 2985 2869 3049 sint

577 3091 755 3156 domi
799 3088 1082 3154 Parata?

759 3198 883 3262 138
933 3195 1005 3261 Si
1051 3216 1275 3259 verum
1323 3199 1421 3260 est
1464 3196 1635 3279 quod
1681 3220 1834 3261 sane
1882 3197 2069 3261 valde
2116 3197 2545 3279 probabiliter
2591 3199 2870 3263 coniecit

580 3302 1054 3368 Studemundus
1101 3303 1350 3365 intem'bi
1396 3302 1527 3379 loci,
1573 3302 1986 3367 invertendus
2015 3304 2363 3368 verborum
2394 3304 2552 3367 ordo
2591 3304 2682 3368 310
2714 3305 2866 3367 erit:

583 3416 713 3474 tum
759 3409 1010 3473 interibi
1055 3409 1175 3473 loci
1217 3410 1545 3473 conscendo
1590 3409 1873 3473 etc'mbam
1907 3410 2327 3490 piscatoriam.

762 3516 880 3579 141
941 3514 1093 3579 Non
1142 3536 1423 3599 agnosco
1469 3537 1685 3579 rerum
1734 3519 1848 3579 aut
1893 3538 2192 3580 sensuum
2241 3516 2695 3597 mutationem,
2740 3539 2869 3600 qua

580 3622 827 3686 subitus
876 3621 959 3684 ab
1007 3622 1240 3685 iambis
1290 3623 1369 3686 ad
1416 3622 1757 3687 trochaeos
1805 3621 2114 3685 transitus
2162 3622 2319 3686 satis
2366 3623 2706 3707 probetur,
2750 3645 2869 3687 nec

577 3728 731 3792 novi
794 3727 987 3810 plane
1050 3728 1312 3811 gemina
1377 3728 1696 3812 exempla,
1762 3728 1932 3791 inter
1994 3750 2158 3811 quae
2230 3750 2311 3791 ne
2384 3728 2548 3792 talia
2610 3729 2868 3811 quidem

578 3835 907 3897 numerari
982 3834 1210 3917 velim,
1297 3835 1518 3918 qualia
1592 3837 1743 3899 sunt
1815 3834 1986 3917 apud
2048 3834 2421 3899 Terentium
2488 3835 2684 3898 Andr.
2741 3835 2871 3899 510

579 3940 716 4004 hec.
766 3941 912 4003 746.

764 4046 887 4109 143
936 4069 1026 4129 sq.
1084 4045 1495 4130 Septenarios
1544 4046 1636 4109 sic
1683 4047 1934 4110 mavult
1978 4047 2316 4130 disponere
2366 4046 2874 4111 Studemundus:

848 4153 1019 4217 iubeo
1065 4137 1370 4217 ho'm'incm
1417 4152 1551 4216 tolli
1595 4158 1652 4216 et
1695 4152 2003 4217 conlocari
2046 4159 2103 4217 et
2145 4154 2480 4233 eo'nfovem':
2524 4154 2690 4216 so'lvo

849 4259 1099 4342 operam
1144 4258 1412 4323 Dianae.
