3400 5075
1282 366 1807 423 COROLLARIVM
2516 371 2691 428 XCIX

400 530 540 597 121.
597 533 720 597 135
784 533 879 596 ita
934 532 1318 596 obscuratos
1375 532 1760 614 balwinum,
1818 536 1889 595 ut
1942 556 2071 597 non
2127 534 2441 598 facillima
2490 557 2689 619 opera

392 640 648 703 restitui
692 639 965 724 possint,
993 638 1147 722 quid
1174 637 1478 722 Publilio,
1506 640 1659 723 quid
1691 639 1839 703 aliis
1870 640 2244 705 auctoribus
2272 642 2688 706 tribuendum

393 747 482 810 sit
523 736 911 831 'plerumque
974 743 1223 808 frustra
1277 767 1574 830 quaeres),
1632 750 1702 810 at
1766 746 2042 831 cogitati
2099 768 2369 812 acumen
2425 753 2490 812 et
2551 748 2688 812 stili

393 851 897 917 concinnitatem
952 851 1338 936 ubicumque
1393 852 1464 916 in
1516 852 1621 917 his
1685 852 2095 918 sententiolis
2161 854 2280 918 sub
2336 854 2687 939 interpola-

391 962 758 1023 mentorum
841 960 1069 1024 scrobe
1153 960 1394 1024 enitere
1479 960 1938 1044 animadverti,
2020 960 2379 1044 periculum
2453 963 2688 1026 saltem

389 1064 758 1129 faciendum
805 1087 945 1130 esse
999 1066 1253 1150 putavi,
1311 1089 1468 1130 num
1524 1067 1738 1150 possit
1792 1071 1906 1131 aut
1960 1068 2241 1152 genuina
2295 1068 2512 1134 forma
2577 1072 2690 1132 aut

392 1171 610 1256 aliqua
640 1172 777 1236 eius
807 1173 1038 1236 umbra
1068 1194 1101 1236 e
1139 1173 1425 1237 tenebris
1454 1172 1855 1237 exsuscitari.
1927 1195 2045 1238 nec
2073 1174 2141 1238 id
2168 1176 2411 1239 temere
2438 1175 2688 1239 factum

391 1299 533 1341 esse
582 1279 683 1344 vel
728 1277 1168 1362 Menandreis‚
1225 1302 1388 1364 quae
1437 1280 1516 1343 ad
1573 1301 1629 1343 v.
1685 1280 1729 1343 4
1786 1284 1851 1343 et
1893 1277 2035 1366 2125
2094 1281 2429 1364 adnotavi,
2474 1280 2687 1345 Phile-

391 1385 604 1449 monis
669 1386 750 1450 ad
810 1408 868 1451 v.
932 1387 1018 1451 53
1080 1386 1393 1471 exemplis
1451 1391 1558 1451 sat
1611 1386 1947 1470 probatur.
2061 1386 2286 1451 cadem
2345 1409 2543 1451 causa
2588 1390 2690 1451 est

393 1491 697 1575 aliorum,
760 1515 925 1577 quae
969 1494 1218 1578 passim
1265 1493 1335 1556 in
1400 1492 1675 1578 singulis
1742 1492 1929 1557 libris
1995 1493 2216 1557 addita
2280 1493 2689 1577 reperiuntur

391 1594 567 1682 (app.
637 1597 1011 1685 150—176)
1075 1600 1176 1664 vel
1243 1621 1319 1663 ex
1375 1600 1523 1664 aliis
1579 1622 1740 1683 quos
1798 1621 1997 1683 supra
2055 1599 2338 1663 indicavi
2393 1599 2686 1664 fontibus

391 1702 500 1787 (cf.
552 1704 695 1769 187.
741 1705 889 1770 227.
937 1706 1086 1771 239.
1133 1705 1280 1771 256.
1328 1706 1476 1771 285.
1522 1706 1670 1771 296.
1718 1704 1878 1790 297)
1923 1705 2163 1769 hausta
2209 1707 2376 1770 sunt.

567 1809 719 1876 Non
757 1812 1142 1877 mirabimur
1177 1813 1400 1898 igitur,
1437 1813 1608 1897 quod
1657 1812 2180 1891 Varronianae
2223 1832 2476 1897 quoque
2522 1833 2687 1897 quae

388 1916 684 1982 feruntur
730 1920 1087 1983 sententiae
1135 1918 1417 1983 similem
1463 1920 1784 2004 originem
1833 1942 1908 1984 ex
1936 1923 2123 2003 parte
2152 1919 2386 1983 saltem
2413 1920 2687 2003 prodere

390 2024 707 2090 videntur.
770 2023 1193 2115 Manifestum
1238 2025 1411 2090 enim
1449 2029 1550 2089 est
1586 2046 1661 2089 ex
1690 2026 2066 2091 Publiliana
2093 2047 2293 2109 eaque
2324 2025 2461 2090 sine
2490 2026 2686 2093 dubio

391 2131 673 2215 genuina
727 2128 914 2218 (221)
979 2152 1353 2216 expressam
1418 2153 1559 2196 esse
1621 2132 2059 2199 undecimam:
2112 2134 2202 2198 sic
2252 2132 2359 2215 flet
2408 2132 2692 2199 heresmt

379 2237 599 2317 puella
660 2238 797 2302 viro
857 2244 1089 2320 nupta:
1153 2240 1472 2321 utriusque
1533 2237 1713 2320 fletus
1775 2260 1902 2303 non
1972 2259 2279 2321 αρρανθηε
2349 2245 2438 2306 est
2503 2240 2688 2307 m‘sus.

388 2341 653 2428 Integer
707 2344 867 2409 adeo
915 2345 1183 2410 Publilii
1239 2368 1296 2411 v.
1353 2346 1485 2409 234
1539 2345 1608 2408 in
1662 2342 1983 2409 Matthiae
2048 2343 2452 2411 Farinatoris
2515 2346 2685 2410 libro

390 2448 840 2514 Moralitatum
867 2450 993 2515 hoc
1019 2452 1282 2516 nomine
1310 2452 1640 2517 laudatur:
1681 2452 1880 2517 Varro
1908 2454 1978 2517 in
2003 2453 2316 2518 sententiis
2345 2453 2498 2518 libro
2525 2464 2687 2519 sexto

391 2554 478 2643 (n.
557 2556 683 2623 156
739 2555 855 2623 Ch.
918 2556 1050 2646 R.>;
1114 2560 1524 2644 redditurque
1591 2559 1743 2645 Syri
1807 2582 1864 2625 v.
1928 2561 2016 2624 44
2080 2560 2403 2625 sententia
2465 2583 2686 2647 quam-

391 2686 585 2747 quam
623 2663 896 2730 diversis
934 2665 1150 2731 verbis
1189 2666 1636 2732 Varronianae
1680 2668 1790 2732 14:
1835 2667 2016 2732 semel
2058 2668 2224 2731 dedit
2265 2669 2376 2748 qui
2417 2672 2687 2751 roqatu8‚

391 2770 482 2836 bis
528 2772 640 2853 qui
681 2791 840 2850 nom
887 2773 1046 2836 item
1087 2771 1237 2857 Syri
1285 2797 1343 2838 v.
1388 2774 1476 2838 42
1523 2774 1627 2838 his
1673 2797 1737 2839 n.
1783 2775 1897 2839 21:
1943 2773 2038 2839 vis
2081 2774 2346 2855 esopo—riri
2370 2773 2686 2840 amicum?

390 2878 782 2943 calamitose&
823 2880 970 2961 fias,
1025 2879 1191 2944 unde
1247 2880 1575 2945 senarium
1630 2880 1732 2947 vel
1790 2880 1885 2946 sic
1944 2880 2216 2945 efficias:

745 2985 844 3050 vis
891 2985 1169 3070 experiri
1217 2983 1541 3052 amicum?
1589 2990 1914 3052 monstrat
1959 2986 2320 3052 calamitas,

389 3090 567 3176 Ergo
632 3091 1020 3176 deprompta
1082 3115 1221 3164 esse
1295 3116 1374 3158 ex
1446 3093 2003 3160 monostichorum
2074 3092 2357 3177 quadam
2430 3092 2683 3178 sylloge

389 3197 552 3262 haec
597 3219 850 3282 quoque
896 3202 1200 3284 possunt,
1254 3221 1419 3284 quae
1476 3200 1556 3264 ad
1602 3221 1905 3265 numeros
1955 3223 2105 3264 suos
2151 3200 2309 3265 licet
2352 3219 2681 3264 revocare:

441 3304 519 3368 18
565 3302 703 3370 Nec
749 3306 1048 3390 persequi
1092 3328 1211 3371 nec
1255 3305 1480 3391 fugere
1526 3306 1860 3372 fortunam
1907 3303 2160 3392 decet.¹)

441 3409 519 3473 19
566 3409 894 3476 Fortunae
938 3412 1158 3496 potius
1203 3410 1485 3495 imperes
1532 3435 1728 3497 quam
1775 3410 2110 3499 regibusfl)

434 3517 521 3581 35
567 3516 827 3582 Nullius
874 3522 974 3583 est
1018 3519 1189 3603 quod
1234 3521 1374 3583 esse
1421 3519 1778 3584 multonim
1823 3514 2113 3602 potest.³)

434 3624 520 3688 36
566 3622 688 3687 Vir
733 3626 961 3710 bonna,
1006 3646 1409 3709 quocumque
1452 3625 1527 3709 it,
1571 3625 1857 3710 patriam
1903 3645 2120 3687 secum
2165 3621 2294 3685 fert
2338 3618 2598 3708 suam.⁴)

433 3730 517 3795 67
566 3728 989 3815 Magnificum
1034 3731 1129 3794 nil
1175 3731 1433 3795 docebit
1476 3731 1586 3815 qui
1633 3729 1863 3797 didicit
1904 3727 2143 3816 nihil.⁵)

434 3836 521 3901 84
564 3836 679 3903 Nil
724 3837 902 3902 norit
946 3838 1003 3902 si
1047 3837 1192 3922 quis
1241 3837 1440 3922 aeque
1484 3837 1663 3902 norit
1705 3835 1997 3925 6mnia.ff)

435 3943 518 4007 88
564 3940 795 4009 Nescit
837 3965 965 4030 quo
1011 3944 1238 4009 tendat
1281 3945 1524 4009 multas
1570 3944 1683 4030 qui
1730 3945 2023 4029 sequitur
2068 3939 2280 4030 vias.⁷)

424 4111 436 4123 '
537 4101 577 4171 ¹)
616 4100 777 4171 sequi
822 4101 876 4155 V
979 4100 1022 4172 ἵ)
1060 4101 1347 4173 potentius
1383 4101 1660 4172 imperare
1695 4101 1954 4157 fortunae
1992 4117 2159 4170 quam
2197 4117 2240 4154 r.
2290 4098 2344 4152 V
2456 4099 2499 4169 ⁸)
2536 4099 2678 4153 mul-

386 4193 573 4245 torum
609 4208 731 4246 esse
778 4189 833 4244 V
1008 4190 1052 4261 ⁴)
1091 4208 1249 4245 suam
1295 4209 1485 4246 secum
1519 4191 1632 4246 fert
1676 4191 1731 4246 V
1763 4191 1831 4246 cf.
1872 4191 1990 4259 Syr.
2039 4196 2143 4244 636
2326 4188 2369 4257 δ)
2409 4187 2489 4241 nil
2525 4205 2678 4256 mag·

388 4277 612 4333 nificum
657 4280 710 4333 d.
759 4279 856 4347 qui
892 4296 928 4334 a
963 4296 1023 4335 se
1069 4283 1159 4349 (ex
1195 4297 1253 4335 se
1287 4280 1412 4350 ipso
1452 4280 1601 4350 Pat.)
1637 4279 1720 4334 nil
1757 4277 1956 4333 didicit
1999 4277 2053 4332 V
2166 4277 2209 4346 ⁰)
2255 4275 2337 4329 nil
2381 4276 2540 4331 novit
2583 4275 2681 4344 qui

386 4384 562 4436 aeque
600 4367 790 4422 omnia
836 4368 887 4422 V
1003 4369 1044 4438 ⁷)
1084 4369 1181 4437 qui
1216 4369 1422 4424 multas
1461 4367 1712 4438 sequitur
1749 4367 1977 4423 semitas
2006 4365 2147 4435 (uias
2179 4365 2329 4432 Pat.)
2380 4365 2451 4420 V:
2490 4365 2561 4420 cf.
2590 4370 2679 4421 92.

2172 4454 2250 4522 g*

1367 4626 1889 4743 >5⁸M0LE⁴4

1450 4748 1796 4797 OXFORD

1437 4843 1812 4942 Mggguffl
