3400 5075
1297 325 1828 381 COROLLARIVM
2585 326 2709 379 le

416 493 663 557 Kuhnii
712 493 963 576 ephem.
1009 492 1250 576 linguis
1298 490 1753 575 comparandis
1801 491 2055 554 dicatae
2103 491 2226 555 vol.
2272 489 2428 553 XXI
2475 486 2708 574 (novae

412 622 533 664 ser.
579 597 640 682 I)
694 623 756 682 p.
809 601 961 664 168:
1018 598 1181 662 mihi
1238 601 1458 662 tamen
1504 620 1881 681 persuasum
1938 600 2037 660 est
2091 600 2206 660 aut
2257 596 2550 660 evallasso
2599 599 2712 659 aut

411 708 749 771 ευαῐῑαυενο
795 707 913 770 illa
959 709 1174 769 aetate
1220 705 1563 769 dicendum
1608 703 1826 769 fuisse.

596 814 681 877 84
728 812 914 889 Quod
952 812 1169 876 Verrii
1205 810 1443 894 Flacci,
1491 814 1563 875 ut
1610 812 1881 894 videtur,
1929 811 2318 875 auctoritate
2363 808 2540 872 nisus
2577 806 2709 872 No-

414 921 562 985 nius
609 922 890 984 testatur
933 919 1141 1002 diliqit
1181 918 1447 984 notione
1487 940 1615 1002 qua
1650 918 1889 982 dicitur
1935 917 2258 999 discindit,
2305 938 2338 978 e
2384 917 2568 978 textu
2613 936 2709 977 re-

416 1051 679 1092 movere
746 1051 937 1092 ausus
1010 1048 1141 1091 non
1204 1049 1376 1108 sum,
1442 1047 1837 1108 quamquam
1889 1046 2097 1108 neque
2163 1020 2709 1087 CFWMuellerus

415 1135 673 1219 prosod.
719 1136 853 1198 490
910 1155 1118 1216 neque
1172 1133 1471 1196 laudatus
1534 1132 1616 1196 ab
1671 1131 1798 1196 hoc
1843 1130 2177 1195 Madvicus
2239 1127 2522 1212 (emend.
2571 1126 2710 1190 Liv.

424 1243 606 1321 155),
659 1241 769 1324 qui
823 1240 1030 1305 nostri
1084 1239 1213 1303 loci
1261 1260 1340 1302 ne
1396 1260 1644 1304 memor
1688 1239 1948 1322 quidem
1992 1236 2147 1319 fuit,
2201 1258 2338 1299 rem
2386 1235 2466 1299 ad
2520 1234 2709 1317 liqui-

416 1347 570 1409 dum
635 1347 1006 1429 perduxisse
1080 1345 1392 1409 videntur.
1500 1347 1821 1428 Leyuntur
1891 1365 2044 1408 sane
2125 1343 2369 1406 herbae
2448 1341 2709 1406 frondes

418 1453 663 1516 fructus
709 1449 817 1538 (cf.
853 1452 1043 1517 Pauli
1088 1452 1316 1516 Festus
1364 1475 1423 1534 p.
1460 1453 1585 1515 115
1611 1452 1747 1533 M.)‚
1792 1451 1945 1515 dum
1992 1452 2348 1534 carpuntur
2394 1448 2495 1513 vel
2544 1448 2708 1511 evel-

416 1559 662 1623 luntur:
709 1558 1092 1643 ‘carpendae
1140 1558 1438 1623 manibus
1484 1560 1746 1624 frondes
1793 1559 2087 1641 interque
2135 1553 2468 1641 legendae’
2515 1554 2711 1638 Verg.

418 1686 516 1749 ge.
564 1664 626 1728 II
675 1666 827 1748 3663
898 1664 1090 1730 ‘satis
1159 1665 1480 1749 plerisque
1536 1667 1744 1730 visum
1803 1667 1902 1728 est
1947 1714 1960 1727 .
2002 1715 2014 1727 .
2055 1713 2068 1726 .
2113 1662 2349 1726 herbas
2407 1666 2473 1725 et
2526 1682 2709 1744 prae-

419 1772 606 1854 cipue
670 1772 972 1857 gramina
1036 1772 1385 1856 extirpare,
1450 1794 1614 1856 quae
1673 1772 1802 1836 nisi
1866 1793 2063 1835 manu
2120 1769 2449 1853 eliguntur
2513 1771 2578 1830 et
2642 1767 2711 1830 in

418 1900 741 1942 summum
778 1878 1135 1942 reiciuntur
1182 1931 1195 1943 .
1235 1929 1247 1942 .
1287 1930 1300 1943 .
1348 1877 1775 1944 reviviscunt'
1825 1875 2188 1943 Columella
2224 1875 2302 1939 de
2340 1896 2408 1938 re
2438 1897 2486 1937 r.
2515 1873 2610 1937 IV
2641 1872 2708 1956 53

420 1983 818 2069 ‘herbaeque
873 1986 1209 2070 eligendae
1257 1989 1323 2050 et
1368 1987 1521 2050 dum
1575 1990 1838 2051 tenerae
1894 1987 2043 2049 sunt
2088 1979 2450 2047 vellendae’
2497 1980 2709 2044 Varro

420 2091 496 2155 de
544 2114 611 2154 re
658 2115 705 2155 r.
740 2092 775 2156 I
819 2093 933 2175 473
982 2091 1256 2157 ‘steriles
1301 2093 1539 2157 herbas
1587 2091 1857 2177 eligens'
1905 2090 2165 2156 Curtius
2198 2088 2304 2153 ·IV
2349 2089 2404 2169 1,
2443 2089 2545 2151 21.
2607 2086 2708 2150 Ad

419 2218 583 2279 quae
631 2198 921 2280 proxime
970 2199 1282 2264 accedunt
1328 2198 1659 2264 Ciceronis
1707 2199 1889 2263 'hlsc
1919 2199 2081 2282 disp.
2118 2197 2212 2260 ΠΙ
2254 2197 2358 2278 34,
2397 2196 2481 2259 83
2532 2193 2708 2258 ‘stir-

418 2325 531 2387 pes
581 2303 1003 2388 aegritudinis
1052 2354 1065 2367 .
1103 2356 1116 2368 .
1156 2355 1169 2368 .
1217 2306 1361 2389 ipso
1398 2310 1627 2370 trunco
1666 2328 1888 2370 everso
1928 2327 2148 2370 omnes
2195 2303 2502 2385 eliqendae
2537 2299 2709 2364 sunt'

419 2411 485 2472 et
548 2410 743 2493 paulo
805 2411 980 2476 infra
1045 2411 1229 2475 ‘illae
1293 2412 1496 2479 fibrae
1561 2411 1863 2494 stirpium
1921 2462 1933 2474 .
1983 2462 2049 2475 ..
2105 2407 2581 2493 persequendae
2647 2411 2714 2471 et

419 2539 639 2581 omnes
678 2516 1040 2600 eliyendae’;
1084 2517 1176 2583 sic
1214 2518 1386 2583 enim
1427 2518 1676 2583 codices
1717 2517 1981 2600 habent,
2018 2537 2412 2599 quamquam
2447 2514 2713 2578 fuerunt

419 2624 530 2706 qui
576 2623 886 2691 elidendae
931 2626 1349 2710 corrigerent.
1423 2625 1802 2709 videturque
1852 2625 1931 2688 ad
1969 2625 2238 2688 eandem
2283 2644 2582 2688 normam
2630 2621 2711 2685 si-

420 2730 734 2795 millimus
789 2733 866 2796 de
922 2731 1117 2796 divin.
1162 2731 1229 2795 II
1287 2733 1396 2812 72,
1449 2732 1572 2795 148
1627 2731 1808 2796 locus
1865 2731 2213 2816 exigendus
2270 2752 2406 2793 esse
2463 2728 2710 2812 ‘super-

420 2836 703 2901 stitionis
752 2839 984 2922 stirpes
1034 2862 1254 2903 omnes
1302 2835 1652 2918 eiciendae'‚
1698 2837 1810 2900 ubi
1857 2838 2165 2900 elidendae
2207 2836 2558 2916 ManutiuS,
2604 2835 2712 2898 eli-

413 2945 645 3024 qendae
690 2944 1023 3009 Madvicus
1071 2945 1364 3009 coniecit.
1440 2944 1548 3007 sed
1595 2944 1699 3007 vix
1750 2945 1995 3009 maiore
2044 2943 2315 3007 audacia
2360 2942 2429 3006 in
2475 2941 2710 3006 Tuscu-

418 3049 586 3113 lanis
615 3049 1164 3132 disputationibus
1197 3051 1275 3114 ad
1324 3052 1513 3116 huius
1544 3051 1822 3135 exempli
1870 3050 2364 3114 similitudinem
2410 3050 2714 3113 eimendae

421 3156 730 3240 corrigaS,
766 3157 935 3240 quod
974 3159 1144 3220 certe
1182 3157 1416 3223 fortius
1456 3160 1521 3220 et
1557 3159 1915 3222 sententiae
1953 3157 2163 3243 magis
2196 3160 2421 3241 aptum
2460 3155 2713 3218 videtur

420 3284 615 3345 quam
662 3263 860 3327 nimis
908 3263 1054 3328 lene
1102 3287 1246 3329 meo
1276 3287 1465 3329 sensu
1512 3264 1852 3346 eliyendae:
1896 3287 2050 3329 nam
2088 3264 2297 3347 ipsam
2337 3261 2711 3325 excindendi

418 3369 860 3453 evellendique
916 3370 1457 3455 significationem
1516 3394 1647 3435 non
1703 3372 1913 3456 magis
1969 3370 2176 3434 inesse
2234 3370 2297 3432 in
2361 3368 2490 3431 illis
2551 3367 2710 3430 locis

419 3476 933 3541 demonstratum
1001 3477 1214 3558 video,
1279 3501 1475 3562 quam
1532 3480 1642 3542 ubi
1707 3479 1947 3542 Parcae
2002 3477 2139 3557 fila,
2204 3477 2440 3538 nautae
2499 3473 2711 3537 litoris

421 3604 587 3664 orae,
636 3583 806 3664 vela,
853 3584 964 3647 alii
1016 3582 1225 3665 spolia
1270 3584 1480 3667 fugati
1530 3584 1766 3664 hostis,
1814 3606 1963 3648 ossa
2009 3580 2298 3664 corporis
2346 3579 2586 3642 mortui
2634 3579 2711 3643 de

420 3690 554 3769 via,
610 3711 820 3754 remos
882 3690 950 3754 in
998 3689 1193 3752 maris
1257 3691 1516 3774 gurgite
1579 3692 1790 3772 leqere,
1848 3689 1948 3752 vel
1994 3688 2292 3772 subleyere
2352 3706 2712 3749 sermonem

417 3795 747 3877 dicuntur,
806 3796 875 3860 in
922 3796 1154 3880 quibus
1204 3819 1243 3859 a
1286 3797 1611 3860 tractandi
1666 3797 1770 3859 vel
1819 3795 2099 3861 obeundi
2152 3794 2417 3859 notione
2474 3790 2710 3855 sensim

418 3902 732 3966 transitus
778 3903 857 3967 fit
902 3903 983 3967 ad
1028 3902 1405 3985 tollendum,
1454 3904 1562 3967 sed
1611 3904 1789 3969 omni
1835 3901 2187 3967 violentiae
2236 3901 2711 3986 significatione

418 4007 645 4093 procul
703 4008 958 4090 habita,
1013 4009 1215 4073 immo
1263 4012 1339 4073 ut
1392 4010 1630 4074 sensim
1677 4013 1743 4074 et
1797 4009 2117 4092 paulatim
2174 4008 2315 4071 fieri
2370 4008 2712 4093 cogitetur.

420 4113 779 4198 Separandi
828 4119 1045 4180 autem
1093 4116 1175 4178 ab
1214 4115 1314 4179 his
1364 4115 1461 4178 illi
1508 4116 1633 4180 loci
1675 4119 1842 4198 sunt,
1889 4115 1999 4178 ubi
2046 4116 2219 4178 nemi
2264 4114 2482 4197 aliquo
2520 4112 2710 4176 modo

419 4220 743 4285 debilitati
806 4221 1122 4286 dicuntur.
1216 4225 1407 4305 atque
1468 4224 1542 4285 ut
1597 4221 1830 4286 Ovidio
1893 4224 2155 4285 auctore
2215 4242 2370 4284 rem.
2409 4242 2532 4283 am.
2585 4220 2706 4283 147

423 4327 698 4420 languor
746 4330 810 4390 et
856 4327 1085 4420 somni7
1133 4327 1277 4400 alea
1322 4331 1389 4393 et
1433 4327 1655 4392 vinum
1704 4326 1997 4415 ‘eripiunt
2042 4348 2262 4394 omnes
2310 4324 2526 4393 animo
2575 4325 2710 4392 sine
