3400 5075
621 356 748 421 218
1008 404 1011 407 .
1542 360 1605 411 L.
1645 360 2007 414 Armmvs

1647 518 1742 582 IX
1792 515 1894 604 (2)

623 632 755 698 415
801 631 1129 698 Inscribat
1178 635 1411 718 aliquis
1459 636 1625 699 ‘zirse
1671 638 1878 698 uerse’
1930 633 1997 699 in
2046 634 2230 699 ostio.

1746 750 1805 814 X
2183 839 2185 842 ,

798 864 944 950 Ego
992 888 1094 930 me
1142 868 1278 930 esse
1328 867 1595 932 stultum
1643 853 1969 950 existim0‚
2014 866 2267 933 fatuum
2305 868 2442 930 e'sse
2483 888 2614 954 non
2663 863 2913 951 opinor.

1620 1000 1716 1065 XI
1765 997 1909 1086 (13)

806 1111 1041 1178 Nescio
1090 1115 1200 1198 qui
1246 1116 1452 1180 nostri
1501 1114 1857 1182 miseritust
1901 1116 2163 1181 tandem
2213 1117 2387 1181 deuS.

1621 1250 1751 1314 XII
1800 1248 1900 1337 (4)

864 1413 877 1427 .
925 1386 1057 1429 non
1109 1387 1372 1450 possum
1419 1367 1688 1441 uerbum
1736 1366 1973 1431 facere:
2021 1365 2341 1431 obbrutui.

1610 1489 1771 1554 XIII
1823 1487 1924 1575 (3)

909 1655 923 1669 .
1014 1607 1456 1672 mustriculam
1503 1606 1572 1670 in
1620 1606 1844 1671 de'ntes
1890 1606 2247 1691 impingiim
2297 1605 2430 1670 tibi.

757 1801 835 1851 lx
873 1802 1031 1852 Pauli
1059 1803 1262 1852 Festus
1289 1819 1339 1866 p.
1373 1803 1434 1852 18
1458 1803 1530 1853 M.
1572 1807 1954 1854 ‘arseuerse
1993 1806 2183 1852 auerte
2221 1802 2402 1866 ignem
2428 1802 2722 1868 signifieat.
2782 1803 2916 1852 Tus-

625 1885 811 1919 corum
862 1871 1004 1921 enim
1052 1870 1241 1934 lingua
1288 1886 1411 1920 arse
1460 1877 1680 1934 auerte,
1727 1886 1888 1919 nerse
1924 1870 2107 1932 ignem
2148 1876 2364 1920 constat
2411 1870 2698 1934 appellari.
2771 1872 2914 1920 unde

619 1937 881 1987 Afranius
909 1940 1014 1988 ait:
1046 1938 1334 1988 inscribat'
1362 1955 1409 1987 e.
1437 1955 1484 2003 q.
1513 1954 1561 1988 s.
1699 1938 1746 1987 Χ
1784 1938 2031 1988 Isidorus
2065 1937 2238 1989 differ.
2265 1940 2363 1987 500
2396 1938 2640 2001 ‘quidam
2668 1943 2914 1988 ueterum

623 2004 881 2054 fatuum
929 2007 1275 2067 existimant,
1329 2007 1425 2070 qui
1472 2022 1574 2056 nee
1630 2007 1774 2070 quod
1830 2006 1981 2055 satur
2024 2004 2168 2070 ipse,
2226 2020 2323 2055 nee
2370 2005 2514 2070 quod
2564 2006 2660 2055 alii
2704 2006 2914 2067 dicunt,

619 2070 924 2136 intelligst3
980 2073 1203 2123 stultum
1251 2089 1384 2123 uero
1429 2075 1770 2124 hebetiorem
1827 2074 2010 2123 corde.
2099 2072 2244 2123 unde
2293 2072 2582 2122 Afraniust
2632 2089 2779 2138 ego,
2833 2075 2914 2123 in·

619 2140 767 2202 quit,
814 2155 906 2189 me
953 2142 1240 2191 stultum
1278 2178 1289 2188 .
1317 2178 1330 2191 .
1360 2177 1372 2190 .
1406 2143 1683 2205 opinor:
1730 2142 1787 2191 id
1831 2147 1917 2192 est
1960 2141 2175 2190 obtusis
2218 2140 2435 2205 quidem
2482 2142 2761 2203 sensibus,
2807 2157 2914 2191 non

529 2211 532 2214 ’
619 2213 805 2257 tamen
851 2208 1057 2259 nulline
1137 2209 1349 2259 Eadem
1394 2210 1452 2258 in
1499 2209 1775 2260 Salomon.
1825 2208 1994 2273 gloss.
2040 2225 2074 2259 a
2111 2208 2409 2272 Spengelio
2457 2208 2723 2271 laudatis,
2763 2213 2821 2258 et
2857 2210 2914 2258 in

618 2273 770 2340 Orig.
808 2275 852 2324 X
893 2278 994 2326 246
1038 2277 1316 2327 ‘stultus
1361 2277 1617 2327 hebetior
1662 2277 1861 2339 corde,
1908 2277 2056 2326 sicut
2102 2275 2325 2340 quidam
2370 2276 2481 2324 aitx
2530 2279 2652 2339 ego’
2701 2292 2742 2325 e.
2782 2292 2830 2340 q.
2871 2292 2913 2325 s.

625 2343 705 2392 ‘id
744 2349 830 2392 est
867 2346 1118 2395 obtunsis
1152 2345 1370 2409 quidem
1408 2346 1690 2406 sensibus,
1731 2360 1840 2394 non
1877 2350 2062 2394 tamen
2100 2342 2305 2393 nullis.’
2444 2343 2520 2392 XI
2559 2343 2777 2393 Gellius
2813 2343 2912 2392 XX

617 2411 668 2471 6,
705 2413 738 2460 5
765 2403 1015 2462 ‘inuenio
1051 2450 1063 2462 .
1091 2449 1103 2462 .
1137 2428 1246 2461 non
1295 2413 1489 2477 paucis
1534 2413 1592 2462 in
1637 2412 1778 2463 locis
1822 2413 2041 2461 nostri
2086 2415 2254 2476 atque
2299 2412 2471 2460 uestri
2522 2411 2757 2474 dietum;
2803 2427 2913 2462 non

617 2483 860 2528 nostrum
900 2485 997 2528 sut
1033 2485 1275 2530 uestrum
1304 2516 1315 2527 .
1345 2517 1356 2529 .
1384 2515 1397 2529 .
1423 2481 1722 2532 Terentius
1758 2481 1812 2528 in
1850 2478 2175 2529 Phormione
2202 2516 2214 2529 .
2241 2515 2252 2529 .
2282 2517 2295 2530 .
2321 2479 2498 2529 nostri
2535 2483 2746 2529 nosmet
2781 2495 2913 2545 pae-

620 2547 783 2597 nitet.
853 2546 1117 2598 Afrsnius
1152 2549 1209 2597 in
1248 2555 1472 2613 togata:
1508 2549 1721 2598 neseio'
1761 2564 1809 2597 e.
1848 2563 1901 2611 q.
1939 2563 1998 2611 s..
2058 2553 2141 2598 ‘et
2177 2548 2449 2597 Laberius
2485 2548 2542 2597 in
2569 2548 2912 2612 Necyoman-

618 2616 704 2662 tia
730 2652 741 2663 .
769 2651 782 2664 .
808 2652 822 2666 .
851 2616 1026 2666 nostri
1062 2615 1268 2666 oblitus
1316 2622 1417 2666 est.
1499 2617 1721 2666 dubium
1767 2630 1954 2680 porro,
2003 2616 2207 2680 inquit,
2251 2630 2359 2665 non
2398 2622 2509 2676 est,
2556 2616 2686 2680 quin
2721 2615 2910 2666 eodem
2994 2646 3015 2660 s

619 2680 758 2730 haec
786 2683 973 2731 omnis
999 2698 1128 2733 casu
1159 2684 1438 2734 dicanturt
1477 2684 1654 2733 nostri
1680 2684 1886 2733 oblitus
1913 2688 2026 2745 est,
2065 2683 2285 2734 nostri
2312 2683 2627 2732 misertus
2654 2687 2778 2745 est,
2805 2698 2912 2747 quo

617 2748 822 2799 dicitur
857 2752 966 2799 mei
1002 2752 1280 2815 paenitet,
1319 2752 1428 2801 mei
1462 2751 1715 2801 misertus
1752 2753 1880 2802 est!
1949 2751 2099 2799 infra
2139 2754 2227 2800 11:
2265 2755 2387 2800 ‘cur
2422 2750 2592 2813 igitur
2616 2750 2915 2800 Terentius

618 2817 870 2880 paenitet
905 2818 1106 2880 nostri,
1143 2834 1252 2869 non
1289 2825 1553 2882 nostrum,
1594 2823 1651 2868 et
1685 2818 1951 2868 Afranius
1988 2819 2206 2868 nostri
2242 2818 2594 2868 miseritus
2635 2822 2765 2875 est,
2802 2833 2911 2867 non

615 2888 922 2934 nostrnm‘P
1128 2886 1238 2935 X11
1274 2886 1434 2935 Pauli
1471 2888 1671 2937 Festus
1721 2902 1770 2950 p.
1808 2887 1903 2935 187
1942 2886 2016 2936 Μ.
2064 2887 2470 2947 ‘obbrntuit,
2520 2885 2831 2949 obstupuit,
2878 2902 2913 2934 a

618 2953 800 3012 bruto,
841 2954 986 3017 quod
1011 2954 1219 3019 antiqui
1247 2969 1343 3016 pro
1369 2956 1552 3019 graui,
1591 2954 1859 3003 interdum
1898 2969 1992 3017 pro
2018 2954 2240 3017 stupido
2281 2952 2549 3002 dixerunt.
2621 2954 2908 3003 Afranius:

618 3018 747 3067 non’
790 3036 839 3071 e.
881 3036 931 3084 q.
970 3037 1011 3074 s,
1149 3022 1285 3071 xm
1325 3021 1483 3072 Pauli
1522 3023 1721 3072 Festus
1757 3038 1810 3086 p.
1854 3024 1948 3071 147
1986 3023 2061 3071 M.
2102 3020 2535 3070 ‘mustricula
2582 3026 2672 3069 est
2705 3020 2910 3069 maehi-

617 3086 750 3136 nula
786 3102 854 3136 ex
892 3087 1128 3151 regulis,
1176 3093 1232 3137 in
1280 3104 1390 3153 qua
1425 3089 1649 3139 calceus
1685 3104 1863 3139 nouus
1900 3090 2095 3142 suitur.
2174 3088 2460 3138 Afranius:
2511 3088 2908 3138 mustricuiam’

783 3267 908 3324 415
953 3284 1238 3323 arseuorse
1285 3268 1337 3323 in
1384 3270 1525 3324 ostio
1558 3269 1819 3342 Scaliyer
1863 3269 1917 3323 in
1949 3268 2092 3324 ostio
2136 3283 2416 3323 arseuerse
2445 3268 2695 3336 ΡαιιΙιιε,
2745 3282 2908 3340 quem

617 3353 870 3407 ordinem
903 3356 1005 3425 qui
1031 3368 1278 3409 seruare
1306 3355 1477 3423 uelit,
1524 3357 1579 3409 ei
1606 3355 1971 3409 scribendum
2002 3368 2159 3408 esse.-
2201 3352 2393 3425 aliquis
2427 3350 2567 3407 ostio
2597 3344 2910 3407 'Arseuerse

615 3451 844 3493 monere
891 3440 1120 3494 uidetur
1169 3437 1229 3492 0.
1277 3437 1599 3494 Muellerus
1654 3437 1849 3512 aliquis
1907 3438 2059 3492 ocius
2115 3437 2169 3492 in
2227 3437 2369 3491 ostio
2420 3453 2467 3491 a.
2517 3452 2568 3490 u.
2617 3436 2910 3510 Berylcius

616 3523 836 3577 annali.
877 3523 1098 3594 philoll.
1151 3521 1315 3579 1870
1350 3539 1415 3593 p.
1465 3522 1586 3579 835
1832 3521 1955 3578 416
2002 3538 2107 3594 ego
2154 3538 2236 3576 me
2281 3537 2403 3576 esse
2454 3520 2681 3576 stultum
2728 3524 2904 3593 oriyq.

631 3604 912 3677 Wolfenb.
951 3607 1211 3664 Parisini
1249 3609 1362 3663 duo
1408 3624 1513 3678 ego
1559 3623 1643 3661 me
1687 3606 1916 3661 stultum
1961 3607 2111 3678 diff„
2156 3609 2333 3678 oriyq.
2380 3605 2633 3676 Monac„
2682 3606 2768 3660 ed.
2809 3623 2906 3675 pr.

617 3692 804 3745 altera
851 3708 958 3764 ego
1004 3707 1088 3747 me
1132 3692 1306 3764 ipsum
1352 3690 1582 3746 stultum
1626 3707 1747 3745 esse
1781 3693 1950 3764 ieulgyo
1994 3698 2213 3762 egomet
2258 3705 2341 3744 me
2381 3690 2609 3744 stultum
2648 3689 2772 3746 Ollo
2802 3705 2908 3761 ego

617 3781 814 3829 memet
857 3775 1084 3832 stultum
1131 3776 1469 3849 Spenyelius
1512 3780 1570 3831 in
1619 3776 1825 3831 Caecil.
1868 3793 1930 3847 p.
1982 3774 2055 3829 12
2228 3775 2488 3853 exestimo
2521 3774 2713 3829 Paris.
2744 3773 2907 3830 7582

616 3861 792 3933 oriyq.
965 3859 1171 3916 fatuum
1217 3876 1338 3915 esse
1383 3863 1562 3932 oriyy.
1608 3859 1765 3916 Mon.
1812 3860 1992 3916 Parr.
2039 3861 2151 3916 duo
2198 3858 2396 3914 iactum
2443 3874 2563 3913 esse
2622 3858 2905 3929 Wolfenb.

553 4013 567 4023 ἱ
615 3941 842 4009 (fatuum
888 3961 972 4000 me
1017 3961 1138 4001 esse
1184 3945 1289 4001 Gn.
1337 3944 1395 4012 α)
1440 3944 1648 3999 fatuum
1694 3960 1778 3999 me
1828 3944 1953 4001 Otto
2124 3942 2340 4015 opinior
2386 3939 2419 4012 (i
2461 3949 2612 4013 post.
2657 3946 2716 3997 in
2744 3941 2907 4013 ‘ras.)

615 4031 789 4102 oriqy.
822 4029 979 4085 Mon.
1012 4030 1177 4102 opino
1226 4029 1508 4100 Wolfenb.
1684 4027 1806 4085 417
1853 4028 2154 4083 miseritust
2182 4029 2397 4098 scripsi
2438 4026 2711 4082 miseritus
2754 4029 2907 4097 libri,

615 4115 769 4185 quod
807 4118 1044 4169 seruari
1077 4117 1278 4185 placet
1309 4113 1564 4186 Berylcio
1608 4116 1830 4170 annali.
1872 4113 2097 4185 philoll.
2145 4112 2310 4169 1870
2350 4130 2410 4183 p.
2443 4110 2589 4183 846,
2636 4113 2740 4168 sed
2782 4115 2909 4167 uide

617 4214 797 4267 supra
847 4199 1015 4254 Gellii
1056 4199 1256 4253 uerba.
1431 4197 1554 4254 418
1600 4215 1678 4254 an
1723 4214 1835 4253 non
1883 4197 2050 4253 iillum
2095 4197 2353 4269 possum?
2411 4196 2492 4267 cf.
2545 4195 2676 4253 Ter.
2724 4198 2906 4252 Andr.

617 4278 738 4337 256
785 4290 838 4337 et
885 4280 1026 4338 300.
1075 4281 1218 4337 411.
1267 4280 1387 4338 753
1419 4298 1550 4337 eun.
1584 4281 1665 4337 88
1712 4282 1938 4353 adelph.
1980 4281 2098 4337 135
2273 4279 2529 4335 obbrntui
2558 4282 2910 4355 Anquslinus

614 4369 672 4421 in
716 4384 897 4440 mary.
948 4364 1164 4421 obrutui
1209 4367 1346 4421 libri
1515 4365 1636 4423 419
1683 4383 1815 4421 caue
1861 4382 1928 4421 ne
1967 4368 2266 4438 praemitti
2300 4371 2493 4437 potest
