3400 5075
916 1283 1581 1372 DECIMVS
1675 1283 2437 1372 LABERIVS

1357 1471 1986 1545 ‚ALEXANDREA

681 1585 879 1664 'Quid
926 1593 1024 1654 est
1069 1589 1169 1654 ius
1214 1589 1603 1654 iurandum?
1651 1589 2072 1673 emplasizrum
2111 1588 2276 1653 aeris
2323 1588 2516 1653 alieni
2564 1637 2828 1653 .....

1324 1738 1577 1804 ANNA
1623 1738 2051 1804 PERENNA

1534 1855 1566 1920 Ι
1613 1853 1713 1940 (2)

798 1968 1176 2034 Gonlabella
1222 1970 1531 2034 osculum.

1568 2103 1634 2168 II
1682 2101 1785 2190 (1)

707 2219 1111 2305 gubernium.
1201 2220 1454 2304 planus,
1545 2242 1776 2285 nanus,

611 2447 622 2452 ”
661 2452 884 2500 LAnsm
920 2450 1306 2501 Arcanum-:A
1379 2450 1591 2501 Gellius
1627 2452 1757 2501 XVI
1794 2453 1851 2513 7,
1892 2453 1955 2499 14
1992 2451 2112 2500 ‘sed
2149 2452 2296 2500 enim
2333 2452 2390 2500 in
2428 2451 2620 2510 mimo,
2665 2465 2825 2515 quem

527 2518 779 2585 scripsit'
818 2517 1135 2582 (Laberius)
1173 2518 1625 2580 ‘Alexandr-eam,
1665 2518 1856 2569 eodem
1884 2518 2100 2584 quidem
2130 2535 2235 2584 quo
2259 2518 2485 2584 uulgus„
2521 2518 2617 2569 sed
2655 2519 2824 2584 probo

529 2589 843 2650 Latineque
887 2602 1018 2636 usus
1066 2592 1153 2636 est
1199 2587 1412 2638 Graeco
1457 2587 1756 2638 uocabulo:
1806 2588 2268 2653 emplastrum’
2314 2588 2821 2652 (emplaustrum

524 2656 703 2706 Paris.
752 2656 826 2705 In
863 2655 1223 2721 plastrum,
1252 2656 1306 2703 in
1326 2671 1431 2720 mg.
1455 2656 1906 2720 implastrum,
1936 2656 2072 2721 Reg.
2126 2655 2197 2704 In
2222 2655 2599 2719 plaustrum
2626 2656 2822 2707 Petau.

524 2732 683 2781 Voss.
710 2736 767 2781 et
790 2747 910 2796 sup.
940 2747 1007 2783 m.
1036 2729 1132 2779 alt.
1160 2728 1226 2781 a}
1264 2731 1613 2796 {plusti-113,
1667 2732 1850 2782 Germ.
1888 2731 2229 2796 inplestrfi
2261 2730 2396 2780 Thu.
2424 2729 2620 2795 Magl.)
2654 2732 2823 2782 ‘enim

527 2798 666 2849 dixit
701 2790 1058 2863 οὖθετέρως,
1097 2813 1207 2847 non
1243 2813 1444 2864 genere
1485 2799 1777 2862 feminine,
1815 2804 1878 2849 ut
1914 2799 2009 2848 isti
2046 2799 2253 2849 nouieii
2278 2798 2581 2849 semidocti.
2637 2799 2824 2849 Verba

528 2884 596 2917 ex
636 2883 699 2916 eo
736 2867 897 2931 mimo
943 2865 1198 2930 adposui:
1252 2866 1383 2930 quid
1434 2872 1542 2917 est*
1583 2882 1630 2916 e.
1669 2882 1721 2931 q.
1758 2882 1802 2917 s.
1883 2867 2039 2916 Inter
2074 2866 2299 2917 Publilii
2338 2865 2463 2931 Syri
2511 2871 2649 2916 sent.
2701 2867 2822 2917 sals.

536 2950 644 2985 rec.
687 2936 780 2984 182
817 2935 885 2983 W
923 2951 976 2998 p.
1017 2934 1113 2982 126

661 3004 811 3053 Amu
848 3001 1108 3050 PennMA
1178 3000 1263 3051 Cf.
1301 3001 1488 3051 Ouidii
1524 3002 1680 3050 Fast.
1708 3001 1793 3051 111
1817 3003 1916 3052 675
1952 3015 2071 3067 sqq.
2144 3001 2170 3050 1
2206 3001 2413 3051 Nonius
2437 3003 2522 3063 90,
2548 3004 2609 3050 ⁴21
2643 2993 2821 3051 ‘eon-

524 3069 803 3120 labella.
894 3070 1164 3118 Laberius
1219 3069 1562 3119 annalium
1618 3082 1954 3133 perannat
2015 3085 2058 3124 ο.
2106 3074 2184 3121 ο.’
2240 3068 2461 3133 (Anna
2514 3069 2822 3119 Perenna

522 3135 733 3200 Iunius)
874 3137 924 3186 11
964 3135 1177 3187 Gellius
1206 3136 1332 3187 XVI
1358 3139 1405 3197 7,
1444 3139 1507 3186 10
1543 3136 1835 3186 ‘Laberius
1860 3173 1873 3186 .
1900 3173 1913 3186 .
1939 3178 1951 3190 .
1978 3142 2267 3202 praeterea
2305 3137 2361 3185 in
2398 3136 2580 3185 Anna’
2621 3129 2822 3198 (‘amia’

519 3201 680 3270 Thu.)
727 3205 1008 3254 ‘Peranna
1061 3205 1461 3269 gubernium
1515 3219 1613 3268 pro
1668 3205 2040 3269 gubernatore
2095 3210 2152 3255 et
2205 3204 2474 3269 planum
2524 3220 2621 3269 pro
2667 3219 2822 3268 syco-

521 3273 728 3337 phanta
774 3278 831 3321 et
877 3287 1114 3321 nanum
1164 3288 1259 3337 pro
1309 3271 1606 3337 pumilione
1656 3272 1823 3333 dicit,
1875 3287 2205 3338 quamquam
2256 3270 2478 3335 planum
2526 3287 2624 3335 pro
2662 3288 2821 3335 syco-

522 3341 731 3404 phanta
759 3341 830 3392 M.
860 3354 1079 3403 quoque
1107 3338 1300 3389 Cicero
1338 3340 1394 3388 in
1423 3339 1672 3388 oratione
1712 3341 1975 3404 seriptum
2006 3339 2261 3403 reliquit,
2300 3352 2460 3402 quam
2498 3356 2594 3404 pro
2621 3338 2820 3390 Cluen-

521 3410 597 3457 tio
636 3408 816 3461 dixit)
889 3405 1089 3471 palm'i
1127 3408 1306 3457 Germ.
1445 3422 1676 3456 nanum
1714 3406 1773 3470 (n
1811 3408 1994 3472 priore
2032 3422 2099 3455 m.
2141 3422 2220 3470 pr.
2256 3421 2392 3456 corr.
2429 3422 2497 3456 ex
2534 3424 2602 3470 m,
2642 3407 2820 3458 altero

523 3492 660 3526 corr.
696 3491 760 3525 ex
797 3475 1012 3526 duabus
1049 3476 1158 3527 litt.
1195 3480 1260 3526 ut
1294 3474 1426 3538 uid.)
1464 3476 1621 3526 Voss.
1659 3489 1910 3525 manum
1947 3470 2143 3525 Pe'tau.
2182 3472 2364 3527 Germ.

697 3726 728 3781 1
777 3725 1062 3782 baccheos
1104 3726 1395 3781 dimensus
1437 3732 1566 3782 erat
1610 3728 1669 3781 in
1715 3726 1796 3781 M.
1839 3726 2071 3782 Hertzii
2113 3726 2353 3782 editione
2384 3726 2818 3793 FleckeiscnuS,

524 3812 742 3867 iambos
785 3815 843 3867 in
890 3814 1052 3882 epist.
1102 3813 1232 3865 crit.
1282 3812 1361 3865 cul
1402 3812 1641 3866 eundem
1681 3828 1743 3882 p.
1791 3809 1875 3868 40
1927 3810 2133 3867 hosce.-
2190 3809 2317 3882 quid
2374 3818 2457 3865 est
2504 3811 2585 3866 iiis
2643 3814 2820 3868 iuran-

524 3894 683 3950 dum?
729 3895 1078 3969 emplastrum
1108 3893 1264 3949 alieni
1296 3894 1432 3950 aeris
1466 3936 1479 3949 .
1515 3935 1528 3950 .
1559 3899 1876 3967 proposuit.
1940 3896 2063 3967 Eyo
2095 3896 2221 3951 olim
2263 3897 2494 3951 iambici
2536 3901 2824 3953 octonarii

517 3980 775 4051 frustum
822 3983 1142 4052 proposui,
1199 3996 1356 4035 nunc
1412 3981 1721 4036 trochaeos
1772 3980 2060 4052 praefero
2275 3980 2402 4051 quid
2448 3973 2554 4056 est]
2604 3980 2816 4053 quidem

541 4063 697 4122 Voss.
871 4063 1206 4137 implastrum
1241 4064 1415 4137 Mayt.
1450 4065 1629 4137 Luqd.
1680 4065 1999 4138 inplastrum
2053 4065 2188 4138 Rey.
2228 4064 2371 4121 Thu.
2418 4065 2611 4122 Paris.
2664 4066 2817 4123 Voss,

524 4151 577 4205 in
623 4148 866 4223 plaustri]
915 4149 1105 4205 Germ.
1165 4148 1522 4223 inplausuum
1568 4150 1773 4206 Petau.
1945 4151 2054 4205 aeri
2118 4150 2274 4207 Voss·
2493 4149 2529 4206 2
2577 4154 2821 4211 creticos

527 4237 758 4308 agnouit
803 4234 1051 4291 Botln‘us
1097 4233 1133 4289 2
