3400 5075
729 312 771 374 C
1612 314 2139 376 COROLLARIVM

772 483 858 548 92
903 482 1246 569 Nusquam
1294 483 1590 549 deveniet
1636 485 1748 569 qui
1795 485 2021 549 omnes
2072 483 2362 569 sequitur
2408 480 2749 572 semitas.⁸)

772 590 858 656 96
903 589 1057 656 Non
1103 587 1302 655 miser
1348 596 1449 656 est
1493 592 1622 656 nisi
1668 592 1781 676 qui
1828 590 2136 656 miserum
2187 614 2255 657 00
2304 614 2444 656 0000
2492 588 2856 659 existumet.
2859 589 2909 679 ⁹)

730 696 855 761 129
901 694 1210 763 Felicitas
1255 720 1390 765 non
1434 720 1651 764 secum
1697 698 1933 783 recipit
1978 696 2329 763 miseriam.
2336 696 2413 785 ¹⁰)

732 802 855 870 137
903 802 1058 872 Νο11
1101 805 1240 871 tam
1287 826 1451 890 quae
1495 804 1773 907 prosint,
1818 826 2015 891 quam
2061 827 2225 890 quae
2274 805 2603 870 attineant
2648 804 2885 889 cogita.
2890 802 2965 891 ¹¹)

903 1017 1005 1083 Ne
1068 1016 1279 1085 Sexti
1341 1018 1601 1105 quidem
1664 1018 1873 1103 illius,
1943 1042 2104 1104 quas
2174 1017 2490 1104 Origenes
2554 1017 2767 1084 medio
2832 1017 3027 1084 tertio

725 1149 788 1211 p.
836 1122 986 1190 Chr.
1035 1125 1294 1192 saeculo
1343 1123 1585 1190 Graece
1632 1126 1823 1212 legit,
1868 1149 2021 1191 mox
2076 1130 2308 1212 quarto
2354 1125 2630 1207 Rufinus
2682 1124 3029 1208 presbyter

728 1233 800 1297 in
853 1231 1190 1316 Latinum,
1254 1235 1406 1297 ante
1460 1237 1715 1296 sextum
1790 1236 2008 1298 autem
2074 1230 2225 1316 Syri
2298 1232 2686 1316 interpretes
2760 1232 2885 1296 duo
2958 1232 3028 1296 in

727 1336 1072 1423 Syriacum
1112 1360 1473 1404 sermonem
1504 1341 1852 1424 verterunt,
1900 1338 2260 1404 sententiae
2287 1338 2466 1403 nullo
2515 1359 2662 1403 cum
2707 1337 3025 1423 florilegio

727 1450 953 1510 nostro
1011 1445 1421 1531 cognationis
1469 1445 1726 1511 vinculo
1775 1446 2157 1510 coniunctae
2206 1449 2374 1509 sunt.
2419 1467 2573 1509 nam
2620 1466 2765 1510 cum
2813 1466 2847 1507 e
2894 1444 3025 1509 Me-

724 1551 956 1618 nandri
1001 1551 1431 1621 monostichis
1476 1550 1662 1639 (463)
1710 1552 1920 1636 petita
1976 1553 2065 1617 sit
2120 1550 2370 1617 Graeca
2429 1551 2504 1615 11
2566 1575 2627 1636 p.
2682 1550 2736 1615 L
2791 1551 2859 1615 111
2912 1573 3025 1615 110-

729 1658 1003 1724 vissima
1059 1657 1539 1723 Gildemeisteri
1577 1658 1912 1745 editione,
1976 1659 2331 1743 reddatque
2385 1657 2626 1723 Latina
2682 1657 2764 1721 89
2822 1681 2882 1741 p.
2945 1658 3025 1720 14

729 1765 803 1831 G.
849 1765 1208 1831 versiculos
1256 1765 1417 1829 duos
1466 1762 1768 1849 Gregorii
1813 1764 2210 1829 Nazianzeni
2255 1764 2322 1828 H
2367 1787 2428 1848 p.
2477 1763 2627 1847 606,
2674 1763 2806 1827 alia
2852 1763 3027 1827 dicta

725 1872 1218 1938 memorabilem
1262 1870 1331 1935 in
1377 1870 1640 1935 modum
1687 1870 2076 1936 Publilianis
2124 1872 2512 1955 quibusdam
2560 1870 2803 1934 similia
2850 1873 3026 1934 sunt:

727 1982 990 2064 praeter
1041 2002 1104 2043 n.
1163 1978 1244 2042 79
1299 1976 1409 2043 hoc
1451 1976 1651 2043 solum
1697 1977 1812 2042 tibi
1842 1977 2176 2060 proprium
2221 1979 2404 2042 dicito
2448 1979 2611 2059 quod
2652 1978 2877 2041 bonu-m
2921 1981 3023 2055 est,

726 2108 892 2170 quae
951 2085 1032 2149 ad
1089 2082 1240 2169 Syri
1295 2107 1353 2149 v.
1399 2083 1529 2148 379
1579 2082 1924 2168 adscripsi,
1980 2083 2084 2148 vel
2137 2082 2302 2148 haec
2358 2084 2654 2167 exem'pla
2701 2082 3025 2148 conferas:

728 2192 813 2258 83
861 2192 1079 2276 linqua
1122 2190 1510 2274 maleloquax
1551 2191 1856 2255 indicium
1891 2195 1981 2257 est
2013 2192 2236 2257 mentis
2262 2190 2466 2255 malae
2493 2189 2650 2255 olim
2682 2212 2721 2253 a
2748 2189 3023 2257 Pithoeo

725 2297 798 2363 in
846 2297 1173 2363 senarium
1219 2295 1390 2362 hunc
1437 2296 1771 2362 conclusa:

993 2404 1220 2489 lingua
1265 2403 1366 2468 est
1409 2403 1812 2489 maliloquax
1858 2403 2095 2467 mentis
2142 2402 2455 2468 indicium
2500 2404 2713 2469 malae

725 2508 927 2598 (apud
971 2510 1423 2577 Woelfflinum
1468 2532 1530 2595 p.
1582 2510 1708 2576 126
1755 2533 1812 2576 v.
1865 2510 2017 2576 187:
2075 2509 2154 2576 cf.
2203 2510 2473 2596 append.
2521 2531 2703 2575 meae
2748 2532 2808 2576 v.
2864 2507 3023 2596 267)

739 2640 906 2704 quae
951 2617 1150 2703 paulo
1198 2618 1398 2683 etiam
1445 2618 1808 2704 elegantius
1855 2617 1950 2682 sic
1997 2617 2388 2682 conformari
2434 2619 2734 2702 possunt:

1054 2722 1418 2809 maliloqua
1463 2725 1692 2810 lingua
1737 2724 1973 2789 mentis
2020 2724 2401 2789 indiciumst
2446 2725 2675 2789 malae.

725 2831 807 2896 ad
868 2855 931 2897 n.
996 2832 1083 2897 90
1138 2853 1215 2895 ex
1264 2830 1578 2915 Syrorum
1636 2831 2202 2915 interpretatione:
2256 2831 2418 2896 nih-il
2462 2831 2638 2895 cuius
2681 2829 2925 2895 tandem
2971 2834 3025 2894 te

713 2938 1045 3022 poenitebit
1084 2937 1288 3020 facias
1349 2937 1428 3003 cf.
1491 2938 1678 3002 Publ.
1736 2934 1880 3022 Syr.
1949 2939 1980 3002 1
1994 2938 2102 3003 ll:
2166 2958 2306 3004 cave
2366 2940 2693 3019 quicquam
2756 2936 3024 3017 inciffias

721 3046 887 3129 quod
936 3046 1254 3127 paeniteat
1284 3048 1516 3126 postea.
1636 3043 1718 3107 ad
1774 3042 1954 3109 Sexti
2008 3067 2069 3108 n.
2134 3045 2219 3108 93
2277 3041 2465 3129 (adde
2521 3064 2686 3127 quae
2742 3042 2811 3106 in
2856 3042 3019 3107 Her-

723 3173 869 3218 mae
925 3152 1052 3216 vol.
1104 3150 1201 3216 IV
1255 3172 1318 3234 p.
1366 3150 1449 3215 88
1508 3149 1880 3232 composuit
1936 3147 2417 3237 Gildemeister)
2483 3148 2563 3213 cf.
2626 3148 2811 3213 Publ.
2877 3147 3021 3231 Syr.

727 3258 872 3323 132.
960 3257 1226 3342 Integer
1262 3255 1556 3321 senarius
1601 3278 1995 3340 quamquam
2042 3259 2216 3323 certe
2258 3278 2392 3321 non
2439 3255 2688 3339 antiqui
2737 3255 3021 3321 auctoris

722 3368 825 3431 est
866 3387 929 3429 n.
976 3363 1136 3430 312:

992 3469 1205 3535 malus
1251 3468 1355 3534 vir
1397 3489 1531 3534 11011
1575 3469 1719 3535 vult
1762 3469 1904 3536 6000
1949 3468 2442 3554 providentiam.

721 3576 950 3662 Neque
994 3576 1224 3642 in'illo
1271 3598 1332 3640 n.
1380 3576 1538 3642 393:

997 3680 1263 3747 mentiri
1306 3682 1376 3747 in
1422 3683 1562 3748 vita
1606 3682 1901 3768 decipere
1949 3687 2051 3748 est
2097 3687 2163 3749 et
2207 3683 2418 3768 decipi

725 3790 1073 3875 quicquam
1117 3788 1360 3855 mutari
1408 3812 1570 3873 opus
1615 3789 1760 3855 fuit.

871 3982 914 4051 ⁸)
954 3981 1050 4050 qui
1087 3983 1225 4050 quot
1258 3982 1416 4037 videt
1452 3980 1704 4051 sequitur
1739 3982 1911 4038 calles
1952 3982 2022 4050 νς
2062 3982 2131 4038 cf.
2171 3988 2238 4038 88
2278 3982 2492 4039 Seneca
2527 3984 2687 4054 epist.
2717 3991 2802 4053 45,
2837 3993 2861 4040 1
2975 3985 3018 4053 ⁹)

724 4088 838 4126 non
875 4071 962 4125 est
997 4070 1166 4125 miser
1200 4069 1311 4125 11101
1347 4070 1443 4139 (1111
1481 4087 1541 4125 00
1578 4087 1699 4126 0000
1739 4071 1917 4126 credit
1963 4071 2249 4140 (miserum
2294 4075 2466 4142 putat
2512 4074 2680 4142 Colb.)
2737 4073 2790 4127 V
2954 4075 3017 4143 ι’0)

725 4176 839 4215 11011
875 4159 963 4213 001
995 4158 1237 4215 felicitas
1276 4175 1418 4228 quae
1457 4175 1645 4213 secum
1680 4178 1724 4213 r.
1762 4177 1837 4213 m.
1878 4159 1931 4215 V
2075 4161 2141 4232 ¹¹)
2170 4164 2392 4217 tantum
2423 4164 2551 4217 Pat.
2625 4159 2844 4230 prosint
2872 4161 3016 4217 Colb.

725 4248 959 4316 prosunt
994 4247 1178 4301 Αἰγεῖ).
1221 4249 1349 4302 Pat.
1424 4266 1594 4317 quam
1631 4249 1817 4303 Atreb.
1847 4249 1944 4303 sed
1978 4249 2103 4324 Pac.
2137 4249 2280 4306 Colb.
2357 4249 2571 4322 cogita]
2602 4248 3020 4305 considerentur

727 4336 1061 4408 (consideret
1100 4336 1226 4391 Pat.
1269 4337 1440 4408 C'olb.)
1488 4338 1542 4393 V
