3400 5075
608 335 837 394 CXXVI
1499 335 1596 390 AD
1637 334 1997 392 TRAGICOS

609 505 798 585 putes
869 500 1186 564 camelum
1255 500 1461 583 loqui,
1531 522 1663 564 non
1732 487 2144 583 Eriphylam.
2240 498 2478 564 Parum
2547 498 2912 586 elegantem

608 606 1074 692 septenarium,
1118 609 1194 671 ut
1238 611 1428 692 pute,
1473 606 1881 672 trochaicum
1928 606 2058 669 his:
2108 605 2269 690 ‘em,
2315 611 2576 690 praesto
2607 612 2733 691 est3
2779 610 2909 672 iam

607 735 784 779 cerno
830 714 1069 780 collum
1115 711 1414 799 gravem'
1462 712 1675 778 claudi
1723 713 1907 777 iubet
1943 710 2311 796 Madvigius
2339 711 2609 778 AdverS.
2649 714 2715 778 Π
2761 714 2910 778 659.

785 837 917 902 303
976 839 1155 903 viden
1211 843 1278 903 tu
1331 843 1403 902 ut
1455 837 1664 904 conici
1720 858 1913 921 posse
1970 837 2225 902 monuit
2279 836 2400 902 Ed.
2446 836 2695 904 Becker
2741 837 2908 903 stud.

607 945 639 1009 I
687 946 836 1010 273.

786 1071 915 1135 308
962 1075 1034 1134 ut
1085 1090 1251 1133 nunc
1303 1090 1442 1134 sum
1497 1071 1843 1148 animatus,
1907 1071 1968 1135 si
2018 1070 2177 1148 iere,
2230 1071 2385 1134 satis
2437 1075 2720 1134 armatus
2771 1090 2910 1133 sum

609 1176 981 1261 Madvigius
1027 1175 1297 1240 AdverS.
1342 1176 1407 1240 Π
1454 1177 1603 1242 660.
1676 1175 1757 1240 cf.
1801 1174 2020 1239 Plauti
2057 1173 2293 1241 Bacch.
2330 1177 2481 1241 942.

786 1284 914 1348 319
960 1283 1280 1367 armatus]
1326 1285 1622 1348 advorsus
1666 1282 1838 1347 idem
1884 1305 1947 1366 p.
1994 1283 2120 1348 667
2169 1283 2388 1348 inutili
2435 1284 2815 1348 mutatione.

785 1410 917 1473 320
962 1412 1029 1472 et
1074 1409 1201 1472 321
1253 1406 1574 1493 Bergkius
1616 1406 1851 1471 Philol.
1878 1404 2159 1471 XXXIII
2205 1408 2336 1472 272
2383 1408 2475 1473 sic
2523 1430 2907 1493 componere

606 1539 804 1581 ausus
843 1520 968 1580 est:
2317 1595 2327 1604 ⁵

2194 1622 2479 1687 incursio

743 1730 839 1795 sta
884 1734 1027 1793 erat
1073 1729 1266 1793 acris:
1311 1727 1557 1792 Martes
1605 1727 1804 1792 armis
1852 1728 1977 1793 duo
2025 1748 2410 1813 congressos
2458 1731 2764 1795 crederes,

783 1856 913 1921 333
962 1877 1055 1939 sq.
1101 1852 1555 1935 Septenarium
1601 1853 2004 1917 trochaicum
2053 1853 2269 1917 metiri
2317 1855 2567 1919 mavult
2594 1855 2764 1920 idem
2793 1855 2834 1919 l.
2865 1856 2905 1921 l.

607 1964 738 2029 275
750 2013 768 2048 ,
814 1984 894 2026 ne
943 1959 1107 2025 alios
1155 1961 1338 2044 sequi
1387 1959 1698 2025 videatur.

784 2084 914 2149 343
975 2089 1043 2149 tu
1101 2083 1306 2149 autem
1365 2086 1528 2166 quod
1581 2106 1807 2167 quaero
1864 2086 1975 2150 abs
2036 2091 2090 2150 tc
2146 2086 2343 2150 e'noda
2399 2092 2456 2151 et
2511 2086 2716 2169 quae’s
2772 2086 2903 2174 (vel

611 2189 804 2277 qui's)
850 2191 1088 2273 caplim
1133 2191 1296 2255 coni.
1343 2189 1463 2255 Ed.
1507 2189 1754 2291 Becker
1801 2191 1841 2256 l.
1888 2192 1928 2256 1.
1979 2193 2124 2258 183.

784 2315 909 2379 347
961 2336 1054 2400 sq.
1117 2313 1292 2380 Vera
1345 2336 1486 2379 esse
1543 2292 1670 2380 silii
1729 2316 2056 2400 persuasit
2109 2315 2477 2402 Madvigius
2524 2316 2795 2383 Advers.
2840 2318 2904 2383 II

606 2422 737 2489 660
779 2421 968 2486 haec:
2901 2469 2903 2473 ,

1339 2530 1629 2613 diffidens
1671 2534 1903 2616 autem,
1946 2551 2024 2596 ne
2065 2530 2186 2613 fide

737 2637 1002 2704 retu-rhet
1035 2636 1304 2723 vulgum
1348 2640 1640 2723 ambiyua
1683 2659 1759 2702 ao
1792 2639 1893 2702 ius
1936 2638 2143 2717 ebitat,
2199 2659 2455 2703 moeros
2504 2637 2769 2703 dissicit.

606 2765 840 2850 quibus
890 2761 1184 2848 equidem
1228 2762 1395 2827 nihil
1441 2764 1573 2828 vidi
1618 2762 1791 2848 quod
1838 2763 1920 2827 ab
1970 2784 2129 2827 sana
2176 2766 2313 2827 arte
2361 2764 2571 2850 magis
2610 2764 2784 2829 omni
2823 2785 2901 2827 ex

603 2874 790 2957 parte
837 2869 1206 2935 abhorreat.

784 2996 916 3061 390
960 2995 1135 3059 humi
1178 2993 1497 3080 Bergkius
1542 2994 1585 3059 l.
1628 2995 1675 3060 l.
1720 2994 1878 3080 273,
1923 2995 2200 3081 egregie.

781 3105 911 3168 417
962 3108 1104 3167 tune
1147 3103 1264 3168 illa
1309 3103 1531 3168 Medea
1575 3100 2028 3187 esMadvigius
2056 3101 2417 3168 AdverS.II
2465 3104 2620 3188 660,
2666 3105 2898 3189 quibus

605 3234 750 3276 mea
793 3212 987 3295 longe
1033 3209 1349 3294 praefero·

779 3336 912 3400 433
960 3333 1294 3400 Leidensis
1341 3334 1578 3398 indicio
1626 3331 1769 3419 (ubi
1815 3336 2059 3416 credito,
2107 3333 2219 3397 sed
2266 3356 2427 3399 corr.
2473 3357 2504 3399 o
2537 3338 2897 3421 posteriore

605 3466 681 3507 ex
737 3444 763 3506 i
816 3438 1085 3527 legitur)
1152 3464 1308 3505 usus
1376 3441 1595 3505 extitit
1649 3462 1856 3526 nuper
1912 3441 2020 3525 qui
2076 3441 2432 3526 corrigeret
2485 3442 2730 3506 oroditi'
2785 3465 2897 3528 mc,

603 3549 789 3614 valde
836 3548 903 3612 id
949 3547 1206 3633 quidem
1250 3548 1696 3632 probabiliter.

779 3657 910 3721 437
958 3657 1186 3721 sensim
1229 3656 1503 3720 conlocat
1544 3677 1668 3720 sese
1713 3653 2031 3739 Bergkius
2077 3654 2119 3719 1.
2166 3655 2205 3718 l.
2252 3655 2403 3720 299.

780 3781 914 3845 442
960 3780 1271 3846 oboedibat
1314 3781 1385 3844 in
1428 3780 1563 3844 eius
1611 3779 1783 3862 quod
1826 3777 2136 3843 traditum
2185 3782 2286 3843 est
2330 3780 2642 3846 oboediens
2686 3782 2898 3847 locum

602 3888 797 3952 nimis
846 3885 1152 3951 audacter
1199 3888 1507 3952 substitui
1554 3886 1735 3951 iubet
1782 3886 1859 3954 A.
1906 3880 2119 3949 Luchs
2167 3885 2334 3950 stud.
2376 3886 2427 3951 I.
2472 3888 2622 3953 442.

782 4012 914 4076 445
969 4010 1145 4095 eum]
1200 4033 1338 4076 eum
1397 4010 1604 4075 conici
1657 4032 1849 4095 posse
1905 4009 2223 4094 Bergkius
2279 4011 2321 4076 l.
2369 4010 2412 4075 1.
2469 4011 2594 4076 257
2653 4013 2897 4077 frustra

603 4119 958 4185 adnotavit.

779 4245 912 4310 448
986 4267 1081 4329 sq.
1157 4242 1645 4310 Pentametrum
1717 4244 2117 4311 trochaicum
2192 4241 2574 4309 Callimachi
2649 4241 2894 4307 scilicet

586 4352 897 4437 exemplo
943 4350 1318 4437 tragoediae
1366 4350 1590 4415 intulit
1630 4350 1803 4416 idem
1848 4375 1909 4435 p.
1957 4351 2105 4416 308.
