3400 5075
1301 292 1826 347 COROLLARIVM
2581 296 2707 349 xm

404 458 549 520 lum
607 456 927 520 excidisse
982 456 1277 538 suspicor
1334 456 1615 520 nendum
1667 456 1766 519 vel
1815 456 2157 543 monebam,
2213 459 2286 518 ut
2341 460 2712 521 octonarius

406 564 740 627 iambicus
787 562 1062 626 oriatur:

548 669 873 733 monebam
917 690 1099 750 quom
1145 670 1218 732 dc
1263 669 1530 749 φεύηὶο,
1575 669 1723 733 stilo‘
1763 672 1853 732 mi
1887 671 2155 752 pnpuqit
2201 672 2269 732 {n
2315 690 2589 732 mamam.

597 777 701 840 53.
751 777 933 852 Quod
982 775 1279 857 supplevi
1327 776 1441 851 «lic,
1498 776 1664 839 idem
1696 775 2128 839 Ritschelium
2159 776 2344 839 video
2392 776 2459 839 in
2508 776 2711 838 simil-

409 883 576 945 limo
632 882 852 945 Plauti
908 882 1054 945 loco
1111 879 1343 963 (Stich.
1398 882 1549 965 118)
1606 883 1929 964 posuisse:
1987 885 2142 965 ‘age
2200 888 2270 946 tu
2326 886 2458 947 die:
2513 882 2716 945 utrcist

412 989 712 1052 condicio
760 988 1038 1071 pensior,
1084 986 1507 1071 Virginemne
1556 1011 1639 1051 an
1689 988 1948 1052 viduam
1994 988 2312 1052 habere?’

596 1093 877 1157 Versum
924 1093 1011 1156 55
1070 1115 1433 1175 anonymus
1482 1094 1700 1157 nescio
1749 1096 1895 1178 quis
1947 1096 2014 1158 in
2061 1095 2270 1158 indice
2318 1095 2427 1179 qui
2476 1096 2714 1169 dicitur

417 1201 820 1284 philologico
868 1199 1201 1263 Leutschii
1262 1201 1573 1283 auspiciis
1631 1201 1805 1265 edito
1854 1224 1908 1264 a.
1964 1203 2124 1264 1871
2178 1225 2238 1284 p.
2295 1202 2371 1264 13
2427 1202 2519 1264 sic
2567 1224 2714 1284 pro·

416 1307 704 1370 habilius
753 1329 948 1390 quam
995 1306 1402 1370 Luebbertus
1449 1307 1791 1370 restituere
1839 1308 1965 1371 sibi
2016 1309 2193 1371 visus
2241 1311 2366 1370 est:

1273 1413 1520 1496 edepol,
1568 1410 1841 1496 Cupide,

696 1541 842 1583 cum
874 1521 1026 1589 rtam
1073 1520 1426 1603 pausillu’s,
1471 1522 1529 1582 is
1568 1520 1767 1582 nimis
1814 1521 2091 1584 multum
2141 1521 2318 1585 vales
2367 1576 2400 1591 ν
2427 1582 2524 1593 ,-

416 1627 604 1691 0111118
664 1626 995 1689 inauditae
1067 1626 1508 1707 absurdaeque
1575 1630 1939 1690 structurae
2003 1627 2300 1709 exempla
2365 1625 2576 1687 adfert
2638 1648 2712 1686 ex

418 1732 699 1815 Epidico
750 1732 1051 1795 Plautina
1108 1732 1234 1795 duo
1290 1730 1591 1815 (quorum
1647 1734 1924 1795 alterum
1980 1731 2076 1794 III
2122 1733 2192 1813 4,
2239 1732 2325 1793 80
2383 1730 2629 1812 pridem
2679 1753 2716 1792 a

418 1838 822 1902 Buechelero
871 1838 1027 1902 decl.
1066 1839 1182 1901 lat.
1221 1839 1306 1900 56
1355 1838 1768 1901 emendatum
1816 1836 1961 1921 est),
2019 1839 2126 1901 ubi
2176 1842 2328 1921 post
2372 1836 2715 1899 relativum

421 1946 676 2008 scilicet
723 1966 1077 2027 pronomen
1118 1944 1627 2007 demonstrativo
1675 1945 1848 2020 idem
1886 1945 2245 2008 subiectum
2296 1944 2557 2007 effertur
2603 1965 2716 2005 no-

422 2052 680 2115 tissimo
728 2051 988 2134 quidem
1045 2055 1111 2112 et
1157 2050 1709 2132 frequentissimo,
1766 2051 1876 2113 sed
1925 2051 2007 2113 ab
2065 2051 2255 2124 huius
2313 2051 2439 2113 loci
2500 2049 2715 2111 indole

420 2158 617 2240 plane
665 2157 879 2221 alieno
919 2178 1055 2219 usu.
1112 2178 1238 2239 quo
1279 2157 1530 2220 accedit
1565 2158 1737 2240 quod
1775 2180 1891 2240 per
1936 2157 2096 2220 duos
2137 2180 2357 2221 versus
2397 2157 2534 2218 sine
2581 2155 2716 2217 ulla

420 2264 891 2348 probabilitate
938 2262 1172 2325 misere
1216 2262 1542 2345 discerpta
1588 2267 1741 2326 sunt
1788 2264 2001 2327 verba.

605 2370 685 2433 V.
724 2371 829 2434 57.
883 2368 1153 2433 Dissicis
1198 2374 1264 2430 et
1300 2370 1366 2432 in
1396 2367 1663 2433 Caecilii
1695 2392 1753 2433 v.
1782 2371 1910 2432 239
1957 2371 2172 2433 dissice
2199 2391 2425 2431 vereor
2455 2372 2528 2431 ut
2555 2368 2716 2430 satis

424 2483 603 2541 recte
651 2476 1063 2541 servaverim.
1129 2496 1333 2557 neque
1380 2477 1552 2539 enim
1611 2476 1941 2540 adsentior
1985 2476 2036 2540 F
2043 2475 2430 2556 leckeisenO,
2484 2475 2591 2558 qui
2649 2477 2718 2537 111

425 2584 667 2647 annall.
714 2583 964 2665 philoll.
1016 2583 1186 2647 1863
1235 2605 1295 2664 p.
1349 2583 1470 2644 199
1520 2583 1662 2645 adn.
1713 2582 1869 2645 olim
1918 2583 2241 2665 prolatam
2289 2583 2574 2665 satisque
2622 2604 2718 2644 re·

423 2689 708 2752 futatam
756 2689 1147 2772 opinionem,
1185 2711 1313 2771 qua
1357 2690 1639 2752 dissicere
1684 2689 1963 2753 formam
2013 2713 2051 2752 a
2096 2689 2490 2752 disiaciendo
2539 2710 2718 2769 rape-

425 2797 740 2878 tiverunt,
800 2796 1214 2860 resuscitavit
1272 2799 1338 2857 et
1395 2796 1490 2858 ita
1550 2796 1810 2857 firmare
1872 2796 2137 2876 studuit,
2184 2801 2254 2860 ut
2299 2795 2455 2857 duce
2512 2792 2717 2856 Lach-

428 2924 668 2965 manno
726 2899 951 2984 (Lucr.
998 2926 1057 2985 p.
1113 2900 1271 2986 128)
1327 2902 1728 2984 geminatam
1781 2901 1983 2964 fuisse
2039 2905 2500 2964 consonantem
2555 2921 2588 2964 s
2642 2923 2717 2962 eo
2839 2915 2850 2926 ’

425 3006 701 3070 consilio
750 3010 1083 3090 statueret,
1130 3012 1204 3070 ut
1247 3011 1313 3071 ct
1356 3008 1680 3090 positione
1728 3008 2079 3090 productae
2128 3009 2421 3090 syllabae
2468 3007 2718 3088 primae

425 3135 732 3176 mensura
770 3117 836 3177 et
874 3115 1201 3197 sequentis
1238 3116 1264 3177 i
1301 3113 1653 3198 singularis
1682 3114 1999 3196 quaedam
2038 3119 2273 3177 natura
2307 3114 2720 3176 indicaretur.

427 3207 931 3284 adsimilationis
987 3221 1275 3304 quidem,
1320 3242 1450 3284 non
1507 3220 1969 3303 geminationis
2031 3221 2327 3302 exempla
2380 3221 2447 3282 in
2503 3219 2718 3281 verbis

426 3327 811 3409 compositis
859 3332 963 3389 sat
1009 3327 1167 3389 trita
1205 3331 1380 3390 sunt:
1425 3328 1654 3390 reccido
1690 3328 1947 3390 redduco
1983 3328 2302 3407 relliquiae
2347 3325 2443 3408 (111
2482 3325 2717 3408 quibus

426 3434 535 3495 red
580 3433 982 3516 praepositio
1029 3432 1237 3518 latet),
1282 3433 1517 3515 quibus
1567 3433 1858 3496 addenda
1902 3433 2097 3510 affero
2142 3453 2376 3513 (tyyero,
2424 3433 2718 3493 sescenta

426 3539 577 3602 alia.
647 3540 757 3602 sed
805 3538 1098 3602 inaudita
1144 3539 1333 3603 talia:
1379 3539 1610 3601 abbicio
1656 3539 1898 3602 addicio
1945 3540 2176 3600 innicio
2223 3542 2289 3600 et
2334 3536 2603 3617 similia,
2649 3537 2718 3599 111

424 3645 661 3728 quibus
708 3667 840 3709 non
885 3644 1393 3728 praepositionis
1442 3648 1925 3728 consonantem,
1971 3645 2081 3708 sed
2132 3644 2308 3709 verbi
2357 3644 2648 3707 vocalem
2695 3644 2720 3704 i

404 3775 467 3814 ·a
531 3752 922 3836 quibusdam
987 3751 1388 3836 geminatam
1452 3752 1654 3814 fuisse
1730 3754 2004 3815 constat.
2085 3773 2359 3835 quorum
2423 3751 2718 3832 exemplo

424 3859 666 3922 disiicae'o
714 3858 1124 3922 scribendum
1174 3862 1339 3938 erat,
1385 3880 1516 3922 non
1562 3858 1823 3922 dissicit).
1883 3857 2020 3921 Nec
2065 3879 2194 3921 non
2241 3857 2503 3921 disertis
2550 3861 2720 3919 vete-

426 3987 573 4027 rum
628 3964 997 4047 praeceptis
1047 3965 1225 4028 verbi
1271 3966 1552 4029 dissicere
1599 3964 1784 4046 origo
1840 3964 2033 4047 plane
2080 3965 2336 4028 diversa
2381 3963 2720 4027 indicatur.

428 4093 585 4134 nam
640 4070 1015 4134 Priscianus
1076 4094 1137 4153 p.
1191 4071 1359 4134 1002
1405 4067 1558 4152 (quo
1614 4069 1760 4152 ipso
1816 4070 1960 4134 loco
2015 4093 2355 4154 perperam
2411 4090 2564 4131 usus
2623 4071 2724 4130 est

430 4174 920 4262 Fleckeisenus)
977 4198 1122 4239 cum
1178 4176 1246 4240 in
1300 4176 1404 4239 his
1463 4176 1591 4240 ‘dis
1644 4176 2066 4259 praeponitur
2120 4177 2374 4260 quando
2433 4174 2722 4256 sequitur

429 4304 463 4344 c
514 4282 615 4345 vel
662 4282 695 4344 f
736 4283 838 4345 vel
876 4304 919 4363 p
966 4282 1070 4344 vel
1109 4304 1139 4345 s
1187 4282 1287 4345 vel
1327 4288 1356 4345 t
1402 4282 1502 4346 vel
1540 4283 1562 4345 i
1610 4283 1753 4345 loco
1793 4284 2228 4366 consonantis,
2274 4286 2346 4344 ut
2382 4280 2718 4344 discumbo
