3400 5075
1538 283 1865 334 'r1T1N1vs
2730 287 2845 349 151

1549 439 1713 502 XIII
1797 443 1830 503 7

731 603 744 616 .
811 605 823 616 .
875 576 1062 636 quenl
1116 552 1232 641 [ut]
1284 557 1506 638 procul
1554 439 2099 641 asp6ffl{,)[intro]
2151 555 2395 620 mittier

558 669 681 732 125
730 667 984 752 Voluit,
1030 671 1325 754 reuertit,
1373 671 1557 754 quiisi
1605 693 1800 754 quom
1849 672 2181 755 catapulta
2227 674 2460 737 euolat.

1521 821 1680 885 xlv
1730 819 1876 908 (16)

729 934 823 998 De
873 936 1014 999 aedi
1062 960 1338 1021 summa,
1386 961 1512 1021 quo
1562 938 1854 1002 iiuolauit
1899 940 2109 1023 gaeillus
2158 942 2569 1025 gallinaceus.

1195 1167 1206 1173 .
1561 1088 1682 1152 xv
1732 1089 1830 1173 (ι)

726 1200 1057 1286 Sapientia
1105 1204 1500 1286 gubernator
1548 1226 1781 1268 nauem
1830 1208 2114 1291 tel-quet,
2162 1209 2322 1272 haut
2369 1209 2680 1272 ualentia:

725 1316 932 1382 Coeus
989 1321 1296 1404 mzignum
1357 1319 1663 1403 ahenum,
1722 1322 1977 1404 qiuindo
2026 1324 2248 1407 fei-uit,
2304 1324 2499 1406 paula
2545 1324 2842 1388 confutait

2249 1442 2411 1502 trua.

1522 1550 1681 1615 XVI
1728 1551 1873 1637 (11)

1824 1669 2122 1730 incensus
2170 1669 2626 1733 architectonis

677 1865 808 1915 XIII
854 1865 1065 1914 Nonius
1115 1866 1242 1924 552,
1296 1866 1356 1912 13
1405 1862 1828 1927 ‘catapulta,
1876 1862 2115 1912 iaculum
2161 1863 2310 1914 celer
2356 1865 2442 1915 uel
2495 1866 2702 1929 sagitta
2742 1901 2753 1912 .
2785 1903 2796 1914 .
2827 1902 2838 1915 .

541 1932 821 1981 Titinnius
860 1933 913 1981 in
952 1932 1170 1982 Setina:
1212 1936 1396 1994 quern’
1436 1946 1483 1980 e.
1516 1948 1564 1995 q.
1595 1948 1636 1984 s,
1776 1933 1904 1980 XIV
1945 1931 2232 1981 Charisius
2270 1932 2325 1979 11
2364 1949 2414 1996 p.
2458 1936 2550 1982 192
2580 1933 2640 1982 Ρ.
2683 1937 2838 1996 ‘quo

542 2001 734 2066 procul
761 2013 787 2047 *ι
824 2017 928 2064 qno
968 2004 1020 2049 te
1047 1999 1220 2048 Moeri
1258 1998 1447 2062 pedes,
1489 2015 1558 2046 an
1598 2014 1703 2062 quo
1742 1998 1834 2046 uia
1872 1999 2057 2047 ducit?
2096 2000 2177 2048 uel
2208 2001 2295 2048 eni
2335 2002 2439 2061 rei,
2479 2006 2540 2048 ut
2576 2001 2624 2048 si
2662 2000 2836 2061 dicas,

543 2084 650 2133 qno
687 2068 967 2132 prodest?’
1016 2070 1124 2128 (Ἧι
1169 2067 1321 2116 dicas
1367 2082 1474 2130 quo
1521 2082 1690 2130 prope
1739 2071 1845 2116 est’
1893 2067 2029 2130 cod„
2077 2082 2211 2116 corr.
2252 2068 2489 2132 Keilius)
2527 2073 2611 2118 ‘ut
2648 2068 2839 2117 eadem

543 2137 725 2201 gratia
760 2135 997 2185 Titinius
1033 2137 1091 2185 in
1128 2134 1322 2184 Setina
1357 2134 1571 2183 loeutus
1609 2150 1733 2183 esse
1771 2133 2053 2184 uideatur:
2100 2134 2166 2182 de
2218 2135 2364 2184 aedi’
2404 2153 2452 2186 e.
2495 2154 2543 2200 q.
2584 2153 2629 2184 3.
2703 2140 2831 2185 ‘non

544 2219 609 2252 ex
647 2219 780 2268 qua,
831 2219 929 2253 nec
977 2219 1080 2268 quo
1120 2203 1303 2256 sedit)
1355 2201 1603 2273 (sqtina
1640 2201 1779 2264 eod.)
1988 2203 2085 2250 XV
2123 2202 2335 2253 Nonius
2377 2207 2455 2264 19,
2499 2207 2561 2251 16
2599 2208 2838 2253 ‘ti-uam

543 2279 764 2321 ueteres
792 2289 824 2321 a
863 2272 1111 2332 terendo,
1151 2285 1309 2335 quam
1351 2287 1448 2318 nos
1475 2269 1801 2320 diminutiue
1840 2269 2054 2318 trullam
2085 2270 2342 2331 dicimus,
2384 2270 2651 2334 appellari
2681 2272 2838 2320 uolu-

542 2344 703 2388 erunt
731 2377 742 2388 .
775 2378 786 2388 .
816 2379 827 2390 .
856 2340 1101 2389 Titinius
1140 2338 1336 2387 Setina
1387 2336 1522 2402 [1⁸27.
1577 2334 1743 2402 128].’
1825 2337 1975 2387 Idem
2013 2340 2130 2398 503,
2168 2342 2199 2387 3
2237 2337 2478 2386 ‘fei-uit
2526 2355 2620 2402 pro
2661 2339 2841 2388 feruet

540 2408 781 2458 Titinius
819 2408 1042 2456 Setina:
1092 2406 1443 2470 sapientia
1484 2443 1494 2454 .
1524 2443 1537 2454 .
1567 2442 1577 2453 .
1616 2405 1937 2454 confutat
1981 2420 2107 2453 auo
2159 2409 2406 2454 cecum’
2446 2406 2839 2466 (confutata

541 2490 704 2525 uoce
744 2491 886 2524 cum
925 2474 1140 2532 Bamb.)
1190 2474 1518 2522 ‘amentia
1565 2473 1794 2536 rapior
1843 2473 2222 2537 feruorque.
2308 2473 2506 2522 Accius
2552 2473 2837 2539 Meleagro

541 2539 705 2609 [1³:12
777 2544 882 2594 Ilia
921 2558 1146 2593 cecum
1175 2580 1185 2590 .
1215 2578 1227 2591 .
1256 2578 1268 2590 .
1301 2542 1661 2606 feruorque
1712 2541 1859 2590 falso
1888 2542 2145 2603 >repetita
2193 2558 2257 2590 ex
2297 2542 2452 2590 Accii
2489 2558 2543 2592 u.
2581 2545 2705 2602 450,
2747 2544 2839 2606 qui

540 2611 726 2660 statim
766 2613 1033 2676 sequitur.
1105 2609 1254 2660 Idem
1285 2612 1398 2668 186,
1424 2612 1490 2659 24
1527 2607 1887 2667 ‘ualentia‚
1926 2608 2192 2658 fortitudo
2220 2646 2232 2658 .
2267 2643 2278 2655 .
2311 2647 2323 2658 .
2354 2609 2592 2660 Titinius
2632 2610 2838 2659 Sedin

543 2676 726 2743 [1527]st
798 2679 947 2729 Idem
982 2680 1067 2738 87,
1111 2681 1170 2727 13
1210 2679 1590 2727 ‘confutare
1630 2682 1717 2727 est
1753 2676 2091 2725 confundere
2118 2676 2206 2725 uel
2246 2678 2599 2727 committere.
2664 2678 2837 2727 Varro

544 2781 555 2793 .
587 2784 599 2796 .
631 2747 811 2796 ,idem
849 2747 942 2797 lib.
973 2746 1012 2795 1.
1052 2746 1204 2795 nius
1243 2745 1494 2795 Sedina
1533 2741 1730 2810 [1281]
1802 2745 1951 2793 Idem
1980 2746 2097 2805 249,
2140 2747 2200 2793 19
2239 2745 2652 2807 ‘confutat-e,
2693 2761 2838 2795 eom—

542 2829 780 2864 mouere.
851 2814 1095 2863 Titinius
1134 2812 1329 2863 Setina
1369 2810 1547 2876 [128]ss
1745 2812 1869 2861 XVI
1910 2811 2192 2861 Charisius
2231 2813 2252 2860 I
2295 2829 2345 2874 p.
2386 2815 2452 2862 98
2490 2814 2549 2861 Ρ.
2589 2813 2835 2862 ‘arehi-

540 2883 854 2931 tectonis
890 2882 1170 2932 Titinnius
1218 2881 1273 2930 in
1311 2879 1534 2930 Setina:
1584 2880 1839 2929 incensus
1886 2880 2304 2930 architectonis'
2352 2882 2651 2945 (sentina
2692 2880 2832 2942 cod.)

713 3094 832 3150 124
880 3113 1041 3168 quein
1089 3103 1148 3150 ut
1179 3096 1390 3166 scripsi
1431 3112 1590 3167 quein
1633 3095 1769 3151 libri
1812 3112 1975 3167 quom
2012 3096 2334 3151 Pulmerius
2361 3097 2402 3149 l.
2433 3097 2469 3149 l.
2510 3093 2629 3149 782
2678 3110 2834 3166 quem

539 3197 660 3234 cum
708 3179 954 3236 Bolbius
1125 3180 1369 3253 adspexit
1414 3178 1603 3252 procul
1654 3179 1896 3235 Bolliius
2068 3178 2212 3234 intro
2256 3180 2456 3234 mittier
2499 3181 2716 3248 scripsi
2758 3179 2836 3232 in-

540 3264 723 3320 mittet·
766 3264 902 3320 libri
939 3259 1205 3339 plerique
1249 3265 1535 3319 immittere
1577 3264 1779 3320 Bamb.
1829 3265 2088 3319 inmittier
2136 3264 2380 3319 Bothius
2424 3261 2573 3316 illum
2621 3264 2836 3317 mittere

540 3349 932 3405 Neulcirchius
1108 3349 1225 3405 125
1273 3350 1422 3422 quasi
1479 3366 1599 3404 cum
1651 3351 1895 3405 Bomius
1953 3366 2060 3421 quo
2110 3349 2308 3403 Bamb.
2357 3348 2612 3419 quoniam
2658 3350 2841 3401 celeri

535 3434 674 3489 libri
716 3451 878 3506 quom
926 3436 1024 3489 iam
1078 3434 1466 3490 Neukirchius
1635 3433 1816 3489 auolat
1850 3434 2239 3488 Nealcirclzius
2285 3430 2432 3485 [uolat
2474 3432 2613 3485 libri
2654 3429 2834 3485 euolat

541 3518 785 3577 Bolbius
961 3520 1079 3576 126
1126 3518 1273 3575 aedis
1318 3520 1487 3573 anima
1537 3522 1619 3573 ed.
1665 3537 1759 3588 pr,
1937 3517 2022 3570 De
2063 3519 2353 3587 producta
2401 3519 2455 3570 in
2504 3514 2835 3588 gallinaceus

540 3607 712 3658 tertia
771 3604 997 3673 syllaba
1056 3606 1466 3660 Laclimameus
1520 3607 1574 3659 in
1623 3604 1799 3658 Lacr.
1848 3603 1926 3658 36
2192 3600 2307 3656 127
2357 3598 2693 3672 gubernator
2726 3642 2737 3654 .
2772 3641 2785 3655 .
2821 3642 2833 3655 .

541 3687 770 3743 ualentia
818 3707 922 3744 om.
977 3689 1055 3745 W
1099 3690 1250 3744 Laid.
1300 3689 1444 3744 BaS.
1481 3706 1545 3758 p.
1602 3688 1673 3742 19
1851 3694 2071 3759 torquet
2117 3702 2305 3740 nauem
2350 3686 2485 3739 libri
2521 3702 2583 3754 p.
2635 3685 2709 3741 19

540 3772 667 3827 haut
710 3774 846 3828 libri
884 3791 942 3843 p.
995 3774 1070 3830 19
1119 3791 1228 3828 non
1271 3774 1408 3829 libri
1442 3789 1505 3844 p.
1558 3772 1676 3829 186
1725 3772 1846 3828 503
2024 3769 2143 3827 128
2192 3785 2442 3842 inagnum
2484 3769 2675 3825 Urbin.
2712 3770 2833 3825 307

536 3873 596 3926 p.
650 3858 723 3913 19
771 3874 1036 3931 magnusn
1079 3860 1215 3914 libri
1250 3876 1312 3929 p.
1348 3857 1426 3915 87
1475 3874 1703 3930 magnus
1735 3859 1916 3912 celeri
1950 3856 2086 3910 libri
2122 3872 2182 3925 p.
2223 3854 2295 3909 19
2471 3869 2662 3907 aenum
2704 3856 2839 3909 libri
2890 3923 2897 3932 ,

531 3958 596 4010 p.
647 3942 722 3998 19
772 3941 892 3998 249
941 3942 1062 3999 503
1236 3942 1398 4015 paulo
1442 3942 1579 3997 libri
1617 3960 1675 4012 p.
1731 3941 1804 3997 19
1852 3939 1969 3995 nula
2024 3941 2161 3995 libri
2195 3957 2257 4011 p.
2306 3937 2427 3994 503
2594 3937 2709 3993 129
2757 3940 2835 3993 in-

544 4025 731 4081 sensus
777 4027 1131 4083 architectoni
1180 4027 1511 4097 Stephanus
1555 4027 1807 4081 incensus
1852 4025 2206 4080 architectoni
2254 4022 2498 4088 Botlaeius
2542 4024 2595 4077 in
2642 4039 2835 4077 census

538 4111 920 4166 architectonis
968 4113 1373 4169 Neukirclzius.
1466 4111 1616 4166 Ludi
1659 4114 1716 4165 in
1757 4113 2017 4167 mutilata
2052 4112 2313 4164 oratione
2358 4111 2529 4163 uaria
2569 4116 2833 4178 possunt,

539 4211 588 4249 e.
635 4213 686 4251 c.
735 4212 914 4251 amore
946 4201 1037 4255 uel
1083 4196 1210 4253 odio
1240 4198 1491 4251 incensus
1537 4196 1950 4266 architectonis‚
1999 4197 2088 4250 uel
2134 4194 2376 4249 incessus
2424 4194 2517 4248 uel
2558 4193 2834 4265 ingenium

540 4285 632 4338 uel
676 4297 869 4336 sensus
915 4299 985 4353 a.‚
1033 4285 1125 4338 uel
1172 4280 1323 4336 labor
1364 4282 1625 4354 inpensus
1672 4297 1719 4334 a.
