3400 5075
746 1341 809 1392 In
836 1340 1293 1406 recognoscendis
1318 1341 1440 1406 Syri
1466 1340 1759 1390 sententiis
1795 1340 1996 1406 siglis
2032 1337 2333 1389 codicum
2369 1354 2502 1389 usus
2534 1352 2650 1389 snm
2680 1337 2900 1387 Woelff-

609 1412 840 1462 linianis
877 1411 1050 1459 hisce.

918 1497 959 1545 Β
998 1495 1048 1544 h.
1092 1512 1137 1543 e.
1179 1494 1508 1544 Basiliensis
1544 1509 1692 1544 saec.
1736 1494 1781 1542 Χ
1821 1492 2029 1556 (deficit
2065 1492 2122 1545 ἰιι
2160 1508 2209 1541 ιι.
2250 1489 2370 1555 296)

1014 1591 1030 1599 -
1100 1589 1117 1596 -
1181 1562 1466 1611 Parisinus
1503 1565 1636 1612 8049
1672 1576 1820 1610 saec.
1858 1561 1993 1611 xm

1012 1657 1030 1664 -
1101 1657 1120 1666 ·
1182 1630 1470 1679 Parisinus
1507 1631 1641 1680 6085
1677 1644 1828 1678 saec.
1871 1629 1945 1679 xl

1106 1723 1122 1731 ·
1184 1697 1560 1762 Frisingensis
1596 1711 1747 1746 saec.
1786 1695 1862 1744 XI

1015 1793 1031 1801 -
1108 1793 1126 1801 ·
1186 1764 1422 1814 BFPRV
1462 1764 1877 1814 consentientes

967 1839 987 1864 ⁸
1105 1858 1121 1865 -
1184 1831 1471 1882 Parisinus
1508 1833 1640 1881 2676
1677 1846 1828 1881 saec.
1869 1830 1945 1880 lx

993 1947 1004 1958 ,
1107 1928 1120 1934 -
1186 1900 1471 1949 Parisinus
1509 1901 1636 1949 7641
1677 1914 1825 1949 saec.
1863 1897 1911 1947 X

1016 1994 1032 2001 -
1103 1994 1121 2004 ·
1186 1968 1476 2017 Parisinus
1513 1973 1742 2029 uterque

1106 2061 1124 2069 -
1187 2034 1644 2099 Rheinaugiensis
1679 2048 1822 2084 saec.
1859 2032 1937 2083 lx

1110 2129 1126 2137 ·
1184 2102 1501 2152 Turicensis
1536 2118 1689 2154 saec.
1723 2101 1802 2152 lx

1108 2194 1128 2206 ·
1192 2169 1633 2219 vindobonensis
1668 2185 1816 2221 saec.
1853 2169 1932 2218 xl
1969 2167 2182 2234 (deficit
2223 2171 2279 2218 in
2317 2186 2366 2219 u.
2410 2171 2527 2230 121)

1110 2265 1132 2275 -
1192 2237 1479 2287 Parisinus
1513 2240 1646 2288 8027
1683 2253 1834 2288 saec.
1870 2237 1998 2288 XIV

607 2304 811 2355 Addidi
848 2320 1002 2354 euius
1038 2304 1388 2355 collationem
1423 2306 1742 2355 Hermanno
1778 2306 1978 2369 Hagen
2013 2304 2191 2354 debeo

990 2372 1042 2425 h.
1092 2389 1137 2422 e.
1178 2373 1475 2423 Bernensis
1511 2389 1562 2422 n.
1599 2375 1698 2423 704
1734 2387 1882 2424 saec.
1924 2373 2025 2421 xu
2061 2374 2382 2436 scripturas.

607 2441 689 2488 Ex
728 2439 815 2488 his
851 2439 1110 2506 ΟΕΤβπ
1149 2439 1390 2490 selectas
1429 2445 1644 2491 tantum
1682 2441 1991 2491 sententias
2027 2439 2304 2490 exhibent.

743 2517 807 2566 In
852 2516 1099 2579 margine
1145 2515 1339 2567 dextro
1386 2531 1644 2567 uersuum
1691 2531 1945 2567 numeros
1990 2515 2293 2567 secundum
2350 2516 2678 2582 prbecdosin
2724 2530 2898 2567 meam

610 2586 829 2644 notaui,
868 2585 921 2632 in
960 2585 1185 2634 sinistro
1223 2584 1669 2635 Woelfflinianos
1705 2586 1946 2635 seruaui.

743 2652 911 2702 Vncis
948 2652 1235 2716 quadratis
1275 2649 1335 2717 []
1374 2654 1431 2702 in
1470 2653 1830 2702 adnotatione
1870 2668 2055 2702 eorum
2092 2666 2348 2702 uersuum
2384 2668 2639 2703 numeros
2674 2652 2899 2702 Woelff-

606 2719 842 2769 linianos
875 2720 1125 2784 signaui,
1179 2734 1315 2784 quos
1351 2721 1399 2770 is
1436 2726 1497 2770 ut
1545 2719 1691 2769 salso
1729 2721 1876 2770 inter
1911 2720 2137 2769 Publilii
2187 2721 2496 2784 sententias
2533 2720 2738 2769 relatos
2774 2719 2899 2770 inde

609 2802 642 2835 a
677 2803 729 2852 p.
755 2788 849 2837 118
886 2786 970 2837 ed.
1011 2803 1144 2837 suae
1183 2788 1438 2851 genuinis
1476 2787 1758 2837 adnexuit.
1831 2789 2033 2839 Versus
2071 2789 2221 2852 ipsos
2258 2790 2417 2838 uncis
2453 2786 2663 2838 eisdem
2701 2787 2900 2837 inclusi

609 2870 735 2917 eos,
770 2870 908 2919 quos
944 2854 1089 2904 alius
1128 2856 1364 2905 auctoris
1401 2870 1522 2906 esse
1561 2862 1802 2905 constat.

743 2922 806 2971 In
845 2927 1002 2975 textu
1030 2938 1173 2972 nunc
1209 2938 1424 2988 quoque
1463 2929 1524 2973 ut
1560 2923 1615 2972 in
1653 2923 1937 2988 proecdosi
1976 2924 2238 2973 litteris
2276 2923 2754 2989 pinguioribus
2788 2921 2899 2972 dis-

607 2991 750 3039 tinxi
807 2993 1036 3054 antiquo
1094 2991 1407 3041 testimonio
1454 2997 1676 3056 praeter
1720 2990 1937 3041 codices
1983 2992 2248 3054 firmatos,
2301 2989 2682 3041 asterisco*
2728 2991 2899 3041 Bent-

607 3057 839 3107 leianos.

910 2371 945 2438 ἀ’
910 2254 951 2316 ’ἓ
911 1564 995 2217 <ΕΞὌἘὊΓὌἎΟ
