3400 5075
618 292 742 358 266
1635 298 1907 352 Novws

1661 455 1725 521 V
1773 454 1873 543 (2)

795 570 1016 635 Recta
1045 571 1353 636 amussim
1402 593 1503 636 em
1550 568 1700 636 uide
1749 572 2016 657 diploidi
2066 574 2139 636 ut
2183 574 2358 637 recta
2413 577 2747 656 grassatur
2791 575 2915 639 uia.

1646 686 1745 751 VI
1792 684 1893 773 (1)

620 802 766 886 73s4
795 800 986 867 Nunc
1034 824 1134 867 res
1181 825 1283 868 me
1330 803 1472 888 ipsa
1517 803 1834 888 reprimit,
1882 825 2071 888 saepe
2118 804 2339 868 eadem
2386 804 2510 869 hiic
2557 828 2699 870 sum
2738 827 2913 892 gras-

1251 925 1266 935 ‘
2210 919 2213 920 ⁷
2324 924 2503 986 satus
2549 921 2674 987 uia.

1123 1092 1128 1096 q
1267 1006 1599 1072 PAPPVS
1646 1007 2265 1075 PRAETERITVS

668 1124 752 1189 75
799 1173 813 1188 .
906 1174 921 1188 .
1012 1124 1165 1188 dum
1210 1123 1373 1188 istos
1420 1121 1732 1188 inuitabis
1780 1125 2266 1220 suffragatores,
2312 1129 2523 1210 pater,

795 1237 988 1305 Prius
1034 1239 1102 1305 in
1149 1241 1379 1325 capulo
1427 1262 1621 1325 quam
1668 1238 1738 1304 in
1786 1240 1990 1305 curuli
2039 1241 2197 1305 sella
2243 1241 2595 1325 suspendes
2641 1241 2831 1306 natis

1584 1353 1927 1420 PARCVS

794 1471 978 1547 Qu6d
1007 1493 1246 1557 magno
1277 1495 1467 1557 opere
1499 1472 1982 1556 quaesiuerunt‚
2029 1468 2095 1535 id
2142 1471 2409 1537 frunisci
2456 1474 2590 1537 non
2637 1475 2909 1556 queunt:

795 1586 926 1663 Qui
966 1610 1098 1652 non
1145 1588 1351 1672 parsil',
1396 1588 1566 1671 zipud
1615 1610 1682 1652 se
1731 1637 1994 1652 .....
2042 1585 2328 1651 frunstus
2376 1591 2490 1651 est.

617 1765 651 1796 a
687 1748 919 1797 mollitie
957 1749 1125 1800 dieta.
1198 1749 1407 1798 Nouius
1444 1748 1680 1800 Pedio:
1720 1746 2082 1798 mollicinam’
2121 1765 2167 1802 e.
2207 1765 2257 1813 q.
2299 1763 2341 1798 s.
2387 1747 2680 1812 (epidico
2716 1749 2909 1799 Bamb.

617 1818 684 1864 W
723 1816 848 1869 Par.
886 1816 949 1876 P)
1027 1816 1176 1865 ldem
1210 1819 1328 1877 548,
1367 1818 1434 1865 26
1472 1816 1757 1865 ‘caltulam
1796 1821 1852 1865 et
1886 1816 2327 1877 crocotulam‚
2365 1823 2654 1880 utrumque
2682 1833 2715 1865 a
2741 1832 2909 1881 gene-

614 1884 766 1933 ribus
805 1883 991 1932 florum
1030 1883 1380 1941 translatum,
1420 1900 1451 1932 a
1488 1883 1636 1932 calta
1674 1890 1731 1932 et
1767 1900 1800 1932 a
1837 1899 1995 1932 croco
2024 1921 2035 1933 .
2062 1923 2071 1932 .
2095 1919 2109 1934 .
2136 1883 2367 1933 Plautus
2401 1884 2459 1933 in
2495 1883 2781 1949 Epidico
2810 1923 2823 1935 .
2852 1925 2865 1937 .
2894 1921 2908 1934 .

613 1951 827 2001 Nouius
864 1951 1097 2001 Pedio:
1147 1950 1481 2001 molicinam’
1530 1969 1576 2002 e.
1617 1967 1668 2016 q.
1712 1966 1756 2001 s.
1806 1951 2070 2015 (pedico
2116 1951 2244 2002 Pur.
2295 1951 2359 2015 P)
2499 1952 2546 2001 V
2586 1951 2657 2001 v1
2701 1952 2909 2001 Nonius

615 2022 739 2076 316,
778 2023 809 2067 4
845 2019 1176 2082 ‘grassari
1214 2019 1382 2068 etiam
1419 2018 1653 2068 dicimus
1691 2019 2006 2069 ambulare.
2028 2058 2040 2070 .
2073 2019 2315 2069 ‚Nouius
2346 2019 2586 2083 Pedio:
2624 2023 2908 2070 oretanus’

618 2103 668 2137 e.
708 2103 758 2152 q.
798 2102 842 2138 s,
913 2086 1088 2136 ‘Idem
1123 2086 1331 2137 Pedio
1369 2083 1526 2152 [vl].²
1600 2088 1673 2137 Vt
1708 2087 1774 2137 de
1814 2086 2007 2136 fabula
2042 2086 2284 2137 dubitari
2322 2088 2495 2150 possit

751 2155 973 2204 Pirrvs
1010 2155 1409 2207 Puerum-wa.
1480 2155 1684 2204 Parum
1732 2155 1851 2204 ueri
1896 2153 2077 2204 simile
2122 2155 2263 2204 dicit
2300 2154 2634 2204 Ritschelius
2683 2155 2905 2219 Pau-erg.

589 2224 642 2278 ‚1
681 2224 772 2271 141
814 2222 952 2272 duas
987 2221 1238 2273 diuersus
1273 2223 1435 2272 huius
1472 2223 1707 2272 nominis
1745 2221 2032 2272 Atellanas
2069 2223 2261 2273 fuisse.
2340 2223 2551 2272 Nouius
2587 2225 2638 2285 4,
2676 2224 2741 2271 28
2774 2214 2907 2272 ‘ca-

617 2289 838 2353 pulum
877 2290 1076 2340 dicitur
1121 2290 1381 2355 quicquid
1426 2290 1670 2355 aliquam
1708 2306 1820 2339 rem
1856 2290 2003 2340 intra
2039 2305 2098 2340 se
2135 2291 2314 2354 capit:
2366 2305 2493 2341 nam
2537 2291 2907 2355 sarcofagum,

614 2357 670 2406 id
710 2364 802 2408 est
833 2357 1208 2423 sepulchrum,
1248 2357 1500 2422 capulum
1538 2357 1645 2407 dici
1684 2365 1904 2408 ueteres
1933 2357 2159 2417 uolunt,
2199 2358 2341 2422 quod
2377 2373 2609 2423 corpore
2636 2358 2908 2423 capiat...

615 2425 825 2476 Nouius
860 2428 1055 2490 Pappo
1092 2427 1423 2491 praeterito:
1460 2425 1608 2475 dum’
1648 2442 1692 2475 e.
1735 2440 1787 2489 q.
1826 2440 1869 2475 s.

657 2533 673 2559 ,
750 2493 969 2544 PAucvs
1041 2493 1256 2545 Gellius
1292 2493 1450 2545 XVII
1486 2496 1533 2557 2,
1569 2495 1602 2545 8
1637 2493 1871 2544 ‘Nouius
1905 2494 1963 2544 iu
2002 2492 2309 2558 Atellania,
2346 2508 2492 2558 quae
2531 2495 2786 2545 Parcus
2824 2495 2909 2544 iu-

614 2564 852 2626 scripta,
889 2562 993 2611 hoc
1029 2554 1214 2613 uerbo'
1253 2562 1532 2625 (frunisci)
1570 2563 1679 2612 ‘ita
1716 2563 1916 2612 utitur:
1955 2563 2097 2627 quod
2134 2578 2333 2628 magno
2370 2601 2384 2614 .
2412 2598 2426 2613 .
2455 2604 2466 2616 .
2506 2563 2745 2613 frunitus
2782 2566 2907 2615 est?

611 2707 748 2762 libri
795 2723 856 2777 p.
916 2704 1068 2777 548,
1123 2710 1238 2763 nisi
1288 2709 1442 2779 quod
1494 2705 1781 2762 nolicinam
1836 2707 1992 2762 Leid.
2057 2707 2347 2762 molucium
2404 2710 2462 2763 in
2517 2710 2635 2781 fine
2690 2710 2911 2763 senarii

605 2791 884 2863 praefert
921 2790 1314 2847 Buecheler-us
1484 2798 1752 2847 crocaiam
1783 2792 1926 2846 Par.
1961 2792 2013 2846 P
2034 2810 2094 2863 p.
2128 2789 2273 2861 540,
2317 2792 2455 2847 libri
2478 2810 2538 2863 p.
2571 2790 2716 2863 539,
2764 2790 2907 2861 548,

611 2879 725 2932 nisi
764 2878 920 2949 quod
957 2882 1225 2931 corcatam
1271 2877 1411 2932 Par.
1459 2877 1512 2933 P
1562 2876 1798 2931 croatam
1846 2875 1996 2932 Colb.
2035 2894 2102 2948 p.
2151 2874 2272 2932 539
2329 2876 2657 2932 crocalulam
2703 2876 2905 2931 Bamb.

607 2978 667 3032 p.
703 2959 826 3017 548
998 2959 1317 3016 chiridotam
1364 2962 1571 3018 Aldina
1619 2959 1884 3015 uridotam
1930 2960 2164 3033 (uridota
2209 2961 2354 3016 Par.
2398 2959 2468 3030 P)
2510 2962 2648 3017 libri
2680 2977 2744 3031 p.
2781 2958 2902 3017 548

610 3044 904 3102 oeridotam
934 3046 1070 3102 libri
1092 3062 1154 3115 p.
1186 3043 1325 3101 539.
1374 3044 1498 3103 540
1668 3046 1832 3101 ricam
1879 3064 1983 3102 om.
2012 3064 2070 3117 p.
2104 3043 2230 3102 540
2259 3045 2459 3100 richam
2487 3047 2624 3101 libri
2652 3041 2909 3119 (praeter

615 3128 788 3202 Colb.)
830 3147 888 3202 p.
922 3129 1045 3188 548
1076 3129 1288 3186 clricam
1320 3128 1389 3200 (cl
1420 3129 1598 3197 eras.)
1632 3129 1833 3185 Bamb.
1863 3147 1935 3201 p,
1959 3128 2080 3188 539
2253 3130 2480 3185 ricinum
2508 3131 2646 3186 libri
2669 3146 2729 3199 p.
2762 3127 2906 3199 539,

529 3240 541 3249 ·
609 3215 888 3272 Municius
930 3216 1175 3271 ricinium
1217 3216 1353 3271 libri
1389 3233 1450 3286 p.
1482 3214 1608 3272 540
1638 3222 1694 3270 et
1722 3213 1843 3272 548
2016 3210 2347 3271 cheridotbm
2395 3215 2510 3287 (uel
2552 3212 2905 3287 cheridytiim)

608 3300 770 3355 ricam
814 3293 1067 3356 ricinium
1125 3299 1334 3371 efferri
1373 3300 1527 3357 iubet
1568 3300 1633 3355 L.
1666 3300 1989 3356 Muellerus
2032 3301 2103 3355 de
2147 3314 2213 3354 re
2242 3318 2315 3355 m.
2362 3298 2517 3370 432,
2571 3302 2737 3354 male.

611 3383 690 3441 72
748 3393 892 3441 recta
948 3385 1201 3440 amussim
1256 3401 1340 3440 em
1402 3384 1524 3441 uide
1579 3383 1803 3458 diploidi
1862 3392 1922 3439 ut
1978 3392 2125 3439 recta
2184 3387 2412 3441 conieci
2463 3392 2715 3439 oretanus
2773 3376 2913 3443 sime

610 3468 846 3542 deploidi
892 3487 920 3523 a
966 3478 1108 3525 recta
1152 3470 1291 3525 libri
1327 3472 1594 3543 plerique
1639 3477 1916 3527 erratanus
1961 3470 2006 3525 si
2052 3467 2362 3541 mediploidi
2420 3477 2624 3524 arrecta
2669 3468 2812 3525 Par.
2860 3467 2912 3521 P

609 3561 753 3608 errat
783 3571 916 3609 auus
948 3555 993 3609 si
1027 3570 1110 3609 me
1155 3554 1387 3626 diploide·
1431 3563 1575 3610 recta
1609 3555 1749 3610 Gen.
1784 3554 1966 3609 Bern.
1999 3552 2127 3608 dum
2173 3562 2477 3623 certamus,
2522 3554 2640 3608 sine
2670 3551 2908 3626 diploide

606 3655 637 3692 a
693 3647 838 3694 recta
894 3638 1171 3695 Munlcius
1223 3639 1361 3710 (siue
1414 3642 1526 3695 iam
1571 3642 1630 3694 in
1685 3656 1863 3711 mat-9.
1912 3637 2087 3708 Iunii)
2145 3645 2288 3693 errat
2333 3654 2465 3693 anus
2510 3639 2627 3693 sine
2670 3634 2906 3710 diploide

608 3731 753 3779 recta
811 3724 1055 3779 Rothius
1110 3723 1447 3779 Caeretanus
1490 3724 1604 3778 sine
1657 3721 1916 3795 diploidi:
1975 3740 2005 3778 a
2058 3730 2207 3779 recta
2261 3723 2672 3779 Lachmannus
2727 3722 2904 3776 Lucr.

574 3826 577 3830 “
604 3826 664 3879 p.
699 3806 802 3879 49,
848 3824 1014 3880 quem
1046 3810 1175 3864 olim
1204 3814 1440 3864 secutus
1471 3824 1611 3864 sum.
1688 3807 2012 3862 Cerretanus
2043 3808 2161 3863 sine
2191 3806 2428 3880 diploma
2459 3816 2605 3863 recta
2638 3806 2907 3862 Bueche-

603 3896 766 3949 lerus
939 3892 1018 3949 73
1063 3894 1176 3965 ipsa
1211 3892 1348 3949 Gen.
1382 3892 1652 3963 Montisp.
1702 3892 1873 3965 ipsam
1917 3896 2100 3948 celeri
2139 3894 2303 3964 libri,
2350 3910 2455 3949 om.
2489 3893 2630 3947 Βαε.
2807 3889 2907 3945 hac

606 3978 759 4047 (haec
790 3978 932 4034 Par.
966 3977 1019 4033 P
1044 3976 1341 4048 Montisp.)
1388 3975 1572 4032 eadem
1603 3993 1723 4031 sum
1769 3984 2045 4049 grassatus
2078 3976 2164 4032 uia
2196 3977 2336 4033 libri
2348 4002 2363 4031 .-
2409 3980 2749 4048 transposui
2777 3990 2904 4031 cum

609 4062 993 4119 Buechelero.
1080 4078 1201 4119 sum
1257 4061 1444 4118 cadem
1500 4061 1597 4117 hac
1652 4079 1707 4135 g.
1766 4078 1819 4118 u.
1867 4061 2114 4118 Bolhius
2169 4062 2266 4117 hac
2319 4078 2438 4117 sum
2498 4060 2680 4117 eadem
2737 4076 2791 4134 g.
2848 4075 2902 4113 u.

609 4147 889 4204 Munkius
1063 4146 1140 4203 75
1187 4148 1293 4202 isto
1327 4147 1530 4202 Bamb.
1565 4147 1773 4204 Harl„-
1808 4164 1941 4201 num
1971 4146 2143 4202 istoc?
2314 4146 2568 4202 inuitabis
2598 4144 2908 4202 Mer-cerus

607 4233 861 4287 inuitauis
902 4233 1042 4288 libri
1213 4231 1290 4288 76
1336 4231 1541 4286 curculi
1574 4231 1778 4286 Bamb.
1950 4230 2252 4304 suspendes
2283 4231 2591 4287 Mercerus
2619 4227 2906 4303 suspendis

605 4316 741 4372 libri
868 4316 943 4373 77
981 4332 1310 4391 magnopere
1341 4316 1546 4373 Paean.
1581 4315 1760 4390 Lteqd.
1788 4315 1972 4387 Gellii,
2009 4316 2180 4372 Nonii
2205 4316 2399 4373 Urbin.
2433 4314 2553 4373 307
2687 4313 2765 4372 78
2799 4326 2905 4388 que
