3400 5075
1226 351 1506 401 SEXTVS
1543 351 1932 404 TVRPILIVS
2643 352 2720 415 91

1429 506 1591 570 VIII
1671 508 1710 570 8

615 620 837 706 Neque
859 625 1095 685 nautae
1118 643 1261 686 cum
1283 625 1497 685 essent
1516 503 1938 686 circimzuenti
1964 624 2190 707 uentiS‚
2219 625 2463 688 incerto
2494 622 2722 688 itinere

615 736 792 831 Porti
842 734 1207 821 indigentes
1252 742 1259 749 ²

1339 939 1824 1007 EPIOLERVS

1462 1064 1494 1128 I
1540 1064 1684 1151 (12)

483 1185 567 1246 50
615 1181 732 1245 ST.
779 1180 1029 1255 Quaeso
1078 1181 1331 1264 edepol,
1378 1203 1503 1263 quo
1552 1184 1703 1244 ante
1748 1182 1956 1245 lucem
2001 1186 2066 1245 te
2113 1182 2326 1247 subito
2373 1184 2574 1267 rapi8‚

615 1297 769 1379 Ere,
815 1317 959 1359 cum
990 1301 1119 1359 tino
1148 1296 1392 1379 puero?
1464 1296 1599 1359 PH.
1646 1299 1895 1379 nequeo
1934 1320 2070 1361 esse
2099 1298 2304 1381 intu3‚
2351 1296 2722 1382 Stephanio.

616 1410 734 1475 ST.
782 1410 948 1486 Quid
976 1410 1111 1473 ita?
1175 1409 1310 1474 PH.
1357 1413 1429 1475 iit
1457 1411 1694 1494 solent,
1741 1433 1841 1475 me
1881 1417 2069 1477 mirae
2100 1434 2327 1478 somno
2377 1413 2723 1497 segregant

615 1525 941 1608 Foraisque
989 1525 1197 1589 noctis
1244 1524 1527 1589 excitant
1571 1526 1845 1590 silentio.

1471 1702 1538 1766 II
1616 1704 1655 1767 9

613 1815 696 1881 Ni
747 1814 1084 1881 Caeillifonis
1130 1822 1301 1882 mine
1348 1821 1412 1880 te
1459 1700 1722 1881 misgrgt
1766 1814 2040 1883 liberum

1453 2003 1551 2067 111
1601 2003 1700 2090 (8)

482 2120 568 2183 55
615 2118 819 2195 Quam
851 2118 1075 2183 meitris
1104 2140 1277 2183 nunc
1324 2116 1530 2202 patris
1576 2141 1677 2183 me
1707 2120 2044 2184 miseretur
2072 2123 2296 2207 magis,

573 2404 705 2453 VIII
743 2404 952 2453 Nonius
987 2405 1105 2465 491,
1146 2405 1210 2454 18
1248 2404 1454 2467 ‘porti
1491 2418 1588 2468 pro
1625 2408 1858 2469 portus.’

570 2471 888 2520 Emcnnnvs
963 2470 1187 2520 Initium
1231 2469 1603 2521 Menandreae
1651 2470 1876 2521 fabulae
1925 2472 2262 2536 cognominis
2318 2473 2420 2522 h'oc
2468 2470 2569 2535 (Ilt
2626 2459 2718 2535 ἆρ’

435 2529 550 2589 ἐστὶ
593 2530 825 2588 πάντων
862 2529 1154 2604 ἀγρυπνία
1192 2537 1551 2592 λαλίστατον.
1617 2528 1748 2604 Ἐμὲ
1784 2539 1925 2603 γοῦν
1964 2531 2336 2604 ἀναστήσασα
2383 2536 2544 2605 δευρὶ
2585 2557 2723 2606 προ-

436 2599 635 2671 άγεται
683 2607 897 2657 Δαλεῐν
944 2595 1044 2656 ἀπ’
1097 2596 1273 2672 ἀρχῆς
1318 2598 1512 2657 πάντα
1558 2598 1660 2656 τὸν
1708 2599 1958 2670 ἐμαυτοῦ
2006 2607 2165 2673 βίον,
2213 2609 2293 2656 ita
2341 2608 2591 2659 imitatus
2637 2616 2723 2659 est

436 2673 744 2739 Turpilius,
783 2680 843 2723 ut
880 2675 1027 2723 serui
1052 2674 1447 2738 Stephanionis
1483 2690 1723 2738 persona
1759 2675 1989 2727 inducta
2012 2675 2360 2741 monologum
2397 2681 2631 2726 mutaret
2667 2677 2722 2725 in

435 2741 755 2791 diuerbium.
826 2741 1024 2805 Agitur
1067 2747 1249 2791 autem
1274 2742 1344 2790 .in
1380 2742 1485 2792 hac
1523 2741 1714 2791 fabula
1749 2742 1880 2804 hoc,
1926 2748 1989 2794 ut
2026 2743 2211 2793 orbam
2256 2743 2522 2807 puellam,
2561 2759 2720 2807 quam

392 2806 401 2811 ”
439 2814 678 2873 cognato
717 2810 923 2859 nubere
961 2809 1049 2858 lex
1085 2809 1265 2865 iubet,
1304 2809 1631 2859 adulescens
1659 2809 1878 2874 quidam
1905 2812 2106 2862 ducere
2133 2829 2166 2859 a
2201 2812 2526 2875 parentibus
2563 2827 2722 2876 eoga-

438 2882 542 2926 tur.
614 2876 752 2926 Nam
790 2891 973 2926 eorum
1011 2876 1247 2927 consilia
1285 2877 1640 2927 eontinentur
1673 2877 1739 2926 fr.
1766 2876 1843 2926 IV
1881 2886 1938 2929 et
1963 2880 2024 2938 V,
2064 2884 2119 2928 et
2146 2880 2300 2929 cuius
2336 2879 2494 2929 liberi
2523 2894 2723 2928 memo-

437 2949 628 2993 rantur
653 2945 716 2996 fr.
740 2945 795 2994 11
822 2943 1206 3007 Calliphonem
1234 2944 1453 3007 puellae
1479 2944 1629 2994 illius
1656 2950 1866 3009 patrem
1894 2947 2063 2996 fuisse
2090 2949 2353 3010 suspicor.
2435 2947 2463 2996 1
2487 2946 2722 2995 Priscia-

436 3026 538 3060 nus
564 3011 628 3060 de
656 3012 842 3060 metris
869 3027 1003 3064 com.
1032 3028 1081 3077 p.
1113 3013 1242 3061 1326
1267 3013 1329 3061 Ρ.
1357 3012 1663 3076 ‘Turpilius
1689 3027 1903 3076 quoque
1930 3016 1986 3063 in
2013 3016 2125 3065 suis
2160 3014 2304 3063 idem
2344 3013 2481 3063 facit
2517 3028 2725 3062 comoe-

437 3077 567 3139 diis,
604 3083 665 3128 ut
702 3080 759 3127 in
796 3079 1001 3128 Lindia
1027 3114 1040 3127 .
1069 3117 1082 3131 .
1112 3117 1124 3128 .
1163 3077 1306 3128 idem
1353 3079 1409 3128 in
1444 3079 1727 3144 Epiclero:
1780 3086 2012 3144 quaeso’
2061 3097 2108 3131 e.
2149 3097 2200 3146 q.
2241 3097 2283 3131 s.
2422 3080 2475 3130 11
2514 3080 2723 3131 Nonius

433 3147 553 3209 495,
589 3148 656 3195 26
693 3146 1168 3196 ‘aecusatiuus
1204 3147 1416 3195 numeri
1440 3145 1740 3211 singularis
1766 3150 1980 3210 positus
2005 3166 2102 3215 pro
2129 3148 2390 3215 genetiuo
2426 3144 2720 3212 plurali...)

568 3214 649 3263 111
688 3213 897 3263 Nonius
932 3215 1048 3276 477,
1089 3215 1151 3263 14
1181 3206 1567 3264 ‘miseretur
1604 3230 1700 3279 pro
1740 3215 2008 3268 miseret.’

603 3479 681 3535 48
729 3489 891 3536 naute
941 3481 1138 3536 Bamb.
1372 3482 1453 3537 50
1483 3479 1675 3553 edepol
1710 3483 1834 3537 edd.
1880 3482 2264 3552 interpolatae
2307 3481 2468 3555 depol
2498 3483 2721 3539 Par-iss.

433 3565 537 3619 AR
584 3565 739 3619 Leia.
792 3565 838 3620 V
879 3571 932 3620 te
977 3565 1068 3638 pol
1101 3566 1304 3637 Reyin.
1436 3579 1544 3643 que
1574 3565 1731 3620 Leid.
1783 3566 1831 3621 V
1955 3562 2171 3620 subdito
2202 3566 2344 3621 Par.
2377 3567 2431 3621 R
2477 3565 2630 3622 Leia.
2681 3568 2729 3623 V

605 3648 676 3703 51
730 3647 817 3702 ΡΠ
863 3651 1016 3722 quod
1042 3654 1101 3705 in
1131 3650 1295 3704 libris
1326 3657 1492 3704 eoecat
1535 3647 1864 3704 ΡΙΙΑΕΠΒΙΑ
1898 3651 2285 3705 adulescentis
2315 3666 2514 3706 nomen
2545 3653 2721 3706 inter-

427 3734 658 3801 pretari
690 3736 887 3804 possis
1014 3750 1189 3804 neque
1221 3736 1282 3788 δέ
1314 3735 1515 3806 Reyin.
1690 3733 1769 3790 52
1818 3733 1897 3789 ST
1931 3735 2127 3790 addidi
2250 3729 2367 3809 PH]
2416 3734 2455 3788 Ρ
2497 3735 2721 3790 Par-iss·

431 3834 536 3888 AR
583 3851 680 3905 ·p·
728 3834 931 3906 Reqin.
964 3834 1121 3891 Leia.
1172 3835 1229 3904 V,
1264 3852 1366 3890 om.
1401 3836 1525 3890 edd.
1557 3838 1846 3906 inter-poll.
1881 3843 2072 3908 praeut
2101 3835 2337 3890 Asceus,
2471 3854 2498 3890 a
2531 3852 2721 3890 somno

439 3916 855 3987 Buecheler-113,
903 3921 1008 3975 sed
1040 3919 1122 3991 cf.
1156 3920 1322 3974 Accii
1349 3937 1405 3974 u.
1440 3918 1557 3974 511
1690 3928 2052 3992 segregantur
2081 3920 2305 3975 Pariss.
2339 3921 2444 3976 AR
2475 3921 2629 3976 Leid.
2681 3921 2730 3976 V

601 4001 679 4056 53
737 4001 1004 4075 sortisque
1058 4004 1201 4059 Par.
1247 4002 1297 4057 Α
1554 4002 1631 4058 54
1679 3998 1754 4079 ni]
1803 4004 1857 4058 iu
1903 4003 2057 4059 Leia.
2103 4003 2307 4060 Bamb.
2501 4007 2720 4059 miseret

431 4086 634 4141 Iunius
690 4087 915 4141 miserae
959 4088 1114 4143 Leia.
1160 4088 1354 4142 misere
1410 4092 1594 4143 ceteri
1643 4088 1780 4144 libri
1991 4085 2068 4143 55
2127 4103 2283 4159 quam
2341 4091 2523 4143 matris
2580 4105 2724 4143 nunc

429 4170 594 4241 patris
640 4171 844 4225 Aldina
892 4188 1048 4243 quam
1096 4171 1222 4243 (qua
1269 4170 1465 4240 Harl.)
1512 4173 1671 4225 maris
1720 4182 1847 4226 tunc
1892 4173 2057 4244 patris
2102 4171 2279 4243 (ratris
2312 4172 2514 4229 Bamb.
2563 4173 2719 4227 Leia.

435 4251 574 4321 116)
618 4255 753 4309 libri
803 4272 924 4309 cum
983 4257 1164 4310 matris
1210 4263 1323 4309 tum
1383 4257 1546 4328 patris
1594 4256 1836 4312 Botlzius
1881 4256 1917 4309 2
1965 4257 2130 4327 patris
2175 4272 2331 4328 quam
2377 4257 2559 4311 matris
2608 4264 2719 4310 lum

432 4337 799 4409 Grauloffius
890 4340 1002 4395 Pro
1046 4340 1140 4395 illo
1181 4341 1460 4395 librorum
1507 4346 1636 4395 lunc
1679 4343 1808 4395 olim
1854 4342 1932 4394 tui
1982 4343 2072 4395 uel
2117 4347 2240 4394 tuae
2288 4342 2637 4396 coniciebant
