3400 5075
1229 376 1574 429 CAECILIV
1576 376 1614 427 S
1649 376 1953 428 STATIVS
2662 380 2696 440 7
2703 376 2742 439 9

1486 529 1709 597 XXVI

449 648 579 711 275
624 647 797 711 Dum
844 645 1153 729 taeniam,
1200 647 1309 729 qni
1356 647 1589 711 uolnus
1637 647 1937 732 uinciret‚
1983 648 2147 731 petit

1369 787 1624 852 XXVII
1671 787 1817 875 (20)

763 902 1185 988 Profertoque
1231 904 1420 968 nobis
1466 904 1535 967 in
1583 904 1827 969 mundo
1875 904 2166 968 futurum

764 1017 1031 1082 Lectum

1444 1106 1736 1172 XXVIII

979 1272 991 1284 .
1083 1242 1361 1305 namque
1410 1218 1617 1309 [mihi]
1668 1223 1910 1287 malum
1955 1223 2024 1286 in
2071 1223 2401 1307 mund68t‚
2455 1245 2559 1288 ere

1387 1354 1607 1419 XXIX
1653 1352 1799 1442 (23)

625 1467 693 1532 Si
740 1470 873 1533 n6n
920 1469 1142 1532 sarciri
1188 1466 1409 1553 qm‘tur

1402 1582 1587 1647 XXX
1634 1582 1779 1669 (25)

454 1700 585 1763 280
781 1696 873 1763 Df
913 1699 1095 1763 boni!
1142 1700 1295 1784 quid
1341 1698 1509 1763 hoc‘?

445 1882 744 1943 urbanum?
936 1889 1116 1942 XXVI
1162 1894 1361 1943 Festus
1406 1909 1459 1958 p.
1508 1893 1608 1944 360
1652 1894 1728 1948 Μ.
1770 1884 2059 1944 ‘taenias
2106 1893 2373 1944 Graecam
2419 1911 2609 1946 uocem
2657 1898 2737 1948 sic

445 1961 842 2025 interpretatur
866 1960 1116 2022 Verrius,
1154 1966 1216 2010 ut
1248 1959 1397 2010 dicat
1420 1966 1793 2011 ornamentum
1823 1976 1946 2011 esse
1982 1960 2200 2012 laneum
2227 1963 2429 2028 capitis
2464 1963 2735 2027 honorati,

445 2032 507 2076 ut
550 2030 625 2077 sit
671 2028 817 2094 apud
864 2026 1245 2078 Caecilium
1293 2028 1358 2077 in
1402 2026 1811 2094 Androgyno
1852 2025 1927 2094 [Ι]
1977 2036 2034 2079 et
2079 2029 2281 2079 alias:
2328 2031 2476 2079 dum’
2515 2048 2561 2081 e.
2601 2048 2649 2097 q.
2690 2048 2733 2085 s.

447 2094 511 2143 Ο.
555 2093 821 2145 Muellero
866 2095 956 2144 hic
1004 2095 1312 2145 uersiculus
1361 2093 1595 2145 Caecilii
1641 2111 1751 2146 non
1794 2111 1916 2146 esse
1972 2096 2272 2147 uidebatur
2408 2098 2616 2148 XXVII
2654 2114 2735 2163 sq.

445 2161 730 2213 Charisius
767 2164 821 2213 11
860 2179 912 2227 p.
954 2165 1046 2213 181
1094 2163 1154 2216 P.
1186 2153 1273 2212 ‘in
1319 2161 1549 2212 mundo
1596 2178 1693 2228 pro
1738 2163 1923 2228 palam
1962 2170 2019 2215 et
2054 2164 2109 2212 in
2147 2165 2434 2229 expedito,
2483 2182 2549 2216 ac
2596 2167 2735 2231 cit03

445 2229 675 2280 Plautus
702 2266 715 2279 .
743 2271 757 2283 .
782 2267 795 2279 .
816 2228 1096 2280 Caecilius
1133 2244 1378 2296 quoque,
1417 2234 1479 2278 ut
1514 2230 1772 2284 Annaeus
1809 2227 2084 2281 Cornutus
2119 2231 2260 2281 libro
2307 2232 2422 2283 tab.
2461 2237 2737 2283 castarum

444 2299 619 2363 patris
655 2300 768 2347 sui:
806 2288 1137 2361 profecto’
1176 2313 1222 2347 e.
1263 2313 1311 2361 q.
1348 2300 1409 2346 s?
1458 2288 1614 2347 ‘item
1638 2298 1810 2347 idem:
1850 2290 2145 2362 namque’
2181 2315 2228 2348 e.
2255 2315 2304 2363 q.
2332 2315 2376 2349 s.
2449 2295 2572 2365 (lib
2617 2296 2740 2363 tas-2

445 2367 672 2416 casta?
721 2366 942 2431 patris
989 2366 1090 2413 sui
1138 2364 1254 2417 cod.
1304 2363 1478 2413 libro
1536 2364 1925 2416 fabularum
1971 2371 2317 2415 castarum
2371 2368 2590 2431 patris
2635 2365 2736 2417 sui

446 2433 873 2483 Lindemannus.
943 2433 1008 2482 In
1044 2431 1243 2482 litteris
1289 2435 1405 2487 tat)
1454 2438 1795 2482 castarum
1841 2432 1909 2482 Ο.
1944 2432 2183 2483 Jahnius
2229 2432 2445 2498 Proleg.
2483 2435 2541 2483 in
2579 2434 2735 2488 Pers.

444 2515 495 2565 p.
534 2499 662 2551 XXI
697 2499 872 2551 latere
914 2500 1154 2551 coniecit
1188 2499 1765 2564 tabernariarum,
1802 2501 1859 2550 in
1886 2500 2250 2567 sequentibus
2288 2506 2471 2552 autem
2513 2504 2736 2567 patris

443 2569 546 2618 sui
571 2567 792 2619 titulum
819 2568 1061 2629 fabulae,
1101 2567 1477 2618 Caecilianum
1507 2567 1745 2632 denique
1771 2568 1950 2619 locum
1978 2569 2278 2629 excidisse;
2306 2569 2480 2620 libro
2507 2571 2736 2620 taber-

441 2638 788 2686 nariarum
833 2635 1104 2685 Afranii
1159 2635 1439 2686 Prellerus
1496 2635 1705 2700 ephem.
1757 2636 1867 2686 litt.
1913 2636 2041 2691 Hal.
2088 2638 2219 2687 1845
2263 2637 2291 2684 1
2335 2653 2391 2701 p.
2441 2641 2587 2688 1139.
2669 2639 2735 2687 in

444 2702 619 2753 libro
664 2704 689 2753 1
740 2703 1192 2767 epistularum
1235 2704 1458 2768 patris
1504 2703 1609 2753 sui
1655 2703 1909 2768 conicio).
2134 2703 2318 2755 XXIX
2363 2703 2664 2754 Diomedes
2712 2705 2736 2753 1

442 2786 496 2835 p.
536 2771 637 2821 380
672 2770 734 2820 Ρ.
764 2763 1032 2820 ‘Accius
1072 2772 1260 2835 quitus
1294 2784 1412 2819 sum
1439 2809 1451 2819 .
1479 2809 1492 2822 .
1520 2808 1532 2820 .
1560 2775 1852 2835 queantur.
1925 2771 2208 2822 Caecilius
2235 2776 2558 2837 praeterea:
2599 2773 2643 2821 si
2681 2787 2733 2822 n.

441 2852 487 2887 s.
530 2830 745 2903 quitur.’
785 2838 1096 2901 (cecilius
1133 2838 1257 2887 Par.
1293 2838 1337 2887 B
1373 2837 1612 2900 Monac.)
1810 2838 1962 2887 XXX
1998 2837 2226 2889 Rufinus
2261 2839 2330 2889 de
2365 2841 2560 2889 metris
2597 2855 2733 2891 com.

440 2921 493 2970 p.
528 2908 663 2957 2707
699 2906 761 2955 Ρ.
798 2904 921 2969 (379
957 2904 1044 2967 G.)
1110 2895 1305 2955 ‘Varro
1343 2906 1401 2954 in
1438 2906 1566 2955 vn:
1613 2905 1969 2956 clausulas
2016 2921 2231 2971 quoquc
2278 2907 2507 2972 primum
2548 2907 2736 2972 appel·

442 2971 589 3023 latas
632 2973 851 3034 dicunt,
908 2973 1049 3037 quod
1095 2971 1420 3023 clauderent
1464 2974 1823 3034 sententiam,
1876 2979 1938 3023 ut
1985 2974 2130 3039 apud
2175 2974 2431 3023 Accium:
2479 2990 2551 3023 an
2596 2974 2735 3023 haec

441 3040 552 3089 iam
578 3040 734 3091 obliti
760 3045 889 3090 suut
915 3040 1196 3105 Phryges?
1231 3040 1369 3090 Nou
1405 3055 1739 3105 nunquam
1778 3041 1854 3089 ab
1891 3039 1994 3091 his
2033 3042 2300 3091 initium
2340 3042 2454 3103 fit,
2493 3045 2553 3090 ut
2589 3041 2736 3106 apud

443 3107 773 3157 Caecilium:
813 3107 877 3156 di
903 3108 1064 3157 boni
1102 3108 1257 3172 quid
1282 3108 1438 3157 hoc?
1477 3106 1625 3173 apud
1649 3109 1996 3158 Terentium:
2035 3108 2338 3159 discrucior
2364 3099 2568 3161 animi.’
2626 3109 2738 3157 Aut

441 3175 735 3225 iambicum
782 3180 1171 3224 monometrum
1216 3190 1338 3225 esse
1370 3179 1469 3225 aut
1505 3174 1646 3240 quod
1681 3177 1802 3225 ueri
1838 3175 2075 3227 similius
2119 3178 2193 3228 sit
2231 3191 2446 3227 errasse
2484 3175 2736 3225 Rufinum

442 3242 579 3291 dicit
611 3242 959 3292 Hermannus
996 3242 1168 3292 Elem.
1195 3241 1246 3292 d.
1272 3259 1339 3291 m.
1378 3245 1491 3296 181.
1562 3242 1674 3292 Sed
1721 3247 1915 3294 auctor
1960 3249 2047 3294 est
2090 3244 2291 3304 Varro,
2337 3259 2443 3293 uon
2491 3242 2735 3293 Rufinus.

441 3309 505 3359 Iu
550 3309 697 3374 Epir..
743 3314 925 3359 autem
974 3327 1025 3375 p.
1076 3312 1141 3360 70
1181 3309 1326 3359 idem
1372 3311 1453 3360 sic
1496 3311 1842 3375 pronuntiat,
1897 3310 2131 3361 Caecilii
2173 3326 2423 3373 uersum,
2473 3312 2520 3360 si
2567 3311 2736 3360 fuerit

441 3377 718 3440 clausula,
763 3384 861 3426 aut
906 3382 1301 3428 monometrum
1350 3393 1473 3428 esse
1520 3378 1890 3432 acatalectum
1936 3378 2209 3428 uocabulo
2256 3379 2433 3427 ‘boni’
2478 3378 2535 3426 in
2573 3393 2734 3428 uuam

440 3444 564 3507 syll.
614 3449 924 3506 contracto,
970 3449 1066 3494 aut
1100 3451 1409 3511 correptum
1456 3459 1576 3495 esse
1615 3437 1757 3495 ‘hoc’
1807 3460 2031 3495 numero
2083 3460 2204 3495 cnm
2259 3449 2523 3508 sequente
2570 3460 2734 3495 uersu

440 3516 794 3577 perpetuato3
837 3512 931 3562 sed
976 3511 1213 3562 fortasse
1251 3528 1357 3562 non
1402 3515 1578 3577 magis
1623 3513 1768 3562 hanc
1814 3513 1986 3562 fuisse
2024 3512 2329 3562 clausulam
2366 3527 2524 3576 quam
2561 3513 2735 3563 fuisse

442 3579 698 3629 uideatur
739 3580 988 3629 Terentii
1034 3579 1265 3646 Adelph.
1313 3582 1390 3631 1v
1434 3583 1493 3636 4.
1542 3583 1584 3630 1.
1666 3580 1740 3628 At
1784 3583 2067 3643 quartum,
2114 3580 2170 3629 ni
2206 3579 2396 3641 fallor,
2445 3580 2627 3643 datur,
2673 3584 2734 3629 ut

441 3646 733 3712 tripodium
780 3645 1117 3698 trochaicam
1163 3646 1550 3698 catalecticam
1604 3645 1671 3696 di
1724 3646 1883 3697 boni
1926 3647 2084 3712 quid
2129 3647 2253 3698 hoc
2303 3648 2478 3697 secuti
2527 3647 2734 3698 fuerint

610 3824 731 3882 275
779 3827 912 3898 petit
944 3844 1048 3882 om.
1092 3827 1333 3884 Ursinus
1462 3824 1583 3883 276
1614 3825 1975 3899 prosertoque
2004 3829 2220 3897 scripsi
2249 3827 2578 3882 dubitanter
2607 3842 2733 3900 pro-

441 3909 583 3965 secto
629 3911 721 3983 qui
754 3912 890 3969 ‚cod.
1020 3911 1268 3984 profecto
1315 3911 1556 3984 gnouistl
1600 3912 1654 3965 in
1702 3927 1772 3965 m.
1820 3909 1914 3965 tibi
1959 3910 2199 3966 futurum
2248 3911 2631 3984 Kiesslinyius

440 3992 561 4050 278
594 4009 722 4049 num
767 3996 860 4066 qui
890 3995 1321 4080 Lindemannus
1350 4012 1469 4051 nam
1514 3995 1600 4050 cui
1645 4011 1789 4050 nunc
1825 4012 1998 4068 prop.
2035 3995 2438 4051 Buce-helerus
2606 3995 2733 4050 mihi

438 4113 647 4181 addidi,
696 4130 802 4168 om.
850 4114 974 4168 cod.
1022 4113 1223 4185 (facile
1269 4082 1319 4169 m
1351 4120 1487 4169 ante
1518 4130 1568 4169 m
1610 4117 1798 4184 potuit
1828 4114 2124 4184 excidere)
2256 4115 2309 4169 in
2356 4111 2612 4168 mundost
2641 4129 2732 4168 ere

439 4196 840 4252 Buechelerus
872 4195 1254 4255 Coniectanea
1285 4198 1437 4254 Late.
1468 4195 1749 4268 (1868s9)
1790 4215 1849 4269 p.
1884 4198 1919 4255 7
1963 4201 2016 4253 in
2064 4197 2264 4254 mundo
2311 4199 2355 4252 si
2387 4199 2464 4252 ire
2511 4198 2630 4252 eod.
2679 4198 2730 4251 in

439 4280 639 4336 mundo
685 4281 847 4336 sciret
890 4282 1315 4340 Lindemannus
1486 4298 1605 4337 uam
1651 4282 1774 4354 quia
1817 4283 2010 4338 malum
2056 4285 2109 4338 in
2156 4281 2354 4338 mundo
2408 4298 2526 4337 csse
2572 4283 2732 4336 sciret

438 4370 586 4421 voni.
636 4366 860 4421 Keilius
1034 4367 1153 4424 279
1199 4369 1399 4423 sarcire
1445 4374 1583 4423 uett.
1641 4368 1768 4422 edd.
