3400 5075
1165 247 1540 302 APPnme
1574 246 2142 303 SENTENTtARvM
2686 246 2809 312 387

694 403 786 469 Et
833 406 1001 469 serui
1049 410 1114 470 ei:
1161 407 1405 473 domini
1452 408 1693 472 blanda
1741 408 1827 472 sii:
1874 409 2100 473 oratio.

693 520 1036 586 Humanus
1082 522 1434 606 imperator
1478 513 1727 588 fulmen
1773 524 2140 587 hostiumst.

694 636 774 700 In
820 636 990 701 bello
1041 638 1293 722 gladius
1303 690 1322 722 ,
1367 638 1542 703 domi
1587 639 1892 723 uoluptas
1939 639 2256 703 uulnerat.

693 752 1036 816 Peccatum
1083 754 1193 837 qui
1238 776 1374 819 non
1419 755 1610 838 punit
1654 755 1907 839 peccari
1954 752 2250 838 imperat.

518 867 649 934 265
693 866 871 931 Mala
915 865 1144 953 lingua.
1190 891 1336 933 eum
1383 892 1573 954 quem
1620 871 1830 954 carpit
1875 870 2206 935 meliorem
2254 866 2514 934 indicat.

696 981 820 1059 Qui
867 983 1148 1077 damnat.
1177 985 1620 1070 innocentem,
1667 986 1792 1050 sibi
1838 987 2089 1070 semper
2133 986 2328 1049 reust.

693 1097 989 1163 Verbosa
1034 1099 1260 1184 lingua
1306 1102 1496 1186 saepe
1542 1101 1852 1166 indicium
1900 1101 2265 1165 malitiaest.

698 1213 934 1279 Aliena
980 1237 1255 1280 narrans
1302 1215 1574 1281 erimina
1621 1215 1874 1281 audibit
1922 1239 2056 1280 sua.

699 1328 960 1395 Crimen
1005 1331 1185 1394 uelut
1231 1330 1476 1416 sagitta
1519 1333 1711 1396 facile
1756 1331 2074 1416 infigitur.

516 1446 648 1511 270
693 1445 772 1510 In
820 1446 1010 1529 quenl
1055 1449 1240 1529 potes
1286 1449 1580 1531 peceare,
1626 1468 1891 1531 peceare
1940 1447 2211 1511 abstine.

694 1561 818 1636 Qui
863 1560 1095 1624 metuit
1140 1563 1624 1646 contumeliam,
1670 1586 1818 1628 raro
1868 1563 2117 1646 accipit.

692 1676 787 1742 Ut
831 1675 1042 1760 possis
1090 1676 1374 1761 uincere,
1419 1679 1518 1741 est
1564 1671 1930 1743 audendum
1976 1678 2246 1743 fortiter.

694 1790 973 1857 Necesse
1022 1794 1121 1855 est
1165 1795 1229 1855 {ze
1276 1794 1652 1857 eonte'mnas
1699 1797 1813 1857 aui:
1859 1793 2217 1877 pecuniam.

693 1904 897 1973 Domi
937 1907 1200 1990 tyranni
1247 1909 1437 1991 saepe
1485 1908 1655 1972 serui
1703 1911 1855 1972 sunt
1900 1907 2079 1973 foris,

518 2023 650 2090 275
700 2021 885 2099 Quod
933 2020 1129 2085 finxit
1172 2022 1397 2108 lingua
1445 2023 1691 2106 spernit
1738 2023 2148 2088 conscientia.

653 2292 753 2341 270
789 2289 1113 2340 Vincentius
1151 2290 1289 2339 Bell.
1329 2304 1409 2353 sp.
1447 2289 1501 2341 h.
1536 2293 1583 2348 3,
1610 2292 1675 2340 79
1713 2305 1792 2354 sp.
1825 2288 1876 2338 d.
1904 2291 1954 2352 5,
1985 2292 2043 2340 17

685 2560 805 2617 261
853 2558 1097 2615 blandam
1129 2562 1268 2616 enim
1301 2568 1355 2616 et
1385 2561 1674 2615 seruientis
1716 2568 1770 2614 et
1815 2558 2123 2631 imperantis
2170 2555 2366 2612 debere
2396 2574 2517 2613 esse
2548 2575 2600 2612 m
2635 2557 2737 2630 39,
2771 2558 2807 2615 3

685 2645 806 2703 262
856 2644 1237 2701 humanitatem
1285 2644 1435 2701 ducis
1492 2646 1546 2700 iu
1592 2645 1832 2700 exercitu
1890 2643 2087 2698 flumen
2145 2641 2403 2697 aduersus
2457 2643 2643 2698 hostes
2688 2659 2809 2699 esse

513 2750 566 2786 m
611 2730 715 2802 40,
762 2729 830 2785 2:
889 2729 1091 2784 fulmen
1149 2731 1550 2801 corrigendum
1609 2744 1735 2785 esse
1790 2729 2075 2784 intellexit
2146 2727 2514 2799 Woelfflinus
2685 2724 2807 2784 263

514 2814 657 2870 hello
701 2829 931 2885 corpora
977 2813 1250 2867 homiuum
1296 2811 1521 2885 gladiis,
1569 2817 1623 2869 in
1670 2829 1801 2887 pace
1846 2811 2215 2884 uoluptatibus
2250 2810 2520 2866 uulnerari
2550 2830 2603 2866 m
2633 2809 2737 2882 40,
2770 2811 2806 2865 4

516 2897 658 2954 bello
704 2897 946 2970 gladius,
996 2898 1245 2969 uoluptas
1292 2912 1421 2968 paee
1468 2898 1721 2953 uulnerat
1754 2897 2039 2952 Gruterus
2084 2894 2281 2951 bellum
2315 2896 2561 2951 homines
2592 2894 2808 2967 gladiis,

514 2998 617 3054 pax
661 2980 865 3035 deliciis
912 2979 1160 3035 uulnerat
1197 2980 1593 3036 Buechelerus
1768 2979 1890 3034 264
1938 2981 2032 3053 qui
2076 2996 2183 3035 nou
2230 2981 2455 3053 corripit
2498 2986 2807 3052 peccantem

514 3081 734 3137 peceare
789 3065 1016 3137 imperat
1072 3081 1126 3118 m
1169 3063 1284 3132 41,
1330 3063 1368 3117 4
1563 3063 1683 3120 265
1733 3081 1851 3119 esse
1909 3066 2047 3121 euim
2095 3064 2372 3120 meliorem
2430 3063 2629 3119 indicat
2675 3062 2808 3117 mala

514 3149 698 3222 lingua
745 3164 904 3221 quem
951 3149 1121 3223 carpit
1164 3168 1215 3204 m
1247 3147 1346 3214 45,
1388 3149 1417 3202 1
1597 3148 1718 3206 266
1767 3151 1859 3223 qui
1906 3152 2245 3206 innocentem
2293 3148 2506 3203 damnat
2550 3164 2646 3201 sua
2679 3164 2804 3202 sen·

515 3234 714 3302 tentia,
771 3248 982 3305 semper
1037 3241 1120 3288 est
1175 3250 1330 3304 rem,
1387 3249 1507 3289 cum
1553 3250 1610 3288 se
1665 3232 1863 3289 cotidie
1907 3234 2064 3308 punit
2119 3232 2448 3288 conscientia
2506 3251 2558 3286 m
2601 3230 2717 3308 48,
2768 3233 2799 3287 1

514 3319 711 3374 Possis
768 3321 936 3373 eliam
991 3322 1382 3389 septenarium
1436 3320 1646 3374 elicere
1700 3317 1903 3373 talem:
1957 3318 2298 3373 innocentem
2359 3316 2451 3388 qui
2511 3315 2806 3386 damnauit,

514 3402 728 3459 damnat
757 3419 816 3457 se
846 3402 1061 3457 cotidie.
1195 3402 1313 3461 267
1350 3401 1574 3458 uerbosa
1607 3401 1791 3475 lingua
1817 3401 2047 3457 malitiae
2078 3399 2330 3455 indicium
2364 3408 2448 3455 est
2471 3419 2521 3455 m
2547 3400 2650 3470 48,
2683 3399 2719 3456 3

489 3487 637 3547 ,268
683 3489 729 3543 si
773 3486 940 3542 aliena
991 3495 1190 3544 temere
1237 3487 1530 3561 protuleris
1579 3488 1735 3556 uitia,
1788 3495 1876 3541 tua
1924 3484 2305 3557 intempestiue
2357 3484 2541 3540 audies
2587 3484 2807 3539 erimina

513 3591 567 3628 m
609 3571 714 3644 48,
758 3570 797 3626 4
972 3571 1092 3628 269
1139 3574 1338 3628 crimen
1393 3573 1624 3645 sagittae
1669 3579 1755 3626 est
1798 3570 1999 3626 simile:
2060 3568 2212 3624 facile
2256 3566 2534 3642 infigitur,
2586 3566 2807 3624 difficile

513 3656 800 3731 expellitur
842 3674 894 3712 m
940 3656 1040 3722 48,
1089 3658 1124 3712 5
1299 3656 1424 3714 270
1468 3658 1519 3712 in
1566 3672 1727 3730 quem
1773 3656 1895 3728 plus
1940 3662 2098 3728 potes
2144 3670 2395 3726 peccare,
2444 3653 2631 3708 desine
2676 3653 2807 3723 (lzoc

514 3760 619 3798 om.
668 3740 740 3811 m)
785 3760 838 3797 m
882 3741 986 3811 48,
1044 3741 1078 3798 9
1123 3760 1165 3812 p
1216 3742 1290 3798 16
1477 3741 1593 3797 271
1646 3738 1740 3813 qui
1787 3784 1799 3795 .
1837 3782 1850 3795 .
1884 3781 1897 3794 .
1944 3739 2133 3811 accipit
2177 3739 2425 3794 iniuriam
2478 3756 2531 3792 m
2576 3736 2679 3807 48,
2729 3736 2809 3793 10

683 3825 804 3882 272
851 3827 1028 3898 possis
1089 3826 1303 3881 uincere
1360 3825 1544 3881 audire
1590 3832 1809 3897 oportet
1865 3842 1916 3878 m
1974 3822 2089 3892 48,
2152 3821 2256 3876 12:
2315 3821 2511 3877 audere
2572 3821 2808 3893 Woelff-

510 3913 666 3967 linus
837 3909 958 3965 273
1005 3926 1226 3965 necesse
1258 3919 1341 3967 est
1375 3917 1433 3965 ut
1466 3919 1519 3965 te
1549 3910 1726 3982 ipsum
1758 3916 1851 3962 aut
1881 3911 2160 3979 pecuniam
2203 3905 2366 3961 uilem
2397 3904 2591 3961 habeas
2622 3924 2673 3959 m
2705 3905 2808 3975 48,

517 3996 594 4052 13
768 3993 890 4051 274
923 3993 1291 4068 Hermogenes
1324 3996 1460 4052 dixit
1489 3994 1784 4067 plerosque
1817 3991 2063 4046 homines
2101 3992 2155 4046 in
2187 3991 2298 4046 suis
2329 3988 2576 4045 domibus
2607 3989 2809 4044 saeuis·

513 4081 680 4135 simos
727 4087 1003 4153 tyrannm,
1050 4080 1100 4133 in
1146 4079 1331 4140 alienis
1378 4079 1707 4138 humillimos
1754 4091 1953 4130 seruos
1996 4092 2121 4131 esse
2164 4095 2202 4148 p
2246 4075 2279 4131 7
2332 4092 2363 4130 c
2397 4074 2517 4129 113
2690 4072 2811 4127 275

511 4163 775 4238 Diogenes
805 4163 963 4221 dixit:
1008 4176 1228 4237 superat
1258 4166 1590 4234 conscientia
1623 4158 1893 4237 quicquid
1925 4161 2049 4218 mali
2078 4158 2399 4217 confinxerit
2427 4157 2614 4230 lingua
2640 4174 2681 4227 p
2716 4155 2812 4225 17,

512 4250 596 4323 cf.
635 4250 709 4308 18

513 4330 528 4340 “
2318 4338 2416 4393 ‘25⁸
