<?xml version="1.0" encoding="UTF-8"?>
<!DOCTYPE html PUBLIC "-//W3C//DTD XHTML 1.0 Transitional//EN"
    "http://www.w3.org/TR/xhtml1/DTD/xhtml1-transitional.dtd">
<html xmlns="http://www.w3.org/1999/xhtml" xml:lang="en" lang="en">
 <head>
  <title>
</title>
<meta http-equiv="Content-Type" content="text/html;charset=utf-8" />
  <meta name='ocr-system' content='tesseract 3.04.00' />
  <meta name='ocr-capabilities' content='ocr_page ocr_carea ocr_par ocr_line ocrx_word'/>
</head>
<body>
  <div class='ocr_page' id='page_1' title='image "./comicorumromano00teregoog_0309.png"; bbox 0 0 3400 5075; ppageno 0'>
   <div class='ocr_carea' id='block_1_1' title="bbox 1416 347 2797 413">
    <p class='ocr_par' dir='ltr' id='par_1_1' title="bbox 1416 347 2797 413">
     <span class='ocr_line' id='line_1_1' title="bbox 1416 347 2797 413; baseline 0.001 -16"><span class='ocrx_word' id='word_1_1' title='bbox 1416 348 1476 397; x_wconf 84' lang='lat' dir='ltr'>L.</span> <span class='ocrx_word' id='word_1_2' title='bbox 1514 347 1877 398; x_wconf 68' lang='lat' dir='ltr'><strong>AsssAmvs</strong></span> <span class='ocrx_word' id='word_1_3' title='bbox 2482 369 2489 375; x_wconf 88' lang='lat'><em>-</em></span> <span class='ocrx_word' id='word_1_4' title='bbox 2674 348 2797 413; x_wconf 83' lang='lat'><strong>169</strong></span> 
     </span>
    </p>
   </div>
   <div class='ocr_carea' id='block_1_2' title="bbox 682 501 2405 706">
    <p class='ocr_par' dir='ltr' id='par_1_2' title="bbox 682 501 2405 706">
     <span class='ocr_line' id='line_1_2' title="bbox 682 501 2405 590; baseline 0.002 -23"><span class='ocrx_word' id='word_1_5' title='bbox 682 501 805 567; x_wconf 83' lang='lat' dir='ltr'><strong>Sed</strong></span> <span class='ocrx_word' id='word_1_6' title='bbox 854 504 925 568; x_wconf 76' lang='lat' dir='ltr'><strong>iit</strong></span> <span class='ocrx_word' id='word_1_7' title='bbox 972 502 1238 587; x_wconf 86' lang='lat' dir='ltr'><strong>quisque</strong></span> <span class='ocrx_word' id='word_1_8' title='bbox 1285 503 1539 588; x_wconf 78' lang='lat' dir='ltr'><strong>habuit,</strong></span> <span class='ocrx_word' id='word_1_9' title='bbox 1586 504 1961 568; x_wconf 75' lang='lat' dir='ltr'><strong>conueniret</strong></span> <span class='ocrx_word' id='word_1_10' title='bbox 2009 505 2179 589; x_wconf 89' lang='lat' dir='ltr'><strong>qu6d</strong></span> <span class='ocrx_word' id='word_1_11' title='bbox 2228 507 2405 590; x_wconf 88' lang='lat' dir='ltr'><strong>mihi,</strong></span> 
     </span>
     <span class='ocr_line' id='line_1_3' title="bbox 682 618 2281 706; baseline 0.002 -24"><span class='ocrx_word' id='word_1_12' title='bbox 682 618 867 694; x_wconf 82' lang='lat' dir='ltr'><strong>Quod</strong></span> <span class='ocrx_word' id='word_1_13' title='bbox 913 620 1015 681; x_wconf 72' lang='lat' dir='ltr'><strong>me</strong></span> <span class='ocrx_word' id='word_1_14' title='bbox 1061 639 1195 682; x_wconf 87' lang='lat' dir='ltr'><strong>non</strong></span> <span class='ocrx_word' id='word_1_15' title='bbox 1242 640 1432 702; x_wconf 88' lang='lat' dir='ltr'><strong>posse</strong></span> <span class='ocrx_word' id='word_1_16' title='bbox 1479 620 1709 684; x_wconf 68' lang='lat' dir='ltr'><strong>melius</strong></span> <span class='ocrx_word' id='word_1_17' title='bbox 1756 621 1967 684; x_wconf 84' lang='lat' dir='ltr'><strong>faeere</strong></span> <span class='ocrx_word' id='word_1_18' title='bbox 2015 621 2281 706; x_wconf 71' lang='lat' dir='ltr'><strong>credidi,</strong></span> 
     </span>
    </p>
   </div>
   <div class='ocr_carea' id='block_1_3' title="bbox 548 721 2629 1783">
    <p class='ocr_par' dir='ltr' id='par_1_3' title="bbox 548 721 2629 1783">
     <span class='ocr_line' id='line_1_4' title="bbox 679 721 1283 799; baseline -0.003 0"><span class='ocrx_word' id='word_1_19' title='bbox 679 733 899 799; x_wconf 82' lang='lat' dir='ltr'><strong>Etiam</strong></span> <span class='ocrx_word' id='word_1_20' title='bbox 946 735 985 798; x_wconf 66' lang='grc' dir='ltr'><strong>εἰ</strong></span> <span class='ocrx_word' id='word_1_21' title='bbox 1031 721 1283 799; x_wconf 80' lang='lat' dir='ltr'><strong>Latino.</strong></span> 
     </span>
     <span class='ocr_line' id='line_1_5' title="bbox 1548 849 1764 938; baseline 0.009 -24"><span class='ocrx_word' id='word_1_22' title='bbox 1548 850 1613 915; x_wconf 96' lang='grc' dir='ltr'><strong>ΙΙ</strong></span> <span class='ocrx_word' id='word_1_23' title='bbox 1661 849 1764 938; x_wconf 82' lang='grc'><strong>(5)</strong></span> 
     </span>
     <span class='ocr_line' id='line_1_6' title="bbox 682 963 2279 1053; baseline 0.001 -24"><span class='ocrx_word' id='word_1_24' title='bbox 682 964 945 1030; x_wconf 71' lang='lat' dir='ltr'><strong>Terenti</strong></span> <span class='ocrx_word' id='word_1_25' title='bbox 992 988 1232 1030; x_wconf 87' lang='lat' dir='ltr'><strong>numne</strong></span> <span class='ocrx_word' id='word_1_26' title='bbox 1280 963 1555 1030; x_wconf 75' lang='lat' dir='ltr'><strong>similem</strong></span> <span class='ocrx_word' id='word_1_27' title='bbox 1603 967 1818 1032; x_wconf 82' lang='lat' dir='ltr'><strong>dicent</strong></span> <span class='ocrx_word' id='word_1_28' title='bbox 1865 968 2279 1053; x_wconf 65' lang='lat' dir='ltr'><strong>quempiam?</strong></span> 
     </span>
     <span class='ocr_line' id='line_1_7' title="bbox 1523 1091 1771 1178; baseline 0.008 -24"><span class='ocrx_word' id='word_1_29' title='bbox 1523 1091 1621 1155; x_wconf 88' lang='lat' dir='ltr'><strong>III</strong></span> <span class='ocrx_word' id='word_1_30' title='bbox 1669 1091 1771 1178; x_wconf 85' lang='lat'><strong>(1)</strong></span> 
     </span>
     <span class='ocr_line' id='line_1_8' title="bbox 548 1203 2322 1291; baseline 0.003 -23"><span class='ocrx_word' id='word_1_31' title='bbox 548 1207 636 1269; x_wconf 87' lang='lat'><strong>30</strong></span> <span class='ocrx_word' id='word_1_32' title='bbox 685 1255 699 1268; x_wconf 93' lang='lat'>.</span> <span class='ocrx_word' id='word_1_33' title='bbox 747 1255 761 1269; x_wconf 89' lang='lat'>.</span> <span class='ocrx_word' id='word_1_34' title='bbox 809 1256 822 1269; x_wconf 92' lang='lat'>.</span> <span class='ocrx_word' id='word_1_35' title='bbox 872 1256 886 1268; x_wconf 93' lang='lat'>.</span> <span class='ocrx_word' id='word_1_36' title='bbox 934 1209 1007 1270; x_wconf 83' lang='lat' dir='ltr'><strong>ut</strong></span> <span class='ocrx_word' id='word_1_37' title='bbox 1052 1203 1354 1290; x_wconf 75' lang='lat' dir='ltr'><strong>quicquid</strong></span> <span class='ocrx_word' id='word_1_38' title='bbox 1402 1207 1713 1291; x_wconf 77' lang='lat' dir='ltr'><strong>loquitur,</strong></span> <span class='ocrx_word' id='word_1_39' title='bbox 1760 1209 1853 1272; x_wconf 68' lang='lat' dir='ltr'><strong>sal</strong></span> <span class='ocrx_word' id='word_1_40' title='bbox 1903 1230 2150 1273; x_wconf 88' lang='lat' dir='ltr'><strong>merum</strong></span> <span class='ocrx_word' id='word_1_41' title='bbox 2197 1211 2322 1273; x_wconf 78' lang='lat' dir='ltr'><strong>est!</strong></span> 
     </span>
     <span class='ocr_line' id='line_1_9' title="bbox 1524 1329 1770 1418; baseline 0.012 -25"><span class='ocrx_word' id='word_1_42' title='bbox 1524 1330 1617 1395; x_wconf 91' lang='lat' dir='ltr'><strong>IV</strong></span> <span class='ocrx_word' id='word_1_43' title='bbox 1667 1329 1770 1418; x_wconf 87' lang='lat'><strong>(3)</strong></span> 
     </span>
     <span class='ocr_line' id='line_1_10' title="bbox 683 1443 2205 1533; baseline 0.002 -23"><span class='ocrx_word' id='word_1_44' title='bbox 683 1443 876 1533; x_wconf 82' lang='lat' dir='ltr'><strong>[Ego]</strong></span> <span class='ocrx_word' id='word_1_45' title='bbox 927 1444 988 1510; x_wconf 77' lang='lat' dir='ltr'>ss</span> <span class='ocrx_word' id='word_1_46' title='bbox 1033 1469 1166 1511; x_wconf 87' lang='lat' dir='ltr'><strong>non</strong></span> <span class='ocrx_word' id='word_1_47' title='bbox 1212 1469 1464 1530; x_wconf 85' lang='lat' dir='ltr'><strong>uerear,</strong></span> <span class='ocrx_word' id='word_1_48' title='bbox 1507 1449 1697 1511; x_wconf 70' lang='lat' dir='ltr'><strong>nemo</strong></span> <span class='ocrx_word' id='word_1_49' title='bbox 1749 1453 2046 1513; x_wconf 73' lang='lat' dir='ltr'><strong>uersatur</strong></span> <span class='ocrx_word' id='word_1_50' title='bbox 2092 1450 2205 1513; x_wconf 84' lang='lat' dir='ltr'><strong>tui.</strong></span> 
     </span>
     <span class='ocr_line' id='line_1_11' title="bbox 1543 1579 1754 1666; baseline 0.005 -24"><span class='ocrx_word' id='word_1_51' title='bbox 1543 1580 1601 1642; x_wconf 92' lang='lat' dir='ltr'>V</span> <span class='ocrx_word' id='word_1_52' title='bbox 1652 1579 1754 1666; x_wconf 82' lang='lat'><strong>(4)</strong></span> 
     </span>
     <span class='ocr_line' id='line_1_12' title="bbox 679 1696 2629 1783; baseline 0.003 -24"><span class='ocrx_word' id='word_1_53' title='bbox 679 1696 1021 1761; x_wconf 74' lang='lat' dir='ltr'><strong>Praeterea</strong></span> <span class='ocrx_word' id='word_1_54' title='bbox 1067 1717 1238 1761; x_wconf 85' lang='lat' dir='ltr'><strong>nunc</strong></span> <span class='ocrx_word' id='word_1_55' title='bbox 1286 1702 1518 1780; x_wconf 74' lang='lat' dir='ltr'><strong>corpus</strong></span> <span class='ocrx_word' id='word_1_56' title='bbox 1565 1718 1777 1761; x_wconf 86' lang='lat' dir='ltr'><strong>meum</strong></span> <span class='ocrx_word' id='word_1_57' title='bbox 1826 1697 2025 1781; x_wconf 71' lang='lat' dir='ltr'><strong>pilare</strong></span> <span class='ocrx_word' id='word_1_58' title='bbox 2074 1698 2353 1781; x_wconf 86' lang='lat' dir='ltr'><strong>primum</strong></span> <span class='ocrx_word' id='word_1_59' title='bbox 2402 1701 2629 1783; x_wconf 72' lang='lat' dir='ltr'><strong>coepit.</strong></span> 
     </span>
    </p>
   </div>
   <div class='ocr_carea' id='block_1_4' title="bbox 500 1899 2841 3010">
    <p class='ocr_par' dir='ltr' id='par_1_4' title="bbox 501 1899 2841 2331">
     <span class='ocr_line' id='line_1_13' title="bbox 503 1899 2795 2007; baseline 0.003 -33"><span class='ocrx_word' id='word_1_60' title='bbox 503 1929 674 1988; x_wconf 86' lang='lat' dir='ltr'><strong>tibus,</strong></span> <span class='ocrx_word' id='word_1_61' title='bbox 715 1899 859 1992; x_wconf 86' lang='lat' dir='ltr'><strong>quod</strong></span> <span class='ocrx_word' id='word_1_62' title='bbox 899 1926 1058 1993; x_wconf 90' lang='lat' dir='ltr'><strong>plura</strong></span> <span class='ocrx_word' id='word_1_63' title='bbox 1083 1930 1406 2007; x_wconf 67' lang='lat' dir='ltr'>sumpsisset</span> <span class='ocrx_word' id='word_1_64' title='bbox 1432 1945 1466 1978; x_wconf 91' lang='lat' dir='ltr'><strong>a</strong></span> <span class='ocrx_word' id='word_1_65' title='bbox 1491 1927 1823 1988; x_wconf 80' lang='lat' dir='ltr'><strong>Menandm,</strong></span> <span class='ocrx_word' id='word_1_66' title='bbox 1860 1928 2067 1990; x_wconf 82' lang='lat' dir='ltr'><strong>fateor,</strong></span> <span class='ocrx_word' id='word_1_67' title='bbox 2106 1929 2309 1993; x_wconf 89' lang='lat' dir='ltr'><strong>inquit,</strong></span> <span class='ocrx_word' id='word_1_68' title='bbox 2350 1921 2571 1994; x_wconf 89' lang='lat' dir='ltr'><strong>sumpsi’</strong></span> <span class='ocrx_word' id='word_1_69' title='bbox 2611 1947 2658 1981; x_wconf 88' lang='lat' dir='ltr'><strong>e.</strong></span> <span class='ocrx_word' id='word_1_70' title='bbox 2680 1946 2730 1996; x_wconf 92' lang='lat' dir='ltr'><strong>q.</strong></span> <span class='ocrx_word' id='word_1_71' title='bbox 2751 1947 2795 1982; x_wconf 87' lang='lat' dir='ltr'><strong>s.</strong></span> 
     </span>
     <span class='ocr_line' id='line_1_14' title="bbox 505 1987 2799 2063; baseline 0.002 -19"><span class='ocrx_word' id='word_1_72' title='bbox 505 1996 865 2046; x_wconf 74' lang='lat' dir='ltr'>Cassiodorus</span> <span class='ocrx_word' id='word_1_73' title='bbox 904 1995 969 2045; x_wconf 82' lang='lat' dir='ltr'><strong>de</strong></span> <span class='ocrx_word' id='word_1_74' title='bbox 1011 1994 1257 2046; x_wconf 79' lang='lat' dir='ltr'><strong>amicitia</strong></span> <span class='ocrx_word' id='word_1_75' title='bbox 1294 1996 1429 2061; x_wconf 83' lang='lat' dir='ltr'><strong>prol.</strong></span> <span class='ocrx_word' id='word_1_76' title='bbox 1460 1987 1681 2046; x_wconf 85' lang='lat' dir='ltr'><strong>iterum</strong></span> <span class='ocrx_word' id='word_1_77' title='bbox 1722 1996 1777 2045; x_wconf 89' lang='lat' dir='ltr'><strong>in</strong></span> <span class='ocrx_word' id='word_1_78' title='bbox 1827 1996 1967 2047; x_wconf 90' lang='lat' dir='ltr'><strong>libro</strong></span> <span class='ocrx_word' id='word_1_79' title='bbox 2006 1998 2224 2046; x_wconf 79' lang='lat' dir='ltr'><strong>Saturn.</strong></span> <span class='ocrx_word' id='word_1_80' title='bbox 2261 1997 2539 2047; x_wconf 83' lang='lat' dir='ltr'><strong>Affranius</strong></span> <span class='ocrx_word' id='word_1_81' title='bbox 2576 2003 2799 2063; x_wconf 84' lang='lat' dir='ltr'><strong>togator</strong></span> 
     </span>
     <span class='ocr_line' id='line_1_15' title="bbox 501 2062 2797 2129; baseline 0.002 -18"><span class='ocrx_word' id='word_1_82' title='bbox 501 2065 741 2129; x_wconf 82' lang='lat' dir='ltr'><strong>scriptor</strong></span> <span class='ocrx_word' id='word_1_83' title='bbox 774 2064 830 2113; x_wconf 91' lang='lat' dir='ltr'><strong>in</strong></span> <span class='ocrx_word' id='word_1_84' title='bbox 877 2080 946 2112; x_wconf 83' lang='lat' dir='ltr'><strong>ea</strong></span> <span class='ocrx_word' id='word_1_85' title='bbox 992 2068 1187 2129; x_wconf 85' lang='lat' dir='ltr'><strong>togata</strong></span> <span class='ocrx_word' id='word_1_86' title='bbox 1233 2080 1375 2128; x_wconf 87' lang='lat' dir='ltr'><strong>quae</strong></span> <span class='ocrx_word' id='word_1_87' title='bbox 1413 2062 1752 2126; x_wconf 75' lang='lat' dir='ltr'><strong>Compitalia</strong></span> <span class='ocrx_word' id='word_1_88' title='bbox 1785 2064 2133 2127; x_wconf 73' lang='lat' dir='ltr'><strong>inscribitur,</strong></span> <span class='ocrx_word' id='word_1_89' title='bbox 2180 2065 2296 2115; x_wconf 88' lang='lat' dir='ltr'><strong>suis</strong></span> <span class='ocrx_word' id='word_1_90' title='bbox 2335 2065 2671 2129; x_wconf 87' lang='lat' dir='ltr'><strong>respondens</strong></span> <span class='ocrx_word' id='word_1_91' title='bbox 2709 2066 2797 2116; x_wconf 88' lang='lat' dir='ltr'><strong>de</strong></span> 
     </span>
     <span class='ocr_line' id='line_1_16' title="bbox 502 2131 2841 2194; baseline 0.002 -16"><span class='ocrx_word' id='word_1_92' title='bbox 502 2131 834 2181; x_wconf 80' lang='lat' dir='ltr'><strong>tractoribus</strong></span> <span class='ocrx_word' id='word_1_93' title='bbox 872 2131 1184 2181; x_wconf 80' lang='lat' dir='ltr'><strong>dicentibus</strong></span> <span class='ocrx_word' id='word_1_94' title='bbox 1221 2147 1341 2182; x_wconf 86' lang='lat' dir='ltr'><strong>eum</strong></span> <span class='ocrx_word' id='word_1_95' title='bbox 1379 2131 1445 2181; x_wconf 88' lang='lat' dir='ltr'><strong>de</strong></span> <span class='ocrx_word' id='word_1_96' title='bbox 1482 2131 1623 2181; x_wconf 88' lang='lat' dir='ltr'><strong>libro</strong></span> <span class='ocrx_word' id='word_1_97' title='bbox 1647 2131 1938 2181; x_wconf 78' lang='lat' dir='ltr'><strong>Menandri</strong></span> <span class='ocrx_word' id='word_1_98' title='bbox 1977 2147 2082 2180; x_wconf 92' lang='lat' dir='ltr'><strong>non</strong></span> <span class='ocrx_word' id='word_1_99' title='bbox 2119 2132 2293 2182; x_wconf 87' lang='lat' dir='ltr'><strong>solum</strong></span> <span class='ocrx_word' id='word_1_100' title='bbox 2331 2133 2661 2194; x_wconf 84' lang='lat' dir='ltr'><strong>sententias,</strong></span> <span class='ocrx_word' id='word_1_101' title='bbox 2700 2134 2797 2184; x_wconf 86' lang='lat' dir='ltr'><strong>sed</strong></span> <span class='ocrx_word' id='word_1_102' title='bbox 2833 2184 2841 2188; x_wconf 71' lang='lat'>.</span> 
     </span>
     <span class='ocr_line' id='line_1_17' title="bbox 502 2198 2798 2265; baseline 0.002 -18"><span class='ocrx_word' id='word_1_103' title='bbox 502 2198 670 2248; x_wconf 82' lang='lat' dir='ltr'><strong>uerba</strong></span> <span class='ocrx_word' id='word_1_104' title='bbox 707 2200 928 2263; x_wconf 84' lang='lat' dir='ltr'><strong>integra</strong></span> <span class='ocrx_word' id='word_1_105' title='bbox 966 2200 1446 2264; x_wconf 74' lang='lat' dir='ltr'><strong>transsumpsisse,</strong></span> <span class='ocrx_word' id='word_1_106' title='bbox 1485 2200 1875 2263; x_wconf 78' lang='lat' dir='ltr'><strong>transsumpsi,</strong></span> <span class='ocrx_word' id='word_1_107' title='bbox 1927 2200 2134 2263; x_wconf 85' lang='lat' dir='ltr'><strong>inquit,</strong></span> <span class='ocrx_word' id='word_1_108' title='bbox 2182 2200 2280 2248; x_wconf 82' lang='lat' dir='ltr'><strong>sed</strong></span> <span class='ocrx_word' id='word_1_109' title='bbox 2319 2216 2385 2250; x_wconf 86' lang='lat' dir='ltr'><strong>ea</strong></span> <span class='ocrx_word' id='word_1_110' title='bbox 2422 2215 2560 2265; x_wconf 86' lang='lat' dir='ltr'><strong>quae</strong></span> <span class='ocrx_word' id='word_1_111' title='bbox 2598 2201 2798 2252; x_wconf 85' lang='lat' dir='ltr'><strong>melius</strong></span> 
     </span>
     <span class='ocr_line' id='line_1_18' title="bbox 502 2266 2658 2331; baseline 0.001 -15"><span class='ocrx_word' id='word_1_112' title='bbox 502 2283 585 2317; x_wconf 88' lang='lat' dir='ltr'><strong>me</strong></span> <span class='ocrx_word' id='word_1_113' title='bbox 631 2283 792 2331; x_wconf 89' lang='lat' dir='ltr'><strong>posse</strong></span> <span class='ocrx_word' id='word_1_114' title='bbox 838 2267 1087 2316; x_wconf 87' lang='lat' dir='ltr'><strong>inuenire</strong></span> <span class='ocrx_word' id='word_1_115' title='bbox 1137 2282 1240 2316; x_wconf 90' lang='lat' dir='ltr'><strong>non</strong></span> <span class='ocrx_word' id='word_1_116' title='bbox 1290 2266 1539 2317; x_wconf 60' lang='lat' dir='ltr'><strong>credidi)</strong></span> <span class='ocrx_word' id='word_1_117' title='bbox 1621 2266 1901 2316; x_wconf 85' lang='lat' dir='ltr'><strong>Indicauit</strong></span> <span class='ocrx_word' id='word_1_118' title='bbox 1944 2268 2087 2317; x_wconf 82' lang='lat' dir='ltr'><strong>hune</strong></span> <span class='ocrx_word' id='word_1_119' title='bbox 2132 2267 2309 2316; x_wconf 82' lang='lat' dir='ltr'><strong>locum</strong></span> <span class='ocrx_word' id='word_1_120' title='bbox 2359 2269 2658 2319; x_wconf 86' lang='lat' dir='ltr'><strong>Usenerus.</strong></span> 
     </span>
    </p>

    <p class='ocr_par' dir='ltr' id='par_1_5' title="bbox 500 2329 2797 3010">
     <span class='ocr_line' id='line_1_19' title="bbox 500 2329 2797 2400; baseline 0.001 -18"><span class='ocrx_word' id='word_1_121' title='bbox 500 2334 554 2383; x_wconf 93' lang='lat'><strong>11</strong></span> <span class='ocrx_word' id='word_1_122' title='bbox 595 2334 892 2383; x_wconf 78' lang='lat' dir='ltr'><strong>Suetonius</strong></span> <span class='ocrx_word' id='word_1_123' title='bbox 928 2335 1079 2383; x_wconf 80' lang='lat' dir='ltr'><strong>vitae</strong></span> <span class='ocrx_word' id='word_1_124' title='bbox 1108 2334 1334 2384; x_wconf 78' lang='lat' dir='ltr'><strong>Terenti</strong></span> <span class='ocrx_word' id='word_1_125' title='bbox 1370 2351 1415 2384; x_wconf 84' lang='lat' dir='ltr'>c.</span> <span class='ocrx_word' id='word_1_126' title='bbox 1457 2337 1487 2384; x_wconf 89' lang='lat'>5</span> <span class='ocrx_word' id='word_1_127' title='bbox 1526 2350 1577 2398; x_wconf 89' lang='lat' dir='ltr'><strong>p.</strong></span> <span class='ocrx_word' id='word_1_128' title='bbox 1618 2338 1682 2384; x_wconf 90' lang='grc'><strong>33</strong></span> <span class='ocrx_word' id='word_1_129' title='bbox 1722 2335 1783 2386; x_wconf 79' lang='lat' dir='ltr'>R.</span> <span class='ocrx_word' id='word_1_130' title='bbox 1814 2329 1984 2383; x_wconf 84' lang='lat' dir='ltr'><strong>‘hunc</strong></span> <span class='ocrx_word' id='word_1_131' title='bbox 2009 2335 2271 2385; x_wconf 77' lang='lat' dir='ltr'><strong>Afranius</strong></span> <span class='ocrx_word' id='word_1_132' title='bbox 2307 2335 2521 2400; x_wconf 87' lang='lat' dir='ltr'><strong>quidem</strong></span> <span class='ocrx_word' id='word_1_133' title='bbox 2549 2337 2797 2386; x_wconf 86' lang='lat' dir='ltr'><strong>omnibus</strong></span> 
     </span>
     <span class='ocr_line' id='line_1_20' title="bbox 503 2401 2797 2467; baseline 0.002 -17"><span class='ocrx_word' id='word_1_134' title='bbox 503 2402 730 2451; x_wconf 82' lang='lat' dir='ltr'><strong>comicis</strong></span> <span class='ocrx_word' id='word_1_135' title='bbox 767 2401 1012 2466; x_wconf 63' lang='lat' dir='ltr'><strong>praefert</strong></span> <span class='ocrx_word' id='word_1_136' title='bbox 1048 2403 1297 2452; x_wconf 81' lang='lat' dir='ltr'><strong>scribens</strong></span> <span class='ocrx_word' id='word_1_137' title='bbox 1334 2403 1390 2451; x_wconf 90' lang='lat' dir='ltr'><strong>in</strong></span> <span class='ocrx_word' id='word_1_138' title='bbox 1417 2401 1844 2465; x_wconf 83' lang='lat' dir='ltr'><strong>Compitalibus.</strong></span> <span class='ocrx_word' id='word_1_139' title='bbox 1886 2403 2135 2452; x_wconf 74' lang='lat' dir='ltr'><strong>&#39;Ferenti’</strong></span> <span class='ocrx_word' id='word_1_140' title='bbox 2175 2419 2220 2452; x_wconf 90' lang='lat' dir='ltr'><strong>e.</strong></span> <span class='ocrx_word' id='word_1_141' title='bbox 2262 2418 2312 2467; x_wconf 91' lang='lat' dir='ltr'><strong>q.</strong></span> <span class='ocrx_word' id='word_1_142' title='bbox 2352 2419 2393 2452; x_wconf 90' lang='lat' dir='ltr'><strong>s.</strong></span> <span class='ocrx_word' id='word_1_143' title='bbox 2535 2403 2617 2453; x_wconf 91' lang='lat'><strong>111</strong></span> <span class='ocrx_word' id='word_1_144' title='bbox 2653 2404 2797 2454; x_wconf 88' lang='lat' dir='ltr'><strong>Pris-</strong></span> 
     </span>
     <span class='ocr_line' id='line_1_21' title="bbox 502 2462 2798 2535; baseline 0.002 -17"><span class='ocrx_word' id='word_1_145' title='bbox 502 2469 696 2519; x_wconf 85' lang='lat' dir='ltr'><strong>cianus</strong></span> <span class='ocrx_word' id='word_1_146' title='bbox 732 2469 772 2517; x_wconf 95' lang='lat' dir='ltr'>V</span> <span class='ocrx_word' id='word_1_147' title='bbox 814 2471 846 2518; x_wconf 89' lang='lat'>8</span> <span class='ocrx_word' id='word_1_148' title='bbox 884 2486 931 2533; x_wconf 89' lang='lat' dir='ltr'><strong>p.</strong></span> <span class='ocrx_word' id='word_1_149' title='bbox 971 2470 1071 2520; x_wconf 80' lang='lat'><strong>659</strong></span> <span class='ocrx_word' id='word_1_150' title='bbox 1106 2470 1165 2520; x_wconf 90' lang='lat' dir='ltr'><strong>P.</strong></span> <span class='ocrx_word' id='word_1_151' title='bbox 1199 2462 1312 2519; x_wconf 83' lang='lat' dir='ltr'><strong>hio</strong></span> <span class='ocrx_word' id='word_1_152' title='bbox 1348 2475 1405 2518; x_wconf 87' lang='lat' dir='ltr'><strong>et</strong></span> <span class='ocrx_word' id='word_1_153' title='bbox 1441 2470 1542 2519; x_wconf 84' lang='lat' dir='ltr'><strong>hoc</strong></span> <span class='ocrx_word' id='word_1_154' title='bbox 1580 2469 1730 2520; x_wconf 88' lang='lat' dir='ltr'><strong>sal.</strong></span> <span class='ocrx_word' id='word_1_155' title='bbox 1804 2470 2119 2520; x_wconf 85' lang='lat' dir='ltr'><strong>.Afranius</strong></span> <span class='ocrx_word' id='word_1_156' title='bbox 2156 2471 2211 2519; x_wconf 89' lang='lat' dir='ltr'><strong>in</strong></span> <span class='ocrx_word' id='word_1_157' title='bbox 2249 2470 2675 2535; x_wconf 86' lang='lat' dir='ltr'><strong>Compitalibus·</strong></span> <span class='ocrx_word' id='word_1_158' title='bbox 2714 2475 2798 2522; x_wconf 88' lang='lat' dir='ltr'><strong>ut&#39;</strong></span> 
     </span>
     <span class='ocr_line' id='line_1_22' title="bbox 501 2536 2797 2605; baseline 0 -17"><span class='ocrx_word' id='word_1_159' title='bbox 501 2555 549 2588; x_wconf 85' lang='lat' dir='ltr'><strong>e.</strong></span> <span class='ocrx_word' id='word_1_160' title='bbox 590 2553 641 2601; x_wconf 90' lang='lat' dir='ltr'><strong>q.</strong></span> <span class='ocrx_word' id='word_1_161' title='bbox 681 2553 724 2588; x_wconf 90' lang='lat' dir='ltr'><strong>s.</strong></span> <span class='ocrx_word' id='word_1_162' title='bbox 764 2536 1134 2599; x_wconf 79' lang='lat' dir='ltr'><strong>(affranius</strong></span> <span class='ocrx_word' id='word_1_163' title='bbox 1171 2536 1339 2602; x_wconf 85' lang='lat' dir='ltr'><strong>Sang.</strong></span> <span class='ocrx_word' id='word_1_164' title='bbox 1371 2539 1526 2590; x_wconf 86' lang='lat' dir='ltr'><strong>Grut.</strong></span> <span class='ocrx_word' id='word_1_165' title='bbox 1672 2536 2180 2602; x_wconf 81' lang='lat' dir='ltr'><strong>competalibus</strong></span> <span class='ocrx_word' id='word_1_166' title='bbox 2218 2537 2385 2605; x_wconf 84' lang='lat' dir='ltr'><strong>Saug.</strong></span> <span class='ocrx_word' id='word_1_167' title='bbox 2416 2539 2569 2589; x_wconf 86' lang='lat' dir='ltr'><strong>Grut.</strong></span> <span class='ocrx_word' id='word_1_168' title='bbox 2605 2539 2797 2601; x_wconf 79' lang='lat' dir='ltr'><strong>Barb.)</strong></span> 
     </span>
     <span class='ocr_line' id='line_1_23' title="bbox 500 2605 2798 2673; baseline 0.001 -18"><span class='ocrx_word' id='word_1_169' title='bbox 500 2606 816 2670; x_wconf 79' lang='lat' dir='ltr'><strong>Anonymus</strong></span> <span class='ocrx_word' id='word_1_170' title='bbox 853 2605 1016 2656; x_wconf 88' lang='lat' dir='ltr'><strong>Bern.</strong></span> <span class='ocrx_word' id='word_1_171' title='bbox 1065 2607 1119 2655; x_wconf 89' lang='lat' dir='ltr'><strong>in</strong></span> <span class='ocrx_word' id='word_1_172' title='bbox 1157 2606 1377 2671; x_wconf 82' lang='lat' dir='ltr'><strong>Hageni</strong></span> <span class='ocrx_word' id='word_1_173' title='bbox 1424 2605 1571 2655; x_wconf 84' lang='lat' dir='ltr'><strong>anal.</strong></span> <span class='ocrx_word' id='word_1_174' title='bbox 1618 2606 1783 2658; x_wconf 83' lang='lat' dir='ltr'><strong>Helu</strong></span> <span class='ocrx_word' id='word_1_175' title='bbox 1825 2622 1876 2670; x_wconf 87' lang='lat' dir='ltr'><strong>p.</strong></span> <span class='ocrx_word' id='word_1_176' title='bbox 1915 2608 2042 2667; x_wconf 89' lang='grc'>112,</span> <span class='ocrx_word' id='word_1_177' title='bbox 2079 2608 2111 2655; x_wconf 81' lang='lat'><strong>4</strong></span> <span class='ocrx_word' id='word_1_178' title='bbox 2158 2606 2468 2658; x_wconf 78' lang='lat' dir='ltr'><strong>A‘t‘ranius:</strong></span> <span class='ocrx_word' id='word_1_179' title='bbox 2517 2608 2798 2673; x_wconf 80' lang='lat' dir='ltr'><strong>quicquid’</strong></span> 
     </span>
     <span class='ocr_line' id='line_1_24' title="bbox 502 2672 2799 2738; baseline 0.001 -16"><span class='ocrx_word' id='word_1_180' title='bbox 502 2689 548 2722; x_wconf 86' lang='lat' dir='ltr'><strong>e.</strong></span> <span class='ocrx_word' id='word_1_181' title='bbox 589 2688 641 2737; x_wconf 89' lang='lat' dir='ltr'><strong>q.</strong></span> <span class='ocrx_word' id='word_1_182' title='bbox 680 2690 725 2727; x_wconf 89' lang='lat' dir='ltr'><strong>s.</strong></span> <span class='ocrx_word' id='word_1_183' title='bbox 797 2672 1059 2723; x_wconf 85' lang='lat' dir='ltr'><strong>Alcuinus</strong></span> <span class='ocrx_word' id='word_1_184' title='bbox 1096 2689 1325 2737; x_wconf 82' lang='lat' dir='ltr'><strong>gramm.</strong></span> <span class='ocrx_word' id='word_1_185' title='bbox 1364 2690 1413 2738; x_wconf 89' lang='lat' dir='ltr'><strong>p.</strong></span> <span class='ocrx_word' id='word_1_186' title='bbox 1450 2677 1576 2724; x_wconf 88' lang='grc'><strong>2091</strong></span> <span class='ocrx_word' id='word_1_187' title='bbox 1622 2675 1681 2724; x_wconf 78' lang='grc' dir='ltr'><strong>Ρ.</strong></span> <span class='ocrx_word' id='word_1_188' title='bbox 1719 2673 1833 2723; x_wconf 82' lang='lat' dir='ltr'><strong>‘hic</strong></span> <span class='ocrx_word' id='word_1_189' title='bbox 1872 2684 1929 2723; x_wconf 84' lang='lat' dir='ltr'><strong>et</strong></span> <span class='ocrx_word' id='word_1_190' title='bbox 1964 2676 2067 2723; x_wconf 83' lang='lat' dir='ltr'><strong>boc</strong></span> <span class='ocrx_word' id='word_1_191' title='bbox 2105 2674 2207 2727; x_wconf 84' lang='lat' dir='ltr'><strong>sal.</strong></span> <span class='ocrx_word' id='word_1_192' title='bbox 2243 2673 2422 2724; x_wconf 88' lang='lat' dir='ltr'><strong>Cato.</strong></span> <span class='ocrx_word' id='word_1_193' title='bbox 2498 2675 2799 2725; x_wconf 83' lang='lat' dir='ltr'><strong>Africa-</strong></span> 
     </span>
     <span class='ocr_line' id='line_1_25' title="bbox 500 2734 2794 2805; baseline 0.001 -16"><span class='ocrx_word' id='word_1_194' title='bbox 500 2756 647 2791; x_wconf 89' lang='lat' dir='ltr'><strong>nus:</strong></span> <span class='ocrx_word' id='word_1_195' title='bbox 695 2739 838 2804; x_wconf 85' lang='lat' dir='ltr'><strong>quod</strong></span> <span class='ocrx_word' id='word_1_196' title='bbox 885 2739 1130 2805; x_wconf 88' lang='lat' dir='ltr'><strong>loquitur</strong></span> <span class='ocrx_word' id='word_1_197' title='bbox 1174 2741 1260 2791; x_wconf 86' lang='lat' dir='ltr'><strong>sal</strong></span> <span class='ocrx_word' id='word_1_198' title='bbox 1306 2757 1511 2791; x_wconf 90' lang='lat' dir='ltr'><strong>merum</strong></span> <span class='ocrx_word' id='word_1_199' title='bbox 1558 2746 1686 2794; x_wconf 61' lang='lat' dir='ltr'><strong>est)</strong></span> <span class='ocrx_word' id='word_1_200' title='bbox 1896 2741 1971 2791; x_wconf 89' lang='lat' dir='ltr'><strong>1v</strong></span> <span class='ocrx_word' id='word_1_201' title='bbox 2008 2741 2218 2792; x_wconf 87' lang='lat' dir='ltr'><strong>Nonius</strong></span> <span class='ocrx_word' id='word_1_202' title='bbox 2254 2745 2372 2803; x_wconf 83' lang='lat'><strong>496,</strong></span> <span class='ocrx_word' id='word_1_203' title='bbox 2410 2734 2528 2791; x_wconf 83' lang='grc'><strong>25</strong></span> <span class='ocrx_word' id='word_1_204' title='bbox 2538 2758 2655 2792; x_wconf 86' lang='lat' dir='ltr'><strong>cum</strong></span> <span class='ocrx_word' id='word_1_205' title='bbox 2696 2744 2794 2793; x_wconf 89' lang='lat' dir='ltr'><strong>sit:</strong></span> 
     </span>
     <span class='ocr_line' id='line_1_26' title="bbox 503 2809 2794 2875; baseline 0.002 -18"><span class='ocrx_word' id='word_1_206' title='bbox 503 2813 779 2859; x_wconf 86' lang='lat' dir='ltr'><strong>ueretur</strong></span> <span class='ocrx_word' id='word_1_207' title='bbox 815 2809 966 2858; x_wconf 87' lang='lat' dir='ltr'><strong>illam</strong></span> <span class='ocrx_word' id='word_1_208' title='bbox 1005 2824 1156 2861; x_wconf 86' lang='lat' dir='ltr'><strong>rem.</strong></span> <span class='ocrx_word' id='word_1_209' title='bbox 1224 2809 1546 2859; x_wconf 82' lang='lat' dir='ltr'><strong>‚ueteribus</strong></span> <span class='ocrx_word' id='word_1_210' title='bbox 1589 2809 1882 2873; x_wconf 84' lang='lat' dir='ltr'><strong>genetiuos</strong></span> <span class='ocrx_word' id='word_1_211' title='bbox 1929 2825 2024 2875; x_wconf 89' lang='lat' dir='ltr'><strong>pro</strong></span> <span class='ocrx_word' id='word_1_212' title='bbox 2061 2811 2381 2860; x_wconf 80' lang='lat' dir='ltr'><strong>accusatiuo</strong></span> <span class='ocrx_word' id='word_1_213' title='bbox 2419 2811 2548 2874; x_wconf 88' lang='lat' dir='ltr'><strong>poni</strong></span> <span class='ocrx_word' id='word_1_214' title='bbox 2590 2809 2794 2875; x_wconf 79' lang='lat' dir='ltr'><strong>placet.</strong></span> 
     </span>
     <span class='ocr_line' id='line_1_27' title="bbox 502 2875 2797 2942; baseline 0.001 -18"><span class='ocrx_word' id='word_1_215' title='bbox 502 2876 764 2926; x_wconf 80' lang='lat' dir='ltr'><strong>Afranius</strong></span> <span class='ocrx_word' id='word_1_216' title='bbox 791 2875 1215 2939; x_wconf 85' lang='lat' dir='ltr'><strong>Compitalibus:</strong></span> <span class='ocrx_word' id='word_1_217' title='bbox 1256 2877 1327 2926; x_wconf 90' lang='lat' dir='ltr'><strong>si’</strong></span> <span class='ocrx_word' id='word_1_218' title='bbox 1367 2893 1413 2926; x_wconf 89' lang='lat' dir='ltr'><strong>e.</strong></span> <span class='ocrx_word' id='word_1_219' title='bbox 1455 2893 1503 2941; x_wconf 89' lang='lat' dir='ltr'><strong>q.</strong></span> <span class='ocrx_word' id='word_1_220' title='bbox 1543 2893 1585 2926; x_wconf 88' lang='lat' dir='ltr'><strong>s.</strong></span> <span class='ocrx_word' id='word_1_221' title='bbox 1760 2877 1805 2925; x_wconf 89' lang='lat' dir='ltr'>V</span> <span class='ocrx_word' id='word_1_222' title='bbox 1842 2876 2053 2926; x_wconf 81' lang='lat' dir='ltr'><strong>Nonius</strong></span> <span class='ocrx_word' id='word_1_223' title='bbox 2090 2880 2175 2934; x_wconf 82' lang='grc'><strong>39,</strong></span> <span class='ocrx_word' id='word_1_224' title='bbox 2213 2879 2332 2927; x_wconf 73' lang='lat'><strong>‘25‘</strong></span> <span class='ocrx_word' id='word_1_225' title='bbox 2339 2875 2558 2942; x_wconf 86' lang='lat' dir='ltr'><strong>pilare</strong></span> <span class='ocrx_word' id='word_1_226' title='bbox 2591 2877 2797 2927; x_wconf 80' lang='lat' dir='ltr'><strong>dictum</strong></span> 
     </span>
     <span class='ocr_line' id='line_1_28' title="bbox 502 2943 2796 3010; baseline 0.001 -18"><span class='ocrx_word' id='word_1_227' title='bbox 502 2950 605 3007; x_wconf 85' lang='lat' dir='ltr'><strong>est,</strong></span> <span class='ocrx_word' id='word_1_228' title='bbox 646 2948 709 2993; x_wconf 88' lang='lat' dir='ltr'><strong>ut</strong></span> <span class='ocrx_word' id='word_1_229' title='bbox 734 2944 1008 3009; x_wconf 85' lang='lat' dir='ltr'><strong>plumare,</strong></span> <span class='ocrx_word' id='word_1_230' title='bbox 1047 2943 1175 3007; x_wconf 88' lang='lat' dir='ltr'><strong>pilis</strong></span> <span class='ocrx_word' id='word_1_231' title='bbox 1209 2944 1428 2995; x_wconf 88' lang='lat' dir='ltr'><strong>uestiri.</strong></span> <span class='ocrx_word' id='word_1_232' title='bbox 1489 2944 1751 2994; x_wconf 84' lang='lat' dir='ltr'><strong>Afranius</strong></span> <span class='ocrx_word' id='word_1_233' title='bbox 1779 2943 2207 3009; x_wconf 84' lang='lat' dir='ltr'><strong>Compitalibus·</strong></span> <span class='ocrx_word' id='word_1_234' title='bbox 2248 2950 2559 3010; x_wconf 85' lang='lat' dir='ltr'><strong>praeterea’</strong></span> <span class='ocrx_word' id='word_1_235' title='bbox 2600 2961 2647 2997; x_wconf 87' lang='lat' dir='ltr'><strong>e.</strong></span> <span class='ocrx_word' id='word_1_236' title='bbox 2676 2962 2725 3010; x_wconf 92' lang='lat' dir='ltr'>q.</span> <span class='ocrx_word' id='word_1_237' title='bbox 2753 2963 2796 2995; x_wconf 88' lang='lat' dir='ltr'><strong>s.</strong></span> 
     </span>
    </p>
   </div>
   <div class='ocr_carea' id='block_1_5' title="bbox 506 3058 930 3067">
    <p class='ocr_par' dir='ltr' id='par_1_6' title="bbox 506 3058 930 3067">
     <span class='ocr_line' id='line_1_29' title="bbox 506 3058 930 3067; baseline 0 0"><span class='ocrx_word' id='word_1_238' title='bbox 506 3058 930 3067; x_wconf 95' lang='lat' dir='ltr'><strong> </strong></span> 
     </span>
    </p>
   </div>
   <div class='ocr_carea' id='block_1_6' title="bbox 496 3121 2871 3955">
    <p class='ocr_par' dir='ltr' id='par_1_7' title="bbox 496 3121 2871 3955">
     <span class='ocr_line' id='line_1_30' title="bbox 671 3121 2799 3197; baseline 0.001 -20"><span class='ocrx_word' id='word_1_239' title='bbox 671 3121 749 3178; x_wconf 89' lang='grc'><strong>26</strong></span> <span class='ocrx_word' id='word_1_240' title='bbox 796 3124 1042 3197; x_wconf 88' lang='lat' dir='ltr'><strong>quisquis</strong></span> <span class='ocrx_word' id='word_1_241' title='bbox 1087 3123 1228 3179; x_wconf 81' lang='lat' dir='ltr'><strong>Par.</strong></span> <span class='ocrx_word' id='word_1_242' title='bbox 1405 3123 1727 3178; x_wconf 83' lang='lat' dir='ltr'><strong>conueniret</strong></span> <span class='ocrx_word' id='word_1_243' title='bbox 1771 3122 1917 3195; x_wconf 88' lang='lat' dir='ltr'><strong>quod</strong></span> <span class='ocrx_word' id='word_1_244' title='bbox 1977 3124 2221 3180; x_wconf 75' lang='lat' dir='ltr'><strong>Bomius</strong></span> <span class='ocrx_word' id='word_1_245' title='bbox 2274 3123 2421 3196; x_wconf 89' lang='lat' dir='ltr'><strong>quod</strong></span> <span class='ocrx_word' id='word_1_246' title='bbox 2475 3126 2799 3180; x_wconf 81' lang='lat' dir='ltr'><strong>conueniret</strong></span> 
     </span>
     <span class='ocr_line' id='line_1_31' title="bbox 496 3205 2796 3284; baseline 0 -22"><span class='ocrx_word' id='word_1_247' title='bbox 496 3208 634 3262; x_wconf 77' lang='lat' dir='ltr'><strong>libri</strong></span> <span class='ocrx_word' id='word_1_248' title='bbox 674 3205 819 3280; x_wconf 86' lang='lat' dir='ltr'><strong>quod</strong></span> <span class='ocrx_word' id='word_1_249' title='bbox 866 3206 1223 3264; x_wconf 78' lang='lat' dir='ltr'><strong>conueniebat</strong></span> <span class='ocrx_word' id='word_1_250' title='bbox 1255 3207 1636 3263; x_wconf 66' lang='lat' dir='ltr'><strong>Her-mannus</strong></span> <span class='ocrx_word' id='word_1_251' title='bbox 1809 3206 1888 3263; x_wconf 85' lang='grc'><strong>27</strong></span> <span class='ocrx_word' id='word_1_252' title='bbox 1935 3208 2081 3281; x_wconf 87' lang='lat' dir='ltr'><strong>quod</strong></span> <span class='ocrx_word' id='word_1_253' title='bbox 2129 3225 2213 3264; x_wconf 85' lang='lat' dir='ltr'><strong>me</strong></span> <span class='ocrx_word' id='word_1_254' title='bbox 2247 3208 2493 3284; x_wconf 57' lang='lat' dir='ltr'><strong>Bothitqs</strong></span> <span class='ocrx_word' id='word_1_255' title='bbox 2539 3207 2796 3281; x_wconf 77' lang='lat' dir='ltr'><strong>quodque</strong></span> 
     </span>
     <span class='ocr_line' id='line_1_32' title="bbox 500 3290 2795 3363; baseline 0 -17"><span class='ocrx_word' id='word_1_256' title='bbox 500 3307 583 3346; x_wconf 87' lang='lat' dir='ltr'><strong>me</strong></span> <span class='ocrx_word' id='word_1_257' title='bbox 624 3291 762 3346; x_wconf 83' lang='lat' dir='ltr'><strong>libri</strong></span> <span class='ocrx_word' id='word_1_258' title='bbox 932 3291 1010 3347; x_wconf 85' lang='lat'><strong>28</strong></span> <span class='ocrx_word' id='word_1_259' title='bbox 1057 3290 1119 3345; x_wconf 81' lang='lat' dir='ltr'><strong>ab</strong></span> <span class='ocrx_word' id='word_1_260' title='bbox 1165 3293 1542 3348; x_wconf 64' lang='lat' dir='ltr'><strong>Her-mannus</strong></span> <span class='ocrx_word' id='word_1_261' title='bbox 1716 3291 1793 3348; x_wconf 87' lang='grc'><strong>29</strong></span> <span class='ocrx_word' id='word_1_262' title='bbox 1840 3292 2058 3347; x_wconf 81' lang='lat' dir='ltr'><strong>Terenti</strong></span> <span class='ocrx_word' id='word_1_263' title='bbox 2102 3293 2452 3349; x_wconf 74' lang='lat' dir='ltr'><strong>Ritschelius</strong></span> <span class='ocrx_word' id='word_1_264' title='bbox 2496 3292 2599 3363; x_wconf 78' lang='lat' dir='ltr'>(cf.</span> <span class='ocrx_word' id='word_1_265' title='bbox 2647 3308 2795 3348; x_wconf 87' lang='lat' dir='ltr'><strong>com·</strong></span> 
     </span>
     <span class='ocr_line' id='line_1_33' title="bbox 499 3374 2797 3448; baseline 0 -18"><span class='ocrx_word' id='word_1_266' title='bbox 499 3379 818 3431; x_wconf 77' lang='lat' dir='ltr'><strong>mentm-ius</strong></span> <span class='ocrx_word' id='word_1_267' title='bbox 862 3380 984 3432; x_wconf 76' lang='lat' dir='ltr'><strong>eius</strong></span> <span class='ocrx_word' id='word_1_268' title='bbox 1037 3380 1095 3431; x_wconf 81' lang='lat' dir='ltr'><strong>in</strong></span> <span class='ocrx_word' id='word_1_269' title='bbox 1155 3376 1425 3434; x_wconf 76' lang='lat' dir='ltr'><strong>Suetonio</strong></span> <span class='ocrx_word' id='word_1_270' title='bbox 1481 3377 2045 3448; x_wconf 79' lang='lat' dir='ltr'><strong>Reifferscheide‘ano</strong></span> <span class='ocrx_word' id='word_1_271' title='bbox 2096 3394 2156 3447; x_wconf 81' lang='lat' dir='ltr'><strong>p.</strong></span> <span class='ocrx_word' id='word_1_272' title='bbox 2206 3374 2328 3433; x_wconf 87' lang='grc'><strong>522</strong></span> <span class='ocrx_word' id='word_1_273' title='bbox 2374 3375 2520 3448; x_wconf 83' lang='lat' dir='ltr'>sqq.)</span> <span class='ocrx_word' id='word_1_274' title='bbox 2580 3378 2797 3432; x_wconf 76' lang='lat' dir='ltr'><strong>terentii</strong></span> 
     </span>
     <span class='ocr_line' id='line_1_34' title="bbox 498 3458 2871 3530; baseline 0 -14"><span class='ocrx_word' id='word_1_275' title='bbox 498 3461 688 3516; x_wconf 82' lang='lat' dir='ltr'><strong>Paris.</strong></span> <span class='ocrx_word' id='word_1_276' title='bbox 738 3461 786 3515; x_wconf 84' lang='grc' dir='ltr'><em>Α</em></span> <span class='ocrx_word' id='word_1_277' title='bbox 830 3462 1063 3516; x_wconf 70' lang='lat' dir='ltr'><strong>terentio</strong></span> <span class='ocrx_word' id='word_1_278' title='bbox 1110 3465 1292 3518; x_wconf 77' lang='lat' dir='ltr'><strong>ceteri</strong></span> <span class='ocrx_word' id='word_1_279' title='bbox 1331 3463 1466 3517; x_wconf 78' lang='lat' dir='ltr'><strong>libri</strong></span> <span class='ocrx_word' id='word_1_280' title='bbox 1646 3477 1846 3516; x_wconf 79' lang='lat' dir='ltr'><strong>numne</strong></span> <span class='ocrx_word' id='word_1_281' title='bbox 1890 3458 2118 3515; x_wconf 84' lang='lat' dir='ltr'><strong>similem</strong></span> <span class='ocrx_word' id='word_1_282' title='bbox 2151 3461 2502 3517; x_wconf 74' lang='lat' dir='ltr'><strong>Bitschele‘us</strong></span> <span class='ocrx_word' id='word_1_283' title='bbox 2545 3463 2602 3515; x_wconf 81' lang='lat' dir='ltr'><strong>in</strong></span> <span class='ocrx_word' id='word_1_284' title='bbox 2649 3478 2796 3517; x_wconf 88' lang='lat' dir='ltr'><strong>com·</strong></span> <span class='ocrx_word' id='word_1_285' title='bbox 2862 3522 2871 3530; x_wconf 64' lang='grc'><strong>,</strong></span> 
     </span>
     <span class='ocr_line' id='line_1_35' title="bbox 500 3544 2795 3616; baseline 0 -17"><span class='ocrx_word' id='word_1_286' title='bbox 500 3549 800 3615; x_wconf 76' lang='lat' dir='ltr'><strong>mentm-io,</strong></span> <span class='ocrx_word' id='word_1_287' title='bbox 832 3547 1134 3615; x_wconf 77' lang='lat' dir='ltr'><strong>repudiato</strong></span> <span class='ocrx_word' id='word_1_288' title='bbox 1165 3562 1273 3601; x_wconf 93' lang='lat' dir='ltr'><strong>non</strong></span> <span class='ocrx_word' id='word_1_289' title='bbox 1305 3545 1638 3601; x_wconf 86' lang='lat' dir='ltr'><strong>consimilem</strong></span> <span class='ocrx_word' id='word_1_290' title='bbox 1670 3547 1895 3616; x_wconf 75' lang='lat' dir='ltr'><strong>quadiu</strong></span> <span class='ocrx_word' id='word_1_291' title='bbox 1922 3550 2087 3599; x_wconf 76' lang='lat' dir='ltr'><strong>textu</strong></span> <span class='ocrx_word' id='word_1_292' title='bbox 2103 3551 2401 3615; x_wconf 77' lang='lat' dir='ltr'><strong>posuerat.</strong></span> <span class='ocrx_word' id='word_1_293' title='bbox 2438 3561 2544 3599; x_wconf 89' lang='lat' dir='ltr'><strong>non</strong></span> <span class='ocrx_word' id='word_1_294' title='bbox 2569 3544 2795 3600; x_wconf 82' lang='lat' dir='ltr'><strong>similem</strong></span> 
     </span>
     <span class='ocr_line' id='line_1_36' title="bbox 496 3622 2795 3703; baseline -0 -19"><span class='ocrx_word' id='word_1_295' title='bbox 496 3630 631 3685; x_wconf 78' lang='lat' dir='ltr'><strong>lc‘bri</strong></span> <span class='ocrx_word' id='word_1_296' title='bbox 680 3631 948 3702; x_wconf 77' lang='lat' dir='ltr'><strong>plerique</strong></span> <span class='ocrx_word' id='word_1_297' title='bbox 1005 3630 1233 3686; x_wconf 84' lang='lat' dir='ltr'><strong>similem</strong></span> <span class='ocrx_word' id='word_1_298' title='bbox 1290 3646 1397 3685; x_wconf 88' lang='grc' dir='ltr'>ιιοιι</span> <span class='ocrx_word' id='word_1_299' title='bbox 1459 3630 1644 3702; x_wconf 81' lang='lat' dir='ltr'><strong>Neap.</strong></span> <span class='ocrx_word' id='word_1_300' title='bbox 1705 3622 2008 3684; x_wconf 83' lang='lat' dir='ltr'><strong>&#39;&#39;similem‘&#39;</strong></span> <span class='ocrx_word' id='word_1_301' title='bbox 2064 3644 2173 3683; x_wconf 88' lang='lat' dir='ltr'><strong>non</strong></span> <span class='ocrx_word' id='word_1_302' title='bbox 2229 3628 2430 3703; x_wconf 74' lang='lat' dir='ltr'><strong>Reyin.</strong></span> <span class='ocrx_word' id='word_1_303' title='bbox 2618 3628 2795 3685; x_wconf 75' lang='lat' dir='ltr'><strong>(licent</strong></span> 
     </span>
     <span class='ocr_line' id='line_1_37' title="bbox 498 3712 2797 3785; baseline 0 -16"><span class='ocrx_word' id='word_1_304' title='bbox 498 3713 856 3783; x_wconf 78' lang='lat' dir='ltr'><strong>(aduersarii</strong></span> <span class='ocrx_word' id='word_1_305' title='bbox 907 3713 1056 3783; x_wconf 75' lang='lat' dir='ltr'><strong>scil.)</strong></span> <span class='ocrx_word' id='word_1_306' title='bbox 1123 3715 1430 3771; x_wconf 75' lang='lat' dir='ltr'><strong>Bitschelio</strong></span> <span class='ocrx_word' id='word_1_307' title='bbox 1483 3717 1787 3785; x_wconf 79' lang='lat' dir='ltr'><strong>persuasi,</strong></span> <span class='ocrx_word' id='word_1_308' title='bbox 1846 3716 1945 3785; x_wconf 83' lang='lat' dir='ltr'><strong>qui</strong></span> <span class='ocrx_word' id='word_1_309' title='bbox 1986 3716 2045 3767; x_wconf 80' lang='lat' dir='ltr'><strong>in</strong></span> <span class='ocrx_word' id='word_1_310' title='bbox 2092 3719 2255 3769; x_wconf 76' lang='lat' dir='ltr'><strong>textu</strong></span> <span class='ocrx_word' id='word_1_311' title='bbox 2313 3712 2456 3768; x_wconf 80' lang='lat' dir='ltr'><strong>dicas</strong></span> <span class='ocrx_word' id='word_1_312' title='bbox 2497 3721 2797 3783; x_wconf 83' lang='lat' dir='ltr'><strong>posuerat.</strong></span> 
     </span>
     <span class='ocr_line' id='line_1_38' title="bbox 497 3796 2797 3868; baseline 0 -17"><span class='ocrx_word' id='word_1_313' title='bbox 497 3797 680 3853; x_wconf 81' lang='lat' dir='ltr'><strong>(licens</strong></span> <span class='ocrx_word' id='word_1_314' title='bbox 709 3799 845 3853; x_wconf 75' lang='lat' dir='ltr'><strong>libri</strong></span> <span class='ocrx_word' id='word_1_315' title='bbox 870 3797 1017 3854; x_wconf 86' lang='lat' dir='ltr'><strong>dices</strong></span> <span class='ocrx_word' id='word_1_316' title='bbox 1049 3799 1258 3854; x_wconf 81' lang='lat' dir='ltr'><strong>AIde‘na</strong></span> <span class='ocrx_word' id='word_1_317' title='bbox 1429 3799 1656 3854; x_wconf 85' lang='lat' dir='ltr'><strong>similem</strong></span> <span class='ocrx_word' id='word_1_318' title='bbox 1688 3815 1797 3853; x_wconf 84' lang='lat' dir='ltr'><strong>non</strong></span> <span class='ocrx_word' id='word_1_319' title='bbox 1830 3796 2081 3868; x_wconf 82' lang='lat' dir='ltr'><strong>(uolebat</strong></span> <span class='ocrx_word' id='word_1_320' title='bbox 2112 3796 2259 3867; x_wconf 88' lang='lat' dir='ltr'><strong>num)</strong></span> <span class='ocrx_word' id='word_1_321' title='bbox 2305 3796 2494 3853; x_wconf 76' lang='lat' dir='ltr'><strong>dicetis</strong></span> <span class='ocrx_word' id='word_1_322' title='bbox 2524 3804 2797 3854; x_wconf 74' lang='lat' dir='ltr'><strong>suaserat</strong></span> 
     </span>
     <span class='ocr_line' id='line_1_39' title="bbox 503 3881 2626 3955; baseline 0.001 -19"><span class='ocrx_word' id='word_1_323' title='bbox 503 3882 900 3939; x_wconf 76' lang='lat' dir='ltr'><strong>Buechelerus</strong></span> <span class='ocrx_word' id='word_1_324' title='bbox 943 3899 1053 3938; x_wconf 89' lang='lat' dir='ltr'><strong>non</strong></span> <span class='ocrx_word' id='word_1_325' title='bbox 1097 3883 1326 3938; x_wconf 85' lang='lat' dir='ltr'><strong>similem</strong></span> <span class='ocrx_word' id='word_1_326' title='bbox 1373 3899 1492 3938; x_wconf 83' lang='lat' dir='ltr'><strong>esse</strong></span> <span class='ocrx_word' id='word_1_327' title='bbox 1546 3881 1668 3938; x_wconf 82' lang='lat' dir='ltr'><strong>(lico</strong></span> <span class='ocrx_word' id='word_1_328' title='bbox 1717 3882 2007 3955; x_wconf 71' lang='lat' dir='ltr'><strong>Berylcius</strong></span> <span class='ocrx_word' id='word_1_329' title='bbox 2052 3882 2258 3938; x_wconf 69' lang='lat' dir='ltr'><strong>Philae.</strong></span> <span class='ocrx_word' id='word_1_330' title='bbox 2307 3883 2367 3937; x_wconf 84' lang='lat' dir='ltr'><em>X</em></span> <span class='ocrx_word' id='word_1_331' title='bbox 2385 3881 2466 3936; x_wconf 86' lang='lat' dir='ltr'><strong>VI</strong></span> <span class='ocrx_word' id='word_1_332' title='bbox 2505 3881 2626 3939; x_wconf 87' lang='grc'><strong>633</strong></span> 
     </span>
    </p>
   </div>
   <div class='ocr_carea' id='block_1_7' title="bbox 497 3965 2799 4345">
    <p class='ocr_par' dir='ltr' id='par_1_8' title="bbox 497 3965 2799 4260">
     <span class='ocr_line' id='line_1_40' title="bbox 497 3965 2797 4039; baseline 0.001 -20"><span class='ocrx_word' id='word_1_333' title='bbox 497 3967 536 4036; x_wconf 75' lang='grc' dir='ltr'><strong>(Ῑ</strong></span> <span class='ocrx_word' id='word_1_334' title='bbox 582 3967 788 4023; x_wconf 80' lang='lat' dir='ltr'><strong>Dresd.</strong></span> <span class='ocrx_word' id='word_1_335' title='bbox 964 3967 1116 4023; x_wconf 85' lang='lat' dir='ltr'><strong>Miro</strong></span> <span class='ocrx_word' id='word_1_336' title='bbox 1160 3969 1371 4023; x_wconf 78' lang='lat' dir='ltr'><strong>iudicio</strong></span> <span class='ocrx_word' id='word_1_337' title='bbox 1405 3968 1795 4039; x_wconf 76' lang='lat' dir='ltr'><strong>Nipperdee’us</strong></span> <span class='ocrx_word' id='word_1_338' title='bbox 1822 3982 1963 4024; x_wconf 74' lang='lat' dir='ltr'><strong>muS.</strong></span> <span class='ocrx_word' id='word_1_339' title='bbox 1998 3966 2184 4023; x_wconf 74' lang='lat' dir='ltr'><strong>Rhen.</strong></span> <span class='ocrx_word' id='word_1_340' title='bbox 2216 3968 2281 4022; x_wconf 86' lang='grc' dir='ltr'><em>Χ</em></span> <span class='ocrx_word' id='word_1_341' title='bbox 2296 3965 2446 4022; x_wconf 87' lang='lat' dir='ltr'><em>VIII</em></span> <span class='ocrx_word' id='word_1_342' title='bbox 2469 3966 2589 4022; x_wconf 87' lang='grc'><strong>319</strong></span> <span class='ocrx_word' id='word_1_343' title='bbox 2624 3972 2797 4022; x_wconf 76' lang='lat' dir='ltr'><strong>totum</strong></span> 
     </span>
     <span class='ocr_line' id='line_1_41' title="bbox 501 4043 2799 4175; baseline 0.001 -20"><span class='ocrx_word' id='word_1_344' title='bbox 501 4104 849 4159; x_wconf 76' lang='lat' dir='ltr'><strong>uersiculum</strong></span> <span class='ocrx_word' id='word_1_345' title='bbox 894 4103 1227 4173; x_wconf 80' lang='lat' dir='ltr'><strong>repudiauit</strong></span> <span class='ocrx_word' id='word_1_346' title='bbox 1411 4102 1493 4159; x_wconf 85' lang='lat'><strong>30</strong></span> <span class='ocrx_word' id='word_1_347' title='bbox 1537 4109 1597 4157; x_wconf 81' lang='lat' dir='ltr'><strong>ut</strong></span> <span class='ocrx_word' id='word_1_348' title='bbox 1642 4102 1770 4175; x_wconf 86' lang='lat' dir='ltr'><strong>quid</strong></span> <span class='ocrx_word' id='word_1_349' title='bbox 1820 4103 1981 4158; x_wconf 74' lang='lat' dir='ltr'><strong>Grut.</strong></span> <span class='ocrx_word' id='word_1_350' title='bbox 2029 4100 2093 4156; x_wconf 84' lang='grc' dir='ltr'><strong>Εῑ</strong></span> <span class='ocrx_word' id='word_1_351' title='bbox 2148 4043 2293 4175; x_wconf 57' lang='lat' dir='ltr'><strong>qiiqaii</strong></span> <span class='ocrx_word' id='word_1_352' title='bbox 2339 4100 2514 4172; x_wconf 85' lang='lat' dir='ltr'><strong>(corr.</strong></span> <span class='ocrx_word' id='word_1_353' title='bbox 2561 4119 2629 4155; x_wconf 90' lang='lat' dir='ltr'><strong>m.</strong></span> <span class='ocrx_word' id='word_1_354' title='bbox 2674 4101 2799 4173; x_wconf 81' lang='lat' dir='ltr'><strong>all.)</strong></span> 
     </span>
     <span class='ocr_line' id='line_1_42' title="bbox 501 4185 2798 4260; baseline 0.001 -21"><span class='ocrx_word' id='word_1_355' title='bbox 501 4186 682 4240; x_wconf 81' lang='lat' dir='ltr'><strong>Barb.</strong></span> <span class='ocrx_word' id='word_1_356' title='bbox 743 4185 889 4258; x_wconf 89' lang='lat' dir='ltr'><strong>quod</strong></span> <span class='ocrx_word' id='word_1_357' title='bbox 937 4186 1219 4243; x_wconf 79' lang='lat' dir='ltr'><strong>Alcue‘nus</strong></span> <span class='ocrx_word' id='word_1_358' title='bbox 1444 4188 1518 4243; x_wconf 88' lang='grc'><strong>31</strong></span> <span class='ocrx_word' id='word_1_359' title='bbox 1570 4202 1676 4260; x_wconf 81' lang='lat' dir='ltr'><strong>ego</strong></span> <span class='ocrx_word' id='word_1_360' title='bbox 1723 4204 1830 4242; x_wconf 86' lang='lat' dir='ltr'><strong>om.</strong></span> <span class='ocrx_word' id='word_1_361' title='bbox 1874 4188 2012 4243; x_wconf 76' lang='lat' dir='ltr'><strong>libri</strong></span> <span class='ocrx_word' id='word_1_362' title='bbox 2225 4202 2445 4241; x_wconf 77' lang='lat' dir='ltr'><strong>uersare</strong></span> <span class='ocrx_word' id='word_1_363' title='bbox 2491 4185 2798 4242; x_wconf 76' lang='lat' dir='ltr'><strong>Mercerus</strong></span> 
     </span>
    </p>

    <p class='ocr_par' dir='ltr' id='par_1_9' title="bbox 649 4269 2795 4345">
     <span class='ocr_line' id='line_1_43' title="bbox 649 4269 2795 4345; baseline 0 -19"><span class='ocrx_word' id='word_1_364' title='bbox 649 4269 747 4326; x_wconf 58' lang='lat'><strong>&lt;32</strong></span> <span class='ocrx_word' id='word_1_365' title='bbox 794 4287 993 4344; x_wconf 85' lang='lat' dir='ltr'><strong>corpus</strong></span> <span class='ocrx_word' id='word_1_366' title='bbox 1042 4287 1216 4326; x_wconf 88' lang='lat' dir='ltr'><strong>meum</strong></span> <span class='ocrx_word' id='word_1_367' title='bbox 1263 4287 1407 4327; x_wconf 85' lang='lat' dir='ltr'><strong>nunc</strong></span> <span class='ocrx_word' id='word_1_368' title='bbox 1460 4271 1653 4328; x_wconf 77' lang='lat' dir='ltr'><strong>Urbin.</strong></span> <span class='ocrx_word' id='word_1_369' title='bbox 1686 4270 1840 4329; x_wconf 83' lang='lat'>307:</span> <span class='ocrx_word' id='word_1_370' title='bbox 1880 4271 2143 4342; x_wconf 79' lang='lat' dir='ltr'><strong>fortasse</strong></span> <span class='ocrx_word' id='word_1_371' title='bbox 2186 4287 2385 4345; x_wconf 86' lang='lat' dir='ltr'><strong>corpus</strong></span> <span class='ocrx_word' id='word_1_372' title='bbox 2429 4286 2576 4327; x_wconf 81' lang='lat' dir='ltr'><strong>nuno</strong></span> <span class='ocrx_word' id='word_1_373' title='bbox 2616 4287 2795 4328; x_wconf 86' lang='lat' dir='ltr'><strong>meum</strong></span> 
     </span>
    </p>
   </div>
   <div class='ocr_carea' id='block_1_8' title="bbox 500 4361 839 4410">
    <p class='ocr_par' dir='ltr' id='par_1_10' title="bbox 500 4361 839 4410">
     <span class='ocr_line' id='line_1_44' title="bbox 500 4361 839 4410; baseline 0 -1"><span class='ocrx_word' id='word_1_374' title='bbox 500 4370 701 4410; x_wconf 82' lang='lat' dir='ltr'><strong>uerum</strong></span> <span class='ocrx_word' id='word_1_375' title='bbox 751 4361 839 4410; x_wconf 75' lang='lat' dir='ltr'><strong>esi</strong></span> 
     </span>
    </p>
   </div>
  </div>
 </body>
</html>
