<?xml version="1.0" encoding="UTF-8"?>
<!DOCTYPE html PUBLIC "-//W3C//DTD XHTML 1.0 Transitional//EN"
    "http://www.w3.org/TR/xhtml1/DTD/xhtml1-transitional.dtd">
<html xmlns="http://www.w3.org/1999/xhtml" xml:lang="en" lang="en">
 <head>
  <title>
</title>
<meta http-equiv="Content-Type" content="text/html;charset=utf-8" />
  <meta name='ocr-system' content='tesseract 3.04.00' />
  <meta name='ocr-capabilities' content='ocr_page ocr_carea ocr_par ocr_line ocrx_word'/>
</head>
<body>
  <div class='ocr_page' id='page_1' title='image "./comicorumromano00teregoog_0077.png"; bbox 0 0 3400 5075; ppageno 0'>
   <div class='ocr_carea' id='block_1_1' title="bbox 1248 313 2650 372">
    <p class='ocr_par' dir='ltr' id='par_1_1' title="bbox 1248 313 2650 372">
     <span class='ocr_line' id='line_1_1' title="bbox 1248 313 2650 372; baseline 0.002 -3"><span class='ocrx_word' id='word_1_1' title='bbox 1248 313 1778 370; x_wconf 85' lang='lat' dir='ltr'>COROLLARIVM</span> <span class='ocrx_word' id='word_1_2' title='bbox 2445 318 2650 372; x_wconf 87' lang='lat' dir='ltr'>LXXV</span> 
     </span>
    </p>
   </div>
   <div class='ocr_carea' id='block_1_2' title="bbox 361 477 2658 1310">
    <p class='ocr_par' dir='ltr' id='par_1_2' title="bbox 361 477 2657 1310">
     <span class='ocr_line' id='line_1_2' title="bbox 362 477 2657 564; baseline 0.001 -22"><span class='ocrx_word' id='word_1_3' title='bbox 362 477 421 541; x_wconf 81' lang='lat' dir='ltr'><strong>E</strong></span> <span class='ocrx_word' id='word_1_4' title='bbox 471 477 715 542; x_wconf 85' lang='lat' dir='ltr'>codicis</span> <span class='ocrx_word' id='word_1_5' title='bbox 763 479 1086 561; x_wconf 80' lang='lat' dir='ltr'>scriptura</span> <span class='ocrx_word' id='word_1_6' title='bbox 1131 480 1321 543; x_wconf 67' lang='lat' dir='ltr'>serati</span> <span class='ocrx_word' id='word_1_7' title='bbox 1366 479 1493 542; x_wconf 90' lang='lat' dir='ltr'>erit</span> <span class='ocrx_word' id='word_1_8' title='bbox 1536 478 1816 543; x_wconf 86' lang='lat' dir='ltr'>fortasse</span> <span class='ocrx_word' id='word_1_9' title='bbox 1863 481 1972 564; x_wconf 87' lang='lat' dir='ltr'>qui</span> <span class='ocrx_word' id='word_1_10' title='bbox 2018 481 2154 543; x_wconf 82' lang='lat' dir='ltr'>sari</span> <span class='ocrx_word' id='word_1_11' title='bbox 2195 485 2267 543; x_wconf 74' lang='lat' dir='ltr'>ut</span> <span class='ocrx_word' id='word_1_12' title='bbox 2310 481 2500 544; x_wconf 86' lang='lat' dir='ltr'>malit</span> <span class='ocrx_word' id='word_1_13' title='bbox 2546 482 2657 544; x_wconf 88' lang='lat' dir='ltr'>eli-</span> 
     </span>
     <span class='ocr_line' id='line_1_3' title="bbox 365 584 2656 669; baseline 0.001 -20"><span class='ocrx_word' id='word_1_14' title='bbox 365 607 526 649; x_wconf 85' lang='lat' dir='ltr'>cere.</span> <span class='ocrx_word' id='word_1_15' title='bbox 617 584 695 648; x_wconf 92' lang='lat' dir='ltr'>In</span> <span class='ocrx_word' id='word_1_16' title='bbox 749 584 967 648; x_wconf 87' lang='lat' dir='ltr'>Plauti</span> <span class='ocrx_word' id='word_1_17' title='bbox 1023 607 1214 649; x_wconf 88' lang='lat' dir='ltr'>merc.</span> <span class='ocrx_word' id='word_1_18' title='bbox 1264 585 1341 650; x_wconf 84' lang='lat'>71</span> <span class='ocrx_word' id='word_1_19' title='bbox 1396 584 1550 650; x_wconf 76' lang='lat' dir='ltr'>‘tibi</span> <span class='ocrx_word' id='word_1_20' title='bbox 1608 587 1785 669; x_wconf 70' lang='lat' dir='ltr'>arae,</span> <span class='ocrx_word' id='word_1_21' title='bbox 1848 587 1973 651; x_wconf 90' lang='lat' dir='ltr'>tibi</span> <span class='ocrx_word' id='word_1_22' title='bbox 2029 609 2246 669; x_wconf 77' lang='lat' dir='ltr'>occaS,</span> <span class='ocrx_word' id='word_1_23' title='bbox 2310 584 2434 651; x_wconf 75' lang='lat' dir='ltr'>tsbi</span> <span class='ocrx_word' id='word_1_24' title='bbox 2488 588 2656 664; x_wconf 56' lang='lat' dir='ltr'>sm,</span> 
     </span>
     <span class='ocr_line' id='line_1_4' title="bbox 361 690 2656 777; baseline 0 -22"><span class='ocrx_word' id='word_1_25' title='bbox 361 691 491 756; x_wconf 84' lang='lat' dir='ltr'>tibi</span> <span class='ocrx_word' id='word_1_26' title='bbox 565 692 723 755; x_wconf 71' lang='lat' dir='ltr'>item</span> <span class='ocrx_word' id='word_1_27' title='bbox 796 690 1022 755; x_wconf 87' lang='lat' dir='ltr'>metis’</span> <span class='ocrx_word' id='word_1_28' title='bbox 1085 692 1256 777; x_wconf 89' lang='lat' dir='ltr'>quod</span> <span class='ocrx_word' id='word_1_29' title='bbox 1331 715 1407 756; x_wconf 84' lang='lat' dir='ltr'>ex</span> <span class='ocrx_word' id='word_1_30' title='bbox 1468 692 1604 757; x_wconf 88' lang='lat' dir='ltr'>cod.</span> <span class='ocrx_word' id='word_1_31' title='bbox 1660 691 1718 757; x_wconf 85' lang='lat' dir='ltr'><em>C</em></span> <span class='ocrx_word' id='word_1_32' title='bbox 1771 694 1937 758; x_wconf 81' lang='lat' dir='ltr'>saris</span> <span class='ocrx_word' id='word_1_33' title='bbox 1997 692 2259 757; x_wconf 88' lang='lat' dir='ltr'>restitui</span> <span class='ocrx_word' id='word_1_34' title='bbox 2324 692 2517 757; x_wconf 90' lang='lat' dir='ltr'>iussit</span> <span class='ocrx_word' id='word_1_35' title='bbox 2580 693 2656 756; x_wconf 93' lang='lat' dir='ltr'>A.</span> 
     </span>
     <span class='ocr_line' id='line_1_5' title="bbox 364 797 2657 882; baseline 0 -19"><span class='ocrx_word' id='word_1_36' title='bbox 364 797 659 863; x_wconf 84' lang='lat' dir='ltr'>Kochius</span> <span class='ocrx_word' id='word_1_37' title='bbox 705 820 867 861; x_wconf 89' lang='lat' dir='ltr'>mus.</span> <span class='ocrx_word' id='word_1_38' title='bbox 903 798 1108 863; x_wconf 85' lang='lat' dir='ltr'>Rhen.</span> <span class='ocrx_word' id='word_1_39' title='bbox 1136 797 1321 865; x_wconf 85' lang='lat' dir='ltr'>XXV</span> <span class='ocrx_word' id='word_1_40' title='bbox 1359 800 1491 863; x_wconf 83' lang='lat'>620</span> <span class='ocrx_word' id='word_1_41' title='bbox 1536 799 1807 863; x_wconf 88' lang='lat' dir='ltr'>refutari</span> <span class='ocrx_word' id='word_1_42' title='bbox 1853 799 2106 864; x_wconf 80' lang='lat' dir='ltr'>videtur</span> <span class='ocrx_word' id='word_1_43' title='bbox 2145 798 2438 882; x_wconf 86' lang='lat' dir='ltr'>exemplo</span> <span class='ocrx_word' id='word_1_44' title='bbox 2467 798 2657 882; x_wconf 86' lang='lat' dir='ltr'>Epid.</span> 
     </span>
     <span class='ocr_line' id='line_1_6' title="bbox 362 903 2657 985; baseline 0.001 -18"><span class='ocrx_word' id='word_1_45' title='bbox 362 904 429 967; x_wconf 94' lang='grc' dir='ltr'>Π</span> <span class='ocrx_word' id='word_1_46' title='bbox 478 906 537 985; x_wconf 98' lang='grc'>2,</span> <span class='ocrx_word' id='word_1_47' title='bbox 580 906 667 969; x_wconf 85' lang='grc'>80</span> <span class='ocrx_word' id='word_1_48' title='bbox 713 903 900 969; x_wconf 80' lang='lat' dir='ltr'>‘mihi</span> <span class='ocrx_word' id='word_1_49' title='bbox 947 905 1095 970; x_wconf 83' lang='lat' dir='ltr'>istic</span> <span class='ocrx_word' id='word_1_50' title='bbox 1141 928 1258 970; x_wconf 90' lang='lat' dir='ltr'>nec</span> <span class='ocrx_word' id='word_1_51' title='bbox 1307 906 1543 970; x_wconf 84' lang='lat' dir='ltr'>seritur</span> <span class='ocrx_word' id='word_1_52' title='bbox 1589 929 1708 970; x_wconf 90' lang='lat' dir='ltr'>nec</span> <span class='ocrx_word' id='word_1_53' title='bbox 1756 904 2064 970; x_wconf 87' lang='lat' dir='ltr'>metitur&#39;.</span> <span class='ocrx_word' id='word_1_54' title='bbox 2119 928 2272 970; x_wconf 90' lang='lat' dir='ltr'>nam</span> <span class='ocrx_word' id='word_1_55' title='bbox 2318 905 2475 969; x_wconf 90' lang='lat' dir='ltr'>bina</span> <span class='ocrx_word' id='word_1_56' title='bbox 2521 905 2657 969; x_wconf 88' lang='lat' dir='ltr'>illic</span> 
     </span>
     <span class='ocr_line' id='line_1_7' title="bbox 364 1011 2656 1095; baseline 0 -21"><span class='ocrx_word' id='word_1_57' title='bbox 364 1034 619 1095; x_wconf 87' lang='lat' dir='ltr'>quoque</span> <span class='ocrx_word' id='word_1_58' title='bbox 686 1011 979 1077; x_wconf 89' lang='lat' dir='ltr'>membra</span> <span class='ocrx_word' id='word_1_59' title='bbox 1033 1013 1259 1077; x_wconf 88' lang='lat' dir='ltr'>arandi</span> <span class='ocrx_word' id='word_1_60' title='bbox 1316 1016 1381 1075; x_wconf 85' lang='lat' dir='ltr'>ct</span> <span class='ocrx_word' id='word_1_61' title='bbox 1427 1012 1722 1094; x_wconf 87' lang='lat' dir='ltr'>occandi,</span> <span class='ocrx_word' id='word_1_62' title='bbox 1788 1014 2037 1077; x_wconf 90' lang='lat' dir='ltr'>serendi</span> <span class='ocrx_word' id='word_1_63' title='bbox 2096 1016 2162 1076; x_wconf 88' lang='lat' dir='ltr'>et</span> <span class='ocrx_word' id='word_1_64' title='bbox 2227 1013 2508 1077; x_wconf 88' lang='lat' dir='ltr'>metendi</span> <span class='ocrx_word' id='word_1_65' title='bbox 2565 1013 2656 1076; x_wconf 84' lang='lat' dir='ltr'>di-</span> 
     </span>
     <span class='ocr_line' id='line_1_8' title="bbox 367 1118 2658 1201; baseline 0.001 -22"><span class='ocrx_word' id='word_1_66' title='bbox 367 1118 755 1201; x_wconf 85' lang='lat' dir='ltr'>stinguenda</span> <span class='ocrx_word' id='word_1_67' title='bbox 811 1121 976 1183; x_wconf 85' lang='lat' dir='ltr'>sunt.</span> <span class='ocrx_word' id='word_1_68' title='bbox 1067 1119 1145 1183; x_wconf 90' lang='lat' dir='ltr'>A.</span> <span class='ocrx_word' id='word_1_69' title='bbox 1192 1118 1409 1183; x_wconf 82' lang='lat' dir='ltr'><strong>Luchs</strong></span> <span class='ocrx_word' id='word_1_70' title='bbox 1464 1121 1629 1184; x_wconf 88' lang='lat' dir='ltr'>stud.</span> <span class='ocrx_word' id='word_1_71' title='bbox 1675 1120 1708 1183; x_wconf 95' lang='grc' dir='ltr'><strong>Ι</strong></span> <span class='ocrx_word' id='word_1_72' title='bbox 1764 1120 1849 1185; x_wconf 89' lang='grc'>68</span> <span class='ocrx_word' id='word_1_73' title='bbox 1916 1119 2195 1184; x_wconf 89' lang='lat' dir='ltr'>coniecit</span> <span class='ocrx_word' id='word_1_74' title='bbox 2258 1118 2658 1182; x_wconf 73' lang='lat' dir='ltr'>dubitanter:</span> 
     </span>
     <span class='ocr_line' id='line_1_9' title="bbox 368 1224 2033 1310; baseline 0.004 -25"><span class='ocrx_word' id='word_1_75' title='bbox 368 1224 719 1305; x_wconf 62' lang='lat' dir='ltr'>repastinas</span> <span class='ocrx_word' id='word_1_76' title='bbox 761 1225 911 1302; x_wconf 82' lang='lat' dir='ltr'>sero‘,</span> <span class='ocrx_word' id='word_1_77' title='bbox 953 1246 1152 1302; x_wconf 76' lang='lat' dir='ltr'>senex,</span> <span class='ocrx_word' id='word_1_78' title='bbox 1193 1226 1359 1306; x_wconf 67' lang='lat' dir='ltr'>fite-is</span> <span class='ocrx_word' id='word_1_79' title='bbox 1403 1226 1586 1307; x_wconf 74' lang='lat' dir='ltr'>&lt;tuas</span> <span class='ocrx_word' id='word_1_80' title='bbox 1632 1227 1745 1290; x_wconf 62' lang='lat' dir='ltr'>tibi</span> <span class='ocrx_word' id='word_1_81' title='bbox 1787 1225 2033 1310; x_wconf 75' lang='lat' dir='ltr'>myas).</span> 
     </span>
    </p>
   </div>
   <div class='ocr_carea' id='block_1_3' title="bbox 364 1348 2660 1763">
    <p class='ocr_par' dir='ltr' id='par_1_3' title="bbox 364 1348 2660 1763">
     <span class='ocr_line' id='line_1_10' title="bbox 546 1348 2658 1434; baseline 0 -21"><span class='ocrx_word' id='word_1_82' title='bbox 546 1349 672 1413; x_wconf 87' lang='grc'>291</span> <span class='ocrx_word' id='word_1_83' title='bbox 735 1348 1128 1433; x_wconf 82' lang='lat' dir='ltr'>Corruptum</span> <span class='ocrx_word' id='word_1_84' title='bbox 1184 1372 1323 1415; x_wconf 85' lang='lat' dir='ltr'>esse</span> <span class='ocrx_word' id='word_1_85' title='bbox 1370 1351 1540 1434; x_wconf 92' lang='lat' dir='ltr'>quod</span> <span class='ocrx_word' id='word_1_86' title='bbox 1596 1354 1750 1434; x_wconf 83' lang='lat' dir='ltr'>post</span> <span class='ocrx_word' id='word_1_87' title='bbox 1792 1351 2156 1415; x_wconf 74' lang='lat' dir='ltr'><em>inbecillitas</em></span> <span class='ocrx_word' id='word_1_88' title='bbox 2208 1350 2488 1414; x_wconf 88' lang='lat' dir='ltr'>traditur</span> <span class='ocrx_word' id='word_1_89' title='bbox 2547 1355 2658 1414; x_wconf 77' lang='lat' dir='ltr'>tua</span> 
     </span>
     <span class='ocr_line' id='line_1_11' title="bbox 364 1455 2660 1542; baseline 0 -23"><span class='ocrx_word' id='word_1_90' title='bbox 364 1455 799 1521; x_wconf 90' lang='lat' dir='ltr'>Buechelerus</span> <span class='ocrx_word' id='word_1_91' title='bbox 861 1456 1207 1539; x_wconf 70' lang='lat' dir='ltr'>intellexit,</span> <span class='ocrx_word' id='word_1_92' title='bbox 1270 1458 1381 1542; x_wconf 92' lang='lat' dir='ltr'>qui</span> <span class='ocrx_word' id='word_1_93' title='bbox 1434 1460 1649 1521; x_wconf 86' lang='lat' dir='ltr'>tamen</span> <span class='ocrx_word' id='word_1_94' title='bbox 1708 1480 1854 1522; x_wconf 90' lang='lat' dir='ltr'>cum</span> <span class='ocrx_word' id='word_1_95' title='bbox 1911 1456 2356 1522; x_wconf 87' lang='lat' dir='ltr'>antecedentia</span> <span class='ocrx_word' id='word_1_96' title='bbox 2410 1457 2660 1521; x_wconf 88' lang='lat' dir='ltr'>intacta</span> 
     </span>
     <span class='ocr_line' id='line_1_12' title="bbox 366 1562 2657 1649; baseline 0 -23"><span class='ocrx_word' id='word_1_97' title='bbox 366 1562 722 1646; x_wconf 75' lang='lat' dir='ltr'>reliquerit,</span> <span class='ocrx_word' id='word_1_98' title='bbox 767 1564 837 1629; x_wconf 91' lang='lat' dir='ltr'>in</span> <span class='ocrx_word' id='word_1_99' title='bbox 880 1563 1005 1627; x_wconf 86' lang='lat' dir='ltr'>hoc</span> <span class='ocrx_word' id='word_1_100' title='bbox 1050 1564 1391 1647; x_wconf 80' lang='lat' dir='ltr'>quaesivit,</span> <span class='ocrx_word' id='word_1_101' title='bbox 1436 1564 1625 1649; x_wconf 89' lang='lat' dir='ltr'>quale</span> <span class='ocrx_word' id='word_1_102' title='bbox 1673 1564 1742 1628; x_wconf 90' lang='lat' dir='ltr'>in</span> <span class='ocrx_word' id='word_1_103' title='bbox 1770 1563 1886 1629; x_wconf 91' lang='lat' dir='ltr'>illo</span> <span class='ocrx_word' id='word_1_104' title='bbox 1924 1565 2131 1646; x_wconf 74' lang='lat' dir='ltr'>perdit</span> <span class='ocrx_word' id='word_1_105' title='bbox 2177 1564 2657 1648; x_wconf 85' lang='lat' dir='ltr'>indagaveram,</span> 
     </span>
     <span class='ocr_line' id='line_1_13' title="bbox 367 1669 2468 1763; baseline -0 -30"><span class='ocrx_word' id='word_1_106' title='bbox 367 1669 754 1753; x_wconf 88' lang='lat' dir='ltr'>prohibendi</span> <span class='ocrx_word' id='word_1_107' title='bbox 802 1670 1066 1755; x_wconf 76' lang='lat' dir='ltr'>aliquod</span> <span class='ocrx_word' id='word_1_108' title='bbox 1110 1670 1399 1763; x_wconf 86' lang='lat' dir='ltr'>verbum,</span> <span class='ocrx_word' id='word_1_109' title='bbox 1443 1671 1621 1734; x_wconf 84' lang='lat' dir='ltr'>velut</span> <span class='ocrx_word' id='word_1_110' title='bbox 1665 1673 1942 1736; x_wconf 78' lang='lat' dir='ltr'>retardat</span> <span class='ocrx_word' id='word_1_111' title='bbox 1986 1671 2121 1734; x_wconf 85' lang='lat' dir='ltr'>sive</span> <span class='ocrx_word' id='word_1_112' title='bbox 2171 1675 2468 1734; x_wconf 75' lang='lat' dir='ltr'>moratur.</span> 
     </span>
    </p>
   </div>
   <div class='ocr_carea' id='block_1_4' title="bbox 548 1792 2655 1880">
    <p class='ocr_par' dir='ltr' id='par_1_4' title="bbox 548 1792 2655 1880">
     <span class='ocr_line' id='line_1_14' title="bbox 548 1792 2655 1880; baseline 0 -24"><span class='ocrx_word' id='word_1_113' title='bbox 548 1793 836 1859; x_wconf 82' lang='lat' dir='ltr'>Fabulae</span> <span class='ocrx_word' id='word_1_114' title='bbox 883 1816 1046 1879; x_wconf 88' lang='lat' dir='ltr'>quae</span> <span class='ocrx_word' id='word_1_115' title='bbox 1074 1794 1398 1859; x_wconf 77' lang='lat' dir='ltr'>Simulans</span> <span class='ocrx_word' id='word_1_116' title='bbox 1446 1796 1823 1861; x_wconf 80' lang='lat' dir='ltr'>inscribitur</span> <span class='ocrx_word' id='word_1_117' title='bbox 1855 1799 2311 1880; x_wconf 81' lang='lat' dir='ltr'>argumentum</span> <span class='ocrx_word' id='word_1_118' title='bbox 2339 1792 2655 1876; x_wconf 82' lang='lat' dir='ltr'>Koechly,</span> 
     </span>
    </p>
   </div>
   <div class='ocr_carea' id='block_1_5' title="bbox 367 1900 2655 2093">
    <p class='ocr_par' dir='ltr' id='par_1_5' title="bbox 367 1900 2655 2093">
     <span class='ocr_line' id='line_1_15' title="bbox 368 1900 2655 1985; baseline 0 -22"><span class='ocrx_word' id='word_1_119' title='bbox 368 1900 623 1984; x_wconf 80' lang='lat' dir='ltr'>collega</span> <span class='ocrx_word' id='word_1_120' title='bbox 678 1902 1151 1985; x_wconf 76' lang='lat' dir='ltr'>ornatissimuS,</span> <span class='ocrx_word' id='word_1_121' title='bbox 1208 1902 1433 1984; x_wconf 81' lang='lat' dir='ltr'>paucis</span> <span class='ocrx_word' id='word_1_122' title='bbox 1491 1902 1907 1967; x_wconf 84' lang='lat' dir='ltr'>adumbravit</span> <span class='ocrx_word' id='word_1_123' title='bbox 1960 1903 2028 1966; x_wconf 89' lang='lat' dir='ltr'>in</span> <span class='ocrx_word' id='word_1_124' title='bbox 2078 1901 2413 1966; x_wconf 81' lang='lat' dir='ltr'>Sestianae</span> <span class='ocrx_word' id='word_1_125' title='bbox 2461 1900 2655 1963; x_wconf 89' lang='lat' dir='ltr'>inter-</span> 
     </span>
     <span class='ocr_line' id='line_1_16' title="bbox 367 2005 1946 2093; baseline 0.003 -24"><span class='ocrx_word' id='word_1_126' title='bbox 367 2007 736 2089; x_wconf 88' lang='lat' dir='ltr'>pretatione</span> <span class='ocrx_word' id='word_1_127' title='bbox 782 2007 1130 2072; x_wconf 87' lang='lat' dir='ltr'>vernacula</span> <span class='ocrx_word' id='word_1_128' title='bbox 1177 2005 1687 2093; x_wconf 84' lang='lat' dir='ltr'>Stuttgardiensi</span> <span class='ocrx_word' id='word_1_129' title='bbox 1733 2033 1795 2093; x_wconf 91' lang='lat' dir='ltr'>p.</span> <span class='ocrx_word' id='word_1_130' title='bbox 1843 2010 1946 2075; x_wconf 85' lang='lat'>95.</span> 
     </span>
    </p>
   </div>
   <div class='ocr_carea' id='block_1_6' title="bbox 367 2130 2656 2536">
    <p class='ocr_par' dir='ltr' id='par_1_6' title="bbox 367 2130 2656 2536">
     <span class='ocr_line' id='line_1_17' title="bbox 547 2130 2656 2217; baseline 0 -22"><span class='ocrx_word' id='word_1_131' title='bbox 547 2131 677 2196; x_wconf 85' lang='lat'>304</span> <span class='ocrx_word' id='word_1_132' title='bbox 708 2153 799 2216; x_wconf 86' lang='lat' dir='ltr'>sq.</span> <span class='ocrx_word' id='word_1_133' title='bbox 848 2130 1151 2195; x_wconf 85' lang='lat' dir='ltr'>Senarios</span> <span class='ocrx_word' id='word_1_134' title='bbox 1197 2131 1578 2197; x_wconf 87' lang='lat' dir='ltr'>Buecheleri</span> <span class='ocrx_word' id='word_1_135' title='bbox 1626 2134 1729 2197; x_wconf 87' lang='lat' dir='ltr'>vel</span> <span class='ocrx_word' id='word_1_136' title='bbox 1776 2137 2048 2217; x_wconf 89' lang='lat' dir='ltr'>propter</span> <span class='ocrx_word' id='word_1_137' title='bbox 2093 2134 2443 2214; x_wconf 89' lang='lat' dir='ltr'>canticum,</span> <span class='ocrx_word' id='word_1_138' title='bbox 2489 2133 2656 2197; x_wconf 89' lang='lat' dir='ltr'>unde</span> 
     </span>
     <span class='ocr_line' id='line_1_18' title="bbox 367 2236 2655 2322; baseline 0 -20"><span class='ocrx_word' id='word_1_139' title='bbox 367 2238 529 2302; x_wconf 88' lang='lat' dir='ltr'>haec</span> <span class='ocrx_word' id='word_1_140' title='bbox 578 2242 878 2321; x_wconf 85' lang='lat' dir='ltr'>excerpta</span> <span class='ocrx_word' id='word_1_141' title='bbox 925 2260 1064 2302; x_wconf 88' lang='lat' dir='ltr'>esse</span> <span class='ocrx_word' id='word_1_142' title='bbox 1111 2242 1370 2303; x_wconf 85' lang='lat' dir='ltr'>constat</span> <span class='ocrx_word' id='word_1_143' title='bbox 1399 2236 1730 2305; x_wconf 87' lang='lat' dir='ltr'>Ciceronis</span> <span class='ocrx_word' id='word_1_144' title='bbox 1779 2241 2173 2321; x_wconf 82' lang='lat' dir='ltr'>testimoniO,</span> <span class='ocrx_word' id='word_1_145' title='bbox 2221 2239 2496 2322; x_wconf 86' lang='lat' dir='ltr'>probare</span> <span class='ocrx_word' id='word_1_146' title='bbox 2524 2261 2655 2303; x_wconf 91' lang='lat' dir='ltr'>non</span> 
     </span>
     <span class='ocr_line' id='line_1_19' title="bbox 367 2343 2654 2429; baseline 0 -22"><span class='ocrx_word' id='word_1_147' title='bbox 367 2344 570 2426; x_wconf 90' lang='lat' dir='ltr'>potui.</span> <span class='ocrx_word' id='word_1_148' title='bbox 646 2343 1136 2408; x_wconf 87' lang='lat' dir='ltr'>Alienissimum</span> <span class='ocrx_word' id='word_1_149' title='bbox 1184 2367 1222 2407; x_wconf 89' lang='lat' dir='ltr'>a</span> <span class='ocrx_word' id='word_1_150' title='bbox 1270 2346 1587 2409; x_wconf 87' lang='lat' dir='ltr'>sententia</span> <span class='ocrx_word' id='word_1_151' title='bbox 1616 2346 2058 2429; x_wconf 87' lang='lat' dir='ltr'>Bergkianum</span> <span class='ocrx_word' id='word_1_152' title='bbox 2106 2345 2242 2423; x_wconf 73' lang='lat' dir='ltr'>hui,</span> <span class='ocrx_word' id='word_1_153' title='bbox 2289 2367 2414 2428; x_wconf 91' lang='lat' dir='ltr'>quo</span> <span class='ocrx_word' id='word_1_154' title='bbox 2462 2345 2654 2408; x_wconf 89' lang='lat' dir='ltr'>mira-</span> 
     </span>
     <span class='ocr_line' id='line_1_20' title="bbox 368 2449 1608 2536; baseline 0.001 -22"><span class='ocrx_word' id='word_1_155' title='bbox 368 2449 565 2514; x_wconf 88' lang='lat' dir='ltr'>bundi</span> <span class='ocrx_word' id='word_1_156' title='bbox 613 2453 899 2533; x_wconf 83' lang='lat' dir='ltr'>utuntur,</span> <span class='ocrx_word' id='word_1_157' title='bbox 942 2473 1074 2516; x_wconf 90' lang='lat' dir='ltr'>non</span> <span class='ocrx_word' id='word_1_158' title='bbox 1122 2451 1608 2536; x_wconf 82' lang='lat' dir='ltr'>indignabundi.</span> 
     </span>
    </p>
   </div>
   <div class='ocr_carea' id='block_1_7' title="bbox 367 2574 2659 3300">
    <p class='ocr_par' dir='ltr' id='par_1_7' title="bbox 367 2574 2659 3300">
     <span class='ocr_line' id='line_1_21' title="bbox 545 2574 2657 2662; baseline 0 -24"><span class='ocrx_word' id='word_1_159' title='bbox 545 2576 674 2640; x_wconf 82' lang='lat'>307</span> <span class='ocrx_word' id='word_1_160' title='bbox 729 2574 880 2641; x_wconf 92' lang='lat' dir='ltr'>Non</span> <span class='ocrx_word' id='word_1_161' title='bbox 925 2578 1141 2660; x_wconf 86' lang='lat' dir='ltr'>recepi</span> <span class='ocrx_word' id='word_1_162' title='bbox 1186 2597 1281 2641; x_wconf 82' lang='lat' dir='ltr'>me</span> <span class='ocrx_word' id='word_1_163' title='bbox 1325 2577 1394 2641; x_wconf 91' lang='lat' dir='ltr'>in</span> <span class='ocrx_word' id='word_1_164' title='bbox 1437 2580 1686 2641; x_wconf 85' lang='lat' dir='ltr'>textum</span> <span class='ocrx_word' id='word_1_165' title='bbox 1737 2577 2032 2662; x_wconf 82' lang='lat' dir='ltr'>quamvis</span> <span class='ocrx_word' id='word_1_166' title='bbox 2079 2575 2448 2660; x_wconf 84' lang='lat' dir='ltr'>probabile,</span> <span class='ocrx_word' id='word_1_167' title='bbox 2503 2574 2657 2658; x_wconf 86' lang='lat' dir='ltr'>quia</span> 
     </span>
     <span class='ocr_line' id='line_1_22' title="bbox 368 2681 2658 2767; baseline -0 -22"><span class='ocrx_word' id='word_1_168' title='bbox 368 2686 474 2746; x_wconf 84' lang='lat' dir='ltr'>sat</span> <span class='ocrx_word' id='word_1_169' title='bbox 525 2682 894 2767; x_wconf 80' lang='lat' dir='ltr'>frequenter</span> <span class='ocrx_word' id='word_1_170' title='bbox 949 2682 1018 2747; x_wconf 90' lang='lat' dir='ltr'>in</span> <span class='ocrx_word' id='word_1_171' title='bbox 1071 2683 1443 2748; x_wconf 87' lang='lat' dir='ltr'>fabularum</span> <span class='ocrx_word' id='word_1_172' title='bbox 1497 2684 1710 2748; x_wconf 87' lang='lat' dir='ltr'>titulis</span> <span class='ocrx_word' id='word_1_173' title='bbox 1768 2684 2131 2748; x_wconf 86' lang='lat' dir='ltr'>ablativum</span> <span class='ocrx_word' id='word_1_174' title='bbox 2188 2681 2559 2746; x_wconf 85' lang='lat' dir='ltr'>accusativo</span> <span class='ocrx_word' id='word_1_175' title='bbox 2619 2705 2658 2744; x_wconf 88' lang='lat' dir='ltr'>a</span> 
     </span>
     <span class='ocr_line' id='line_1_23' title="bbox 368 2785 2659 2870; baseline -0.001 -17"><span class='ocrx_word' id='word_1_176' title='bbox 368 2789 655 2853; x_wconf 88' lang='lat' dir='ltr'>librariis</span> <span class='ocrx_word' id='word_1_177' title='bbox 714 2790 951 2852; x_wconf 88' lang='lat' dir='ltr'>mutari</span> <span class='ocrx_word' id='word_1_178' title='bbox 1008 2789 1221 2854; x_wconf 85' lang='lat' dir='ltr'>video:</span> <span class='ocrx_word' id='word_1_179' title='bbox 1277 2791 1644 2854; x_wconf 57' lang='lat' dir='ltr'>merem-wem</span> <span class='ocrx_word' id='word_1_180' title='bbox 1699 2789 1884 2855; x_wconf 86' lang='lat' dir='ltr'>Caec.</span> <span class='ocrx_word' id='word_1_181' title='bbox 1939 2792 2057 2854; x_wconf 92' lang='grc'>111</span> <span class='ocrx_word' id='word_1_182' title='bbox 2119 2785 2305 2874; x_wconf 85' lang='lat' dir='ltr'>(ante</span> <span class='ocrx_word' id='word_1_183' title='bbox 2351 2785 2659 2870; x_wconf 79' lang='lat' dir='ltr'>memini),</span> 
     </span>
     <span class='ocr_line' id='line_1_24' title="bbox 367 2892 2655 2981; baseline -0.001 -23"><span class='ocrx_word' id='word_1_184' title='bbox 367 2897 439 2959; x_wconf 77' lang='lat' dir='ltr'>in</span> <span class='ocrx_word' id='word_1_185' title='bbox 470 2896 747 2978; x_wconf 73' lang='lat' dir='ltr'>puyilem</span> <span class='ocrx_word' id='word_1_186' title='bbox 800 2896 922 2959; x_wconf 84' lang='lat'>193</span> <span class='ocrx_word' id='word_1_187' title='bbox 971 2892 1127 2980; x_wconf 88' lang='lat' dir='ltr'>(nisi</span> <span class='ocrx_word' id='word_1_188' title='bbox 1172 2895 1342 2959; x_wconf 90' lang='lat' dir='ltr'>forte</span> <span class='ocrx_word' id='word_1_189' title='bbox 1389 2897 1458 2960; x_wconf 90' lang='lat' dir='ltr'>in</span> <span class='ocrx_word' id='word_1_190' title='bbox 1504 2898 1792 2981; x_wconf 86' lang='lat' dir='ltr'>pugilem</span> <span class='ocrx_word' id='word_1_191' title='bbox 1840 2899 1967 2962; x_wconf 89' lang='lat' dir='ltr'>dici</span> <span class='ocrx_word' id='word_1_192' title='bbox 2024 2895 2362 2980; x_wconf 85' lang='lat' dir='ltr'>sequentia</span> <span class='ocrx_word' id='word_1_193' title='bbox 2407 2893 2655 2958; x_wconf 89' lang='lat' dir='ltr'>intelle·</span> 
     </span>
     <span class='ocr_line' id='line_1_25' title="bbox 371 2999 2655 3087; baseline -0.001 -22"><span class='ocrx_word' id='word_1_194' title='bbox 371 2999 545 3087; x_wconf 82' lang='lat' dir='ltr'>gas),</span> <span class='ocrx_word' id='word_1_195' title='bbox 602 3001 1001 3084; x_wconf 73' lang='lat' dir='ltr'>trasyleonem</span> <span class='ocrx_word' id='word_1_196' title='bbox 1046 3001 1291 3085; x_wconf 73' lang='lat' dir='ltr'>Turpil.</span> <span class='ocrx_word' id='word_1_197' title='bbox 1340 3004 1495 3084; x_wconf 88' lang='lat'>201,</span> <span class='ocrx_word' id='word_1_198' title='bbox 1542 3005 1928 3086; x_wconf 68' lang='lat' dir='ltr'>transyleme</span> <span class='ocrx_word' id='word_1_199' title='bbox 1976 3005 2133 3085; x_wconf 81' lang='lat'>205,</span> <span class='ocrx_word' id='word_1_200' title='bbox 2186 3002 2491 3066; x_wconf 75' lang='lat' dir='ltr'>hominem</span> <span class='ocrx_word' id='word_1_201' title='bbox 2537 3023 2655 3083; x_wconf 88' lang='lat' dir='ltr'>pro</span> 
     </span>
     <span class='ocr_line' id='line_1_26' title="bbox 371 3107 2657 3194; baseline -0 -22"><span class='ocrx_word' id='word_1_202' title='bbox 371 3107 591 3172; x_wconf 78' lang='lat' dir='ltr'>Omine</span> <span class='ocrx_word' id='word_1_203' title='bbox 646 3107 867 3171; x_wconf 85' lang='lat' dir='ltr'>Afran.</span> <span class='ocrx_word' id='word_1_204' title='bbox 916 3109 1063 3172; x_wconf 86' lang='lat'>223.</span> <span class='ocrx_word' id='word_1_205' title='bbox 1112 3110 1269 3191; x_wconf 83' lang='lat'>224,</span> <span class='ocrx_word' id='word_1_206' title='bbox 1324 3132 1562 3175; x_wconf 76' lang='lat' dir='ltr'>omnem</span> <span class='ocrx_word' id='word_1_207' title='bbox 1609 3112 1766 3193; x_wconf 89' lang='grc'>226,</span> <span class='ocrx_word' id='word_1_208' title='bbox 1819 3112 2128 3194; x_wconf 75' lang='lat' dir='ltr'>u-iryinem</span> <span class='ocrx_word' id='word_1_209' title='bbox 2173 3111 2332 3192; x_wconf 86' lang='lat'>344,</span> <span class='ocrx_word' id='word_1_210' title='bbox 2385 3107 2657 3172; x_wconf 80' lang='lat' dir='ltr'>heredem</span> 
     </span>
     <span class='ocr_line' id='line_1_27' title="bbox 368 3213 2015 3300; baseline 0.001 -22"><span class='ocrx_word' id='word_1_211' title='bbox 368 3213 680 3297; x_wconf 88' lang='lat' dir='ltr'>Pompon.</span> <span class='ocrx_word' id='word_1_212' title='bbox 729 3214 833 3297; x_wconf 85' lang='lat'>53,</span> <span class='ocrx_word' id='word_1_213' title='bbox 881 3215 1070 3279; x_wconf 65' lang='lat' dir='ltr'>lateri}</span> <span class='ocrx_word' id='word_1_214' title='bbox 1119 3238 1237 3298; x_wconf 91' lang='lat' dir='ltr'>pro</span> <span class='ocrx_word' id='word_1_215' title='bbox 1285 3218 1414 3281; x_wconf 79' lang='lat' dir='ltr'>lare</span> <span class='ocrx_word' id='word_1_216' title='bbox 1459 3219 1562 3300; x_wconf 84' lang='lat'>61,</span> <span class='ocrx_word' id='word_1_217' title='bbox 1610 3219 1884 3282; x_wconf 77' lang='lat' dir='ltr'>lenonem</span> <span class='ocrx_word' id='word_1_218' title='bbox 1913 3219 2015 3282; x_wconf 85' lang='lat'>62.</span> 
     </span>
    </p>
   </div>
   <div class='ocr_carea' id='block_1_8' title="bbox 364 3336 2659 4274">
    <p class='ocr_par' dir='ltr' id='par_1_8' title="bbox 364 3336 2659 4274">
     <span class='ocr_line' id='line_1_28' title="bbox 550 3336 2656 3420; baseline 0 -20"><span class='ocrx_word' id='word_1_219' title='bbox 550 3339 679 3403; x_wconf 82' lang='lat'>316</span> <span class='ocrx_word' id='word_1_220' title='bbox 736 3336 949 3403; x_wconf 83' lang='lat' dir='ltr'>Causa</span> <span class='ocrx_word' id='word_1_221' title='bbox 994 3339 1176 3403; x_wconf 87' lang='lat' dir='ltr'>nulla</span> <span class='ocrx_word' id='word_1_222' title='bbox 1222 3344 1321 3405; x_wconf 87' lang='lat' dir='ltr'>est</span> <span class='ocrx_word' id='word_1_223' title='bbox 1366 3364 1479 3406; x_wconf 89' lang='lat' dir='ltr'>cur</span> <span class='ocrx_word' id='word_1_224' title='bbox 1533 3342 1600 3406; x_wconf 90' lang='lat' dir='ltr'>in</span> <span class='ocrx_word' id='word_1_225' title='bbox 1646 3342 2120 3406; x_wconf 86' lang='lat' dir='ltr'>dubitationem</span> <span class='ocrx_word' id='word_1_226' title='bbox 2176 3340 2440 3404; x_wconf 84' lang='lat' dir='ltr'>vocetur</span> <span class='ocrx_word' id='word_1_227' title='bbox 2486 3339 2656 3420; x_wconf 86' lang='lat' dir='ltr'>quod</span> 
     </span>
     <span class='ocr_line' id='line_1_29' title="bbox 364 3442 2655 3530; baseline -0.001 -23"><span class='ocrx_word' id='word_1_228' title='bbox 364 3445 677 3508; x_wconf 85' lang='lat' dir='ltr'>traditum</span> <span class='ocrx_word' id='word_1_229' title='bbox 736 3448 836 3508; x_wconf 88' lang='lat' dir='ltr'>est</span> <span class='ocrx_word' id='word_1_230' title='bbox 889 3447 1038 3510; x_wconf 68' lang='lat' dir='ltr'>dixi.</span> <span class='ocrx_word' id='word_1_231' title='bbox 1128 3469 1281 3511; x_wconf 88' lang='lat' dir='ltr'>nam</span> <span class='ocrx_word' id='word_1_232' title='bbox 1338 3452 1409 3512; x_wconf 86' lang='lat' dir='ltr'>ut</span> <span class='ocrx_word' id='word_1_233' title='bbox 1465 3449 1726 3512; x_wconf 88' lang='lat' dir='ltr'>mittam</span> <span class='ocrx_word' id='word_1_234' title='bbox 1782 3447 2159 3530; x_wconf 87' lang='lat' dir='ltr'>ambiguum</span> <span class='ocrx_word' id='word_1_235' title='bbox 2211 3443 2495 3508; x_wconf 85' lang='lat' dir='ltr'>Andriae</span> <span class='ocrx_word' id='word_1_236' title='bbox 2541 3442 2655 3506; x_wconf 86' lang='lat' dir='ltr'>Te-</span> 
     </span>
     <span class='ocr_line' id='line_1_30' title="bbox 366 3550 2659 3636; baseline -0 -23"><span class='ocrx_word' id='word_1_237' title='bbox 366 3551 701 3614; x_wconf 88' lang='lat' dir='ltr'>rentianae</span> <span class='ocrx_word' id='word_1_238' title='bbox 748 3552 962 3617; x_wconf 85' lang='lat' dir='ltr'>locum</span> <span class='ocrx_word' id='word_1_239' title='bbox 1011 3574 1066 3614; x_wconf 82' lang='lat' dir='ltr'>v.</span> <span class='ocrx_word' id='word_1_240' title='bbox 1116 3554 1271 3636; x_wconf 84' lang='lat'>204,</span> <span class='ocrx_word' id='word_1_241' title='bbox 1318 3556 1429 3618; x_wconf 91' lang='lat' dir='ltr'>ubi</span> <span class='ocrx_word' id='word_1_242' title='bbox 1479 3577 1624 3618; x_wconf 87' lang='lat' dir='ltr'>cum</span> <span class='ocrx_word' id='word_1_243' title='bbox 1670 3553 1858 3617; x_wconf 85' lang='lat' dir='ltr'>libris</span> <span class='ocrx_word' id='word_1_244' title='bbox 1905 3552 2148 3615; x_wconf 82' lang='lat' dir='ltr'>nostris</span> <span class='ocrx_word' id='word_1_245' title='bbox 2195 3550 2446 3615; x_wconf 89' lang='lat' dir='ltr'>Nonius</span> <span class='ocrx_word' id='word_1_246' title='bbox 2495 3550 2659 3634; x_wconf 82' lang='lat' dir='ltr'>legit</span> 
     </span>
     <span class='ocr_line' id='line_1_31' title="bbox 368 3656 2656 3740; baseline -0.001 -21"><span class='ocrx_word' id='word_1_247' title='bbox 368 3656 498 3720; x_wconf 79' lang='lat' dir='ltr'>‘sed</span> <span class='ocrx_word' id='word_1_248' title='bbox 537 3657 669 3720; x_wconf 73' lang='lat' dir='ltr'>dico</span> <span class='ocrx_word' id='word_1_249' title='bbox 716 3657 865 3740; x_wconf 88' lang='lat' dir='ltr'>tibi,</span> <span class='ocrx_word' id='word_1_250' title='bbox 920 3658 1021 3722; x_wconf 90' lang='lat' dir='ltr'>Ne</span> <span class='ocrx_word' id='word_1_251' title='bbox 1068 3660 1308 3723; x_wconf 72' lang='lat' dir='ltr'>temere</span> <span class='ocrx_word' id='word_1_252' title='bbox 1353 3658 1604 3740; x_wconf 86' lang='lat' dir='ltr'>facias’,</span> <span class='ocrx_word' id='word_1_253' title='bbox 1658 3659 1954 3723; x_wconf 83' lang='lat' dir='ltr'>Donatus</span> <span class='ocrx_word' id='word_1_254' title='bbox 2003 3661 2228 3722; x_wconf 86' lang='lat' dir='ltr'>contra</span> <span class='ocrx_word' id='word_1_255' title='bbox 2281 3656 2468 3732; x_wconf 76' lang='lat' dir='ltr'>edice,</span> <span class='ocrx_word' id='word_1_256' title='bbox 2526 3676 2656 3718; x_wconf 83' lang='lat' dir='ltr'>cer-</span> 
     </span>
     <span class='ocr_line' id='line_1_32' title="bbox 366 3759 2659 3848; baseline -0.003 -22"><span class='ocrx_word' id='word_1_257' title='bbox 366 3762 628 3826; x_wconf 86' lang='lat' dir='ltr'>tissima</span> <span class='ocrx_word' id='word_1_258' title='bbox 692 3767 842 3827; x_wconf 86' lang='lat' dir='ltr'>sunt</span> <span class='ocrx_word' id='word_1_259' title='bbox 905 3766 1201 3847; x_wconf 83' lang='lat' dir='ltr'>exempla</span> <span class='ocrx_word' id='word_1_260' title='bbox 1266 3766 1391 3830; x_wconf 89' lang='lat' dir='ltr'>duo</span> <span class='ocrx_word' id='word_1_261' title='bbox 1446 3788 1504 3833; x_wconf 79' lang='lat' dir='ltr'>v,</span> <span class='ocrx_word' id='word_1_262' title='bbox 1551 3767 1681 3829; x_wconf 78' lang='lat'>594</span> <span class='ocrx_word' id='word_1_263' title='bbox 1739 3765 1834 3829; x_wconf 81' lang='lat' dir='ltr'>‘ut</span> <span class='ocrx_word' id='word_1_264' title='bbox 1889 3767 2237 3848; x_wconf 85' lang='lat' dir='ltr'>adparetur</span> <span class='ocrx_word' id='word_1_265' title='bbox 2282 3759 2538 3842; x_wconf 86' lang='lat' dir='ltr'>dicam&#39;,</span> <span class='ocrx_word' id='word_1_266' title='bbox 2594 3763 2659 3821; x_wconf 92' lang='lat' dir='ltr'>et</span> 
     </span>
     <span class='ocr_line' id='line_1_33' title="bbox 366 3866 2657 3938; baseline -0.002 -6"><span class='ocrx_word' id='word_1_267' title='bbox 366 3868 545 3932; x_wconf 85' lang='lat' dir='ltr'>haut.</span> <span class='ocrx_word' id='word_1_268' title='bbox 602 3869 733 3932; x_wconf 83' lang='lat'>340</span> <span class='ocrx_word' id='word_1_269' title='bbox 800 3868 1045 3935; x_wconf 79' lang='lat' dir='ltr'>‘dicam</span> <span class='ocrx_word' id='word_1_270' title='bbox 1111 3875 1182 3934; x_wconf 87' lang='lat' dir='ltr'>ut</span> <span class='ocrx_word' id='word_1_271' title='bbox 1244 3874 1609 3936; x_wconf 86' lang='lat' dir='ltr'>revortatur</span> <span class='ocrx_word' id='word_1_272' title='bbox 1673 3870 1978 3938; x_wconf 89' lang='lat' dir='ltr'>domum’.</span> <span class='ocrx_word' id='word_1_273' title='bbox 2067 3871 2234 3935; x_wconf 83' lang='lat' dir='ltr'>Item</span> <span class='ocrx_word' id='word_1_274' title='bbox 2308 3870 2375 3932; x_wconf 93' lang='lat' dir='ltr'>in</span> <span class='ocrx_word' id='word_1_275' title='bbox 2449 3866 2657 3931; x_wconf 88' lang='lat' dir='ltr'>milite</span> 
     </span>
     <span class='ocr_line' id='line_1_34' title="bbox 368 3974 2656 4063; baseline -0.001 -26"><span class='ocrx_word' id='word_1_276' title='bbox 368 3974 655 4059; x_wconf 88' lang='lat' dir='ltr'>glorioso</span> <span class='ocrx_word' id='word_1_277' title='bbox 721 3976 991 4040; x_wconf 81' lang='lat' dir='ltr'>Plautus</span> <span class='ocrx_word' id='word_1_278' title='bbox 1054 4001 1108 4040; x_wconf 87' lang='lat' dir='ltr'>v.</span> <span class='ocrx_word' id='word_1_279' title='bbox 1163 3978 1286 4042; x_wconf 83' lang='lat'>185</span> <span class='ocrx_word' id='word_1_280' title='bbox 1348 3977 1510 4041; x_wconf 79' lang='lat' dir='ltr'>‘dixi</span> <span class='ocrx_word' id='word_1_281' title='bbox 1574 3999 1694 4063; x_wconf 87' lang='lat' dir='ltr'>ego</span> <span class='ocrx_word' id='word_1_282' title='bbox 1744 3977 1942 4041; x_wconf 84' lang='lat' dir='ltr'>istuc’</span> <span class='ocrx_word' id='word_1_283' title='bbox 2000 3982 2065 4040; x_wconf 91' lang='lat' dir='ltr'>et</span> <span class='ocrx_word' id='word_1_284' title='bbox 2111 3976 2267 4041; x_wconf 72' lang='lat' dir='ltr'>‘hoc</span> <span class='ocrx_word' id='word_1_285' title='bbox 2324 3976 2382 4038; x_wconf 88' lang='lat' dir='ltr'>ei</span> <span class='ocrx_word' id='word_1_286' title='bbox 2438 3974 2656 4037; x_wconf 87' lang='lat' dir='ltr'>dicito.</span> 
     </span>
     <span class='ocr_line' id='line_1_35' title="bbox 368 4077 2654 4166; baseline -0.001 -22"><span class='ocrx_word' id='word_1_287' title='bbox 368 4079 599 4144; x_wconf 85' lang='lat' dir='ltr'>Porro&#39;</span> <span class='ocrx_word' id='word_1_288' title='bbox 653 4077 813 4164; x_wconf 90' lang='lat' dir='ltr'>(hoc</span> <span class='ocrx_word' id='word_1_289' title='bbox 871 4084 1043 4147; x_wconf 89' lang='lat' dir='ltr'>enim</span> <span class='ocrx_word' id='word_1_290' title='bbox 1107 4106 1225 4166; x_wconf 93' lang='lat' dir='ltr'>pro</span> <span class='ocrx_word' id='word_1_291' title='bbox 1282 4084 1397 4148; x_wconf 88' lang='lat' dir='ltr'>illo</span> <span class='ocrx_word' id='word_1_292' title='bbox 1455 4084 1724 4165; x_wconf 80' lang='lat' dir='ltr'>profecto</span> <span class='ocrx_word' id='word_1_293' title='bbox 1781 4083 2299 4148; x_wconf 80' lang='lat' dir='ltr'>substituendum</span> <span class='ocrx_word' id='word_1_294' title='bbox 2358 4102 2497 4143; x_wconf 87' lang='lat' dir='ltr'>esse</span> <span class='ocrx_word' id='word_1_295' title='bbox 2555 4102 2654 4142; x_wconf 88' lang='lat' dir='ltr'>su-</span> 
     </span>
     <span class='ocr_line' id='line_1_36' title="bbox 367 4183 2546 4274; baseline -0.001 -25"><span class='ocrx_word' id='word_1_296' title='bbox 367 4185 613 4272; x_wconf 89' lang='lat' dir='ltr'>spicor)</span> <span class='ocrx_word' id='word_1_297' title='bbox 663 4186 766 4251; x_wconf 75' lang='lat' dir='ltr'>‘ut</span> <span class='ocrx_word' id='word_1_298' title='bbox 810 4211 890 4252; x_wconf 90' lang='lat' dir='ltr'>ne</span> <span class='ocrx_word' id='word_1_299' title='bbox 938 4211 1264 4273; x_wconf 88' lang='lat' dir='ltr'>quoquam</span> <span class='ocrx_word' id='word_1_300' title='bbox 1311 4189 1388 4252; x_wconf 92' lang='lat' dir='ltr'>de</span> <span class='ocrx_word' id='word_1_301' title='bbox 1436 4190 1697 4274; x_wconf 88' lang='lat' dir='ltr'>ingenio</span> <span class='ocrx_word' id='word_1_302' title='bbox 1744 4188 2158 4273; x_wconf 88' lang='lat' dir='ltr'>degrediatur</span> <span class='ocrx_word' id='word_1_303' title='bbox 2205 4183 2546 4250; x_wconf 90' lang='lat' dir='ltr'>muliebri&#39;.</span> 
     </span>
    </p>
   </div>
   <div class='ocr_carea' id='block_1_9' title="bbox 549 4310 2658 4403">
    <p class='ocr_par' dir='ltr' id='par_1_9' title="bbox 549 4310 2658 4403">
     <span class='ocr_line' id='line_1_37' title="bbox 549 4310 2658 4403; baseline -0.002 -25"><span class='ocrx_word' id='word_1_304' title='bbox 549 4311 676 4378; x_wconf 75' lang='lat'>327</span> <span class='ocrx_word' id='word_1_305' title='bbox 747 4311 1100 4380; x_wconf 88' lang='lat' dir='ltr'>Notassem</span> <span class='ocrx_word' id='word_1_306' title='bbox 1164 4313 1492 4403; x_wconf 86' lang='lat' dir='ltr'>integrum</span> <span class='ocrx_word' id='word_1_307' title='bbox 1558 4312 1997 4403; x_wconf 87' lang='lat' dir='ltr'>septenarium</span> <span class='ocrx_word' id='word_1_308' title='bbox 2059 4313 2130 4377; x_wconf 77' lang='lat' dir='ltr'>in</span> <span class='ocrx_word' id='word_1_309' title='bbox 2189 4311 2467 4398; x_wconf 69' lang='lat' dir='ltr'>Arpinos</span> <span class='ocrx_word' id='word_1_310' title='bbox 2527 4310 2658 4374; x_wconf 86' lang='lat' dir='ltr'>iam</span> 
     </span>
    </p>
   </div>
  </div>
 </body>
</html>
