3400 5075
1390 282 1915 338 COROLLARIVM
2673 292 2796 344 LIII

592 447 1057 510 comisatum
1106 443 1208 510 ἐπὶ
1257 447 1485 531 κῶμον
1532 446 1589 508 L
1637 476 1720 497 =
1771 446 2080 511 Afranius
2127 449 2464 513 Terentius

594 553 1099 636 conquinisco
1162 547 1518 617 ὑποκύπτω
1577 554 1633 616 L
1682 584 1764 604 =
1821 552 2219 637 Pomponius
2288 557 2458 640 apud
2522 557 2797 622 Priscia-

681 681 864 740 num,
910 659 1183 723 Plautus

593 767 922 831 conuiuo
962 766 1493 850 συνευωχοῦμαι,
1523 768 1965 850 συνεστιῶμαι
1997 767 2054 830 L
2083 798 2166 819 =
2198 768 2595 852 Pomponius
2629 772 2796 855 apud

682 872 998 955 Nonium,
1044 872 1326 936 Titinius
1373 872 1624 937 Ennius

591 981 856 1045 deamo
923 976 1171 1061 στέργω
1230 980 1286 1042 L
1342 1009 1425 1030 =
1488 978 1794 1043 Afranius
1863 980 2033 1062 apud
2098 979 2419 1065 Nonium,
2486 982 2796 1048 Laberius

680 1086 950 1149 Plautus
998 1085 1336 1149 Terentius

590 1193 938 1257 diluculo
985 1186 1294 1273 λυκόφως
1336 1191 1396 1255 L
1426 1221 1509 1243 =
1539 1190 1853 1255 Afranius
1895 1194 2066 1275 apud
2104 1191 2496 1278 Charisium,
2524 1196 2796 1261 Plautus

590 1299 894 1364 diuidia
940 1294 1244 1381 διχόνοια
1291 1298 1349 1362 L
1398 1328 1482 1349 =
1529 1298 1819 1362 Naevius
1869 1299 2038 1380 apud
2087 1299 2477 1385 Varronem,
2525 1301 2796 1368 Plautus

682 1405 1014 1487 Turpilius
1062 1404 1301 1468 Accius

595 1512 845 1576 (linito
893 1513 1216 1588 πλουτίζω
1265 1511 1321 1574 L
1368 1541 1451 1561 =
1498 1510 1829 1593 Turpilius
1879 1512 2048 1592 apud
2097 1512 2403 1595 Nonium,
2455 1513 2690 1578 Accius

596 1618 914 1682 elimino
963 1616 1218 1700 ἐκφέρω
1270 1619 1325 1680 L
1375 1649 1456 1669 =
1506 1617 1902 1699 Pomponius
1961 1618 2130 1702 apud
2186 1618 2503 1701 Nonium,
2548 1620 2799 1685 Ennius

684 1724 1005 1787 Pacuuius
1056 1725 1291 1788 Accius
1339 1723 1550 1788 Varro

595 1830 992 1913 efflictim,
1040 1831 1435 1914 deplorando
1483 1832 1693 1894 dicere
1743 1826 1832 1915 (P)
1880 1829 2049 1893 P=
2077 1827 2370 1893 Naeuius
2420 1834 2589 1914 apud
2629 1830 2795 1896 Cha-

682 1937 929 2018 risium,
975 1937 1244 2001 Plautus

591 2044 935 2107 firmiter
981 2046 1264 2125 βεβαίως
1312 2044 1367 2107 L
1416 2074 1498 2095 =
1548 2041 1859 2106 Afranius
1909 2043 2078 2125 apud
2138 2042 2454 2126 Nonium,
2507 2044 2796 2110 Lucilius

682 2149 997 2215 Laberius

592 2259 889 2323 flacceo
937 2253 1159 2340 χαλάω
1208 2258 1264 2320 L
1313 2288 1394 2308 =
1447 2255 1755 2319 Afranius
1805 2255 1976 2337 apud
2022 2255 2329 2339 Nonium,
2377 2255 2625 2320 Ennius
2675 2258 2795 2321 Ac-

682 2365 819 2427 cius
864 2363 1156 2428 Lucilius

592 2490 825 2554 gerra
872 2462 1256 2553 οὐὸαμινός.
1310 2484 1538 2554 gerrae
1586 2463 1828 2531 πλεκτά
1865 2490 2014 2530 τινα
2053 2467 2111 2530 L
2141 2497 2223 2517 =
2256 2465 2577 2532 Caecilius
2626 2472 2798 2555 apud

678 2576 985 2659 Nonium,
1030 2576 1301 2639 Plautus

592 2682 841 2767 glisco
907 2676 1276 2765 αὐξάνομαι
1342 2684 1686 2765 προβαίνει)
1755 2679 2158 2763 ἐπιτείνομαι
2228 2682 2283 2744 L
2331 2712 2413 2733 =
2461 2683 2791 2766 Turpilius

683 2791 950 2853 Plautus
1002 2790 1319 2853 Pacuvius
1370 2788 1606 2853 Accius
1656 2789 1824 2871 apud
1866 2787 2152 2852 Nonium

591 2896 1042 2960 humanitus
1098 2888 1557 2976 ἄνθρωπόθευ
1612 2896 1667 2958 L
1728 2925 1809 2946 Ξ
1858 2894 2188 2976 Turpilius
2245 2895 2556 2959 Afranius
2624 2898 2794 2980 apud

679 3001 987 3083 Nonium,
1032 3001 1370 3066 Terentius

591 3108 1028 3190 infelicare,
1076 3108 1400 3172 infelicem
1438 3110 1671 3191 facere,
1718 3109 2010 3192 infligere
2059 3108 2123 3171 P
2153 3138 2237 3159 =
2268 3106 2592 3171 Caecilius
2623 3109 2792 3191 apud

677 3212 985 3297 Nonium,
1030 3214 1300 3278 Plautus

592 3320 670 3383 in
718 3321 1016 3403 mundo,
1065 3321 1377 3404 expedite,
1424 3322 1526 3384 uel
1576 3322 1656 3385 ad
1705 3345 1968 3385 manum
2017 3321 2080 3384 P
2113 3351 2195 3372 =
2245 3321 2571 3383 Caecilius
2621 3321 2790 3403 apud

680 3425 1076 3508 Charisium,
1123 3428 1391 3491 Plautus

592 3533 683 3596 iti
698 3555 783 3595 ne
797 3556 827 3595 r
848 3526 1103 3614 εὐθεῖα,
1115 3528 1273 3610 ὁδός
1284 3536 1433 3598 L=
1446 3535 1776 3617 Turpilius
1790 3534 2058 3596 Plautus
2073 3532 2306 3595 Accius
2325 3555 2406 3614 ap
2415 3532 2496 3594 ud
2505 3531 2793 3597 Nonium

591 3640 792 3702 lacte
841 3635 1009 3722 γάλα
1057 3641 1112 3703 L
1162 3672 1241 3692 =
1286 3640 1606 3706 Caecilius
1656 3641 1826 3723 apud
1870 3638 2180 3720 Nonium,
2226 3637 2476 3701 Ennius
2524 3638 2790 3701 Plautus

588 3746 920 3830 largiter
966 3747 1263 3822 δαψιλῶς
1307 3749 1365 3812 L
1403 3779 1484 3800 =
1526 3747 1841 3811 Laberius
1891 3746 2060 3829 apud
2100 3744 2492 3827 Charisium,
2520 3744 2790 3808 Plautus

590 3852 926 3936 largitas
976 3853 1285 3927 δαψίλεια
1332 3856 1387 3918 L
1436 3885 1520 3907 =
1569 3852 1892 3917 Caecilius
1941 3852 2269 3936 Turpilius
2317 3851 2656 3914 Terentius

590 3959 802 4022 lurco
850 3955 1170 4041 λαφύσσει)
1219 3960 1274 4022 L
1323 3989 1406 4010 =
1453 3958 1852 4043 Pomponius
1900 3960 2188 4023 Lucilius
2239 3958 2408 4041 apud
2455 3957 2744 4022 Nonium

591 4065 845 4148 lupari
893 4061 1249 4147 πορνεύειν
1295 4067 1351 4129 L
1398 4096 1481 4117 =
1530 4066 1691 4129 Atta
1740 4065 2028 4129 Lucilius
2077 4067 2245 4147 apud
2296 4063 2580 4128 Nonium

591 4171 1171 4235 mercimonium
1222 4168 1652 4255 συνάλλαγμα
1692 4173 1751 4236 L
1782 4202 1865 4223 =
1894 4171 2223 4253 Turpilius
2265 4169 2434 4252 apud
2483 4168 2789 4251 Nonium,

676 4275 948 4342 Plautus
