3400 5075
614 275 792 329 LXVI
1318 286 1325 287 ’
1496 273 2024 328 COROLLARIVM

610 464 816 506 novus
873 436 1272 523 quispiam?
1336 438 1548 502 Oasin.
1594 438 1694 502 III
1751 440 1820 522 5,
1876 439 1959 501 38
2023 436 2138 501 ‘an
2198 436 2488 520 quipiam
2551 437 2631 500 ad
2686 440 2750 500 te
2808 441 2900 500 at—

612 546 854 612 tinet?'
918 546 1059 610 Ter.
1106 545 1305 609 Andr.
1359 546 1489 609 438
1553 544 1740 610 ‘num
1800 545 1900 608 illi
1965 545 2275 608 molestae
2340 543 2677 626 quidpiam
2740 543 2902 609 haec

612 658 762 718 sunt
803 651 1147 737 nuptiae‘?'
1195 650 1459 737 (Naevii
1490 674 1650 716 com.
1679 650 1812 738 44).
1857 652 2086 736 Itaque
2125 655 2191 715 et
2234 651 2303 714 in
2351 650 2685 714 sententiis
2732 672 2901 715 com-

611 760 912 824 munibus
967 760 1182 823 locum
1238 758 1463 823 habet:
1511 782 1562 823 e.
1610 781 1661 823 c.
1708 758 1847 822 Ter.
1897 780 2036 821 eun.
2086 758 2214 822 873
2273 756 2495 838 ‘saepe
2552 778 2627 819 ex
2683 756 2899 821 huius-

611 867 787 931 modi
842 888 911 929 re
968 865 1274 949 quapiam
1336 866 1514 930 Malo
1575 864 1900 948 principio
1963 884 2204 948 magna
2260 862 2678 926 familiaritas
2737 861 2901 927 Con-

609 972 848 1036 flatast.
940 971 1092 1055 quid
1154 973 1207 1036 si
1268 972 1393 1037 hoc
1451 972 1763 1053 quispiam
1823 970 2032 1035 voluit
2091 967 2321 1033 deus‘P'
2369 966 2464 1052 (et
2519 969 2681 1032 alias
2730 970 2902 1053 apud

532 1110 537 1115 ·
610 1079 920 1143 comicos:
969 1077 1047 1141 cf.
1087 1076 1218 1143 Cic.
1266 1078 1343 1141 de
1389 1080 1528 1143 fato
1582 1080 1681 1160 11,
1711 1076 1824 1163 24)
1871 1080 1937 1140 et
1982 1098 2130 1139 cum
2176 1074 2516 1138 dubitandi
2562 1076 2900 1157 particulis

604 1185 765 1264 forte
806 1184 1070 1263 fortasse
1110 1184 1379 1264 forsitan
1427 1182 1587 1269 (Cio.
1633 1206 1754 1268 pro
1803 1182 1985 1247 Sulla
2031 1183 2134 1264 30,
2183 1182 2285 1246 84.
2342 1180 2525 1245 Verr.
2572 1180 2603 1243 I
2651 1182 2764 1266 21,
2811 1184 2896 1247 56

605 1290 670 1354 11
699 1291 803 1375 32,
836 1290 946 1376 78)
995 1295 1109 1355 aut
1154 1292 1351 1356 verbo
1386 1312 1566 1374 posse
1611 1289 1778 1376 (Liv.
1815 1289 1846 1353 I
1894 1289 1998 1371 35,
2037 1288 2077 1351 3
2123 1286 2222 1350 III
2269 1286 2374 1369 55,
2421 1288 2460 1351 8
2510 1288 2672 1353 conl.
2719 1280 2900 1352 Mad-

608 1398 737 1462 vici
799 1398 1044 1462 emend.
1091 1397 1230 1462 Liv.
1278 1397 1400 1483 47)
1458 1398 1875 1482 coniungitur
1927 1399 1994 1459 et
2045 1394 2114 1458 in
2167 1393 2490 1477 negativis
2547 1394 2899 1458 enuntiatis

606 1504 831 1568 eadem
876 1503 1014 1567 fere
1062 1504 1125 1568 vi
1174 1508 1246 1568 ut
1288 1508 1615 1586 quisquam
1660 1507 2024 1588 usurpatur,
2068 1501 2196 1564 nisi
2244 1499 2413 1583 quod
2461 1500 2654 1563 studii
2703 1523 2896 1583 quen-

603 1610 755 1673 dam
819 1610 1106 1675 colorem
1169 1611 1393 1675 infert:
1460 1634 1510 1675 e.
1569 1634 1617 1675 c.
1677 1608 1809 1675 Cic.
1857 1609 2039 1673 Verr.
2094 1607 2125 1670 I
2188 1608 2295 1690 10,
2340 1605 2426 1669 29
2494 1605 2692 1692 ‘nego
2759 1629 2897 1670 esse

604 1717 960 1800 quidquam
1009 1741 1048 1780 a
1093 1718 1365 1782 testibus
1403 1718 1668 1800 dictum,
1716 1716 1886 1799 quod
1934 1717 2048 1778 aut
2083 1718 2368 1778 vestrum
2416 1714 2685 1793 mm'piam
2732 1717 2900 1777 esset

604 1825 946 1888 obscurum
985 1826 1099 1887 aut
1144 1824 1521 1907 cuiusquam
1558 1822 1836 1888 oratoris
1875 1820 2310 1905 eloquentiam
2349 1819 2709 1902 quaereret'
2756 1818 2896 1905 (ubi

604 1930 976 2014 adloquitur
1040 1928 1393 2012 auditores,
1457 1930 1730 2011 cuipiam
1792 1926 2157 2013 praetulit);
2222 1925 2321 1990 III
2381 1926 2494 2009 31,
2544 1927 2627 1990 74
2684 1926 2895 1991 ‘num-

603 2058 797 2118 quam
868 2085 881 2098 .
929 2085 942 2098 .
990 2084 1003 2097 .
1069 2033 1512 2119 Agyrinenses
1578 2038 1806 2100 contra
1868 2056 2262 2118 quemquam
2329 2033 2624 2097 infimum
2689 2033 2896 2097 civem
3028 2078 3037 2088 -

602 2140 969 2204 Romanum
998 2140 1233 2204 dixisse
1281 2145 1395 2204 aut
1437 2142 1665 2207 fecisse
1703 2138 2072 2224 quidfflam':
2117 2162 2248 2203 non
2289 2139 2556 2223 addidit,
2584 2144 2658 2203 ut
2702 2164 2895 2224 supra
3025 2212 3028 2215 ,

605 2246 686 2310 ad
738 2267 1130 2329 quemquam,
1194 2247 1263 2311 in
1320 2248 1533 2313 altero
1581 2270 1836 2332 quoque
1900 2246 2192 2310 membro
2261 2246 2679 2330 adiectivum,
2741 2271 2892 2312 nam

601 2354 744 2437 ipso
773 2353 1155 2436 pronomine
1205 2355 1362 2418 satis
1410 2355 1807 2439 significavit
1848 2352 2015 2416 nihil
2055 2352 2337 2435 omnino,
2373 2353 2681 2437 quidquid
2720 2354 2893 2439 cogi-

603 2460 731 2523 tari
777 2462 1014 2544 posset,
1060 2460 1306 2524 dictum
1354 2464 1470 2524 aut
1512 2460 1759 2524 factum
1808 2436 1963 2523 esse.

780 2566 867 2631 30
930 2561 1179 2630 Eadem
1243 2589 1407 2650 quae
1470 2589 1830 2651 anonymus
1885 2564 2230 2630 Bernensis
2295 2564 2510 2631 habet.
2561 2569 2758 2631 etiam
2823 2568 2892 2631 in

603 2673 821 2737 codice
862 2670 1137 2755 Cusano,
1183 2695 1374 2757 quem
1413 2672 1710 2738 Kleinius
1759 2673 1979 2755 edidit,
2026 2676 2250 2737 extant
2284 2696 2345 2757 p.
2381 2675 2522 2738 103.
2579 2673 2660 2737 In
2704 2696 2891 2738 versu

602 2780 745 2863 ipso
791 2784 1022 2842 merust
1064 2779 1353 2862 praefert
1399 2779 1890 2844 Studemundus.
2009 2803 2016 2808 ·

780 2885 865 2949 55
913 2907 1004 2968 sq.
1064 2882 1389 2967 Superbus
1438 2886 1672 2970 aliquis
1731 2889 2043 2971 cognatos
2089 2885 2371 2968 fastidit,
2427 2908 2700 2969 quorum
2747 2887 2890 2970 ipsa

601 2992 869 3057 nomina
915 2990 1017 3055 vel
1067 2992 1455 3076 cognomina
1501 2993 1763 3057 morbos
1810 2991 2117 3076 prodant:
2164 2990 2409 3055 Balbos
2455 2991 2690 3057 Paetos
2738 2991 2888 3057 Sca—

601 3102 785 3162 tones
835 3096 1187 3162 Strabones
1232 3097 1445 3164 Varos
1495 3099 1658 3164 alios
1707 3099 2083 3183 intellegere
2131 3098 2401 3161 videtur.

782 3205 865 3268 75
913 3227 1002 3288 sq.
1058 3204 1374 3269 Trochaei
1408 3206 1606 3288 patilo
1640 3206 1828 3287 prius
1870 3205 2015 3268 hinc
2067 3204 2225 3268 abiit
2274 3206 2697 3289 praeplacent
2742 3205 2889 3270 Stu-

600 3310 943 3375 demundo.·

778 3418 858 3480 91
911 3417 990 3480 cf.
1036 3417 1154 3481 Ed.
1200 3418 1448 3482 Becker
1494 3418 1657 3482 stud.
1704 3417 1736 3481 I
1783 3419 1912 3481 274

779 3523 861 3586 97
892 3545 977 3587 au
1004 3524 1238 3588 obsecro
1257 3523 1558 3589 Terentio
1595 3524 1923 3588 familiare
1951 3524 2103 3588 fuit:
2134 3546 2273 3588 eun.
2305 3525 2433 3589 656
2466 3523 2572 3588 ‘au
2602 3526 2887 3609 obsecr0,

601 3650 746 3692 mea
791 3627 1093 3712 Pythias,
1148 3630 1319 3714 quod
1366 3631 1531 3695 istuc
1575 3653 1730 3695 nam
1785 3633 2148 3695 monstrum
2192 3629 2395 3694 fuiffl’
2450 3629 2711 3695 Phorm.
2760 3632 2888 3696 803

602 3734 709 3798 ‘au
755 3734 1052 3820 obsecro,
1108 3737 1251 3800 vide
1297 3759 1377 3801 ne
1431 3737 1503 3801 in
1549 3740 1902 3855 cognatam
1950 3735 2218 3820 pecces.²
2281 3736 2361 3801 cf.
2410 3737 2538 3801 754
2592 3738 2888 3804 hautont.

605 3840 842 3905 1015(
856 3863 939 3905 au
985 3845 1051 3905 te
1099 3843 1394 3926 obsecro,
1441 3843 1608 3907 istuc
1655 3843 1937 3907 inimicis
1986 3840 2149 3906 siet?
2216 3865 2356 3908 eun.
2404 3843 2601 3908 899(
2616 3868 2699 3908 au
2743 3849 2887 3910 tace

600 3946 908 4013 obsecro?
1010 3946 1279 4032 Semper
1349 3949 1578 4013 ceteris
1643 3971 1895 4032 quoque
1958 3948 2119 4013 locis
2184 3950 2417 4014 mulier
2489 3951 2757 4035 elamat,
2823 3955 2890 4014 et

599 4054 937 4138 praecepit
996 4053 1293 4119 Donatus
1361 4055 1441 4118 ad
1501 4054 1642 4118 Ter.
1689 4055 1890 4119 Andr.
1933 4055 2030 4118 IV
2075 4057 2144 4139 4,
2196 4058 2277 4120 12
2343 4057 2459 4121 ‘au
2522 4058 2886 4121 interiectio

602 4163 1055 4225 consternatae
1104 4159 1614 4246 (‘perturbatae'
1665 4161 1745 4224 ad
1793 4184 1935 4225 eun.
1984 4162 2045 4225 V
2092 4165 2152 4246 2,
2200 4161 2315 4249 60>
2365 4162 2696 4228 mulieris.'
2788 4161 2884 4225 Cf.

598 4265 800 4331 Hirth
864 4267 942 4330 de
1006 4267 1531 4332 interiectionum
1597 4291 1716 4333 usu
1778 4267 2085 4333 Plautino
2149 4269 2664 4352 Terentianoque
2722 4267 2884 4353 (Ro-
