3400 5075
578 331 804 387 CXXIV
1479 329 1575 384 AD
1617 328 1976 385 TRAGICOS

577 494 1099 580 longinquitate?
1147 496 1261 557 aut
1306 494 1452 579 quis
1490 516 1622 558 non
1669 493 1847 558 videt
1884 493 2181 579 flagitare
2213 495 2340 559 sibi
2371 494 2877 559 concinnitatem

578 602 894 667 sermonis
960 601 1319 665 ablativum
1385 623 1531 665 cum
1598 601 1798 665 verbo
1867 600 2248 665 ‘extinctas’
2311 601 2879 686 coniungendum?

578 731 790 773 meum
847 712 1064 772 autem
1109 730 1346 790 pausa,
1406 707 1579 792 quod
1623 707 1965 772 Urbinatis
2014 709 2335 791 scriptura
2383 728 2572 772 eausa
2619 709 2878 792 egregie

579 814 1015 878 commendari
1064 816 1263 879 etiam
1308 837 1478 879 nunc
1526 816 1737 878 sentio
1749 865 1766 897 ‚
1814 814 2190 898 intellegere
2238 814 2348 877 ille
2388 814 2648 897 quidem
2686 814 2878 878 facile

578 923 862 1003 poterat,
921 922 976 985 si
1027 922 1126 987 vel
1174 920 1563 992 Lucretiana
1609 921 1726 985 illa
1771 919 1837 984 II
1890 922 2017 985 118
2066 944 2157 1004 sq.
2205 922 2273 984 in
2320 922 2704 986 memoriam
2752 922 2881 986 sibi

577 1032 973 1093 revocasset:

1007 1134 1184 1200 velut
1230 1138 1493 1201 aeterno
1525 1137 1897 1200 'certamine
1946 1135 2196 1219 proelia
2243 1156 2496 1220 pugnas

899 1242 1084 1306 edere
1131 1243 1467 1306 turmatim
1518 1242 1837 1305 certantia
1882 1263 2000 1306 nec
2046 1241 2198 1305 dare
2248 1264 2549 1325 pausam,

899 1348 1191 1412 conciliis
1239 1351 1305 1411 et
1351 1348 1644 1412 discidiis
1692 1350 1974 1412 exercita
2022 1348 2284 1411 crebris.

757 1454 843 1519 45
889 1452 1120 1518 Deleto
1166 1457 1256 1520 sic
1301 1455 1488 1519 initio
1526 1478 1752 1519 versus
1793 1456 1902 1520 isti
1928 1455 2335 1518 scribendum
2367 1478 2505 1518 esse
2537 1477 2684 1518 rara
2714 1455 2878 1518 ario-

579 1561 755 1626 landi
784 1561 1048 1626 licentia
1078 1561 1520 1627 demonstrare
1552 1561 1807 1627 studuit
1833 1561 2155 1647 Bergkius
2175 1560 2407 1625 Philol.
2428 1560 2707 1624 XXXIII
2730 1562 2879 1625 273.
2998 1607 3009 1616 ·

758 1666 1211 1751 Septenarium
1260 1670 1340 1734 81
1392 1670 1593 1734 talem
1643 1670 1709 1732 in
1737 1667 2083 1733 corollario
2112 1691 2173 1754 p.
2204 1667 2287 1732 LI
2321 1669 2521 1733 scribi
2550 1668 2877 1731 volebam:

802 1775 914 1839 sed
961 1776 1359 1861 angustitate
1406 1774 1725 1841 inclusam
1776 1776 1915 1839 saxi
1962 1774 2194 1860 [senti]
2243 1774 2608 1859 squalidam

579 1884 653 1945 ut
699 1904 756 1946 v.
811 1884 932 1945 111
983 1881 1174 1947 ‘saxo
1225 1881 1442 1947 sento'
1491 1883 1699 1948 eidem
1746 1883 2025 1947 restitui.

757 1986 1118 2053 Sanissima
1137 1991 1335 2054 etiam
1355 2012 1525 2055 011110
1543 1990 1753 2055 habeo
1771 2011 1934 2074 quae
1951 1988 2134 2053 Aem.
2150 1987 2481 2053 Baehrens
2497 1974 2539 2053 l.
2555 1988 2597 2051 l.
2613 1987 2694 2053 ad
2714 1987 2876 2052 inte-

579 2115 766 2179 grum
807 2096 1132 2159 senarium
1170 2095 1461 2182 redigere
1500 2100 1772 2161 conatus
1812 2100 1912 2161 est
1950 2096 2038 2162 ‘si
2066 2096 2209 2176 scita
2246 2096 2344 2159 his
2379 2098 2550 2158 recte
2582 2097 2694 2158 aut
2722 2116 2877 2158 vera

581 2201 832 2265 ratione
879 2202 1223 2286 augurem'
1271 2201 1358 2290 (v.
1406 2202 1546 2291 87),
1600 2204 1732 2268 nisi
1780 2203 1952 2288 quod
1993 2224 2126 2268 non
2173 2202 2565 2267 adversabor
2619 2200 2677 2264 si
2732 2201 2875 2285 quis

579 2307 878 2393 supplere
925 2309 1008 2372 ab
1053 2310 1245 2374 initio
1294 2311 1387 2374 sic
1434 2311 1764 2375 maluerit:
1809 2313 1899 2376 sic
1940 2313 2001 2375 si
2040 2312 2195 2375 satis
2230 2314 2381 2374 recte
2426 2330 2477 2383 e.
2525 2331 2582 2391 q.
2631 2330 2679 2371 s.

754 2414 836 2479 V.
865 2417 949 2482 88
994 2419 1175 2482 statei
1214 2418 1583 2500 yracilitudo
1628 2395 1841 2501 nuper·
1880 2419 2230 2501 patronum
2275 2416 2525 2480 invenit
2552 2414 2875 2480 inmerito.

760 2523 884 2588 108
931 2528 1044 2588 aut
1085 2523 1378 2608 seynilate
1420 2525 1611 2590 dubia
1652 2525 1851 2589 vitare
1896 2525 2062 2590 coni.
2135 2522 2319 2588 Aem.
2365 2520 2697 2587 Baehrens
2744 2521 2787 2587 l.
2831 2521 2874 2587 l.

578 2631 648 2693 at
692 2632 898 2714 metu,
943 2652 1076 2695 non
1123 2631 1444 2716 segnitate
1490 2631 1778 2715 pericula
1825 2631 2141 2716 vitantur,
2195 2634 2261 2695 et
2308 2630 2731 2695 sanissimum
2774 2633 2875 2694 est

575 2736 856 2801 dubitare
900 2735 1071 2820 quod
1117 2737 1185 2799 in
1230 2737 1418 2801 libris
1465 2738 1724 2822 legitur.

762 2844 887 2908 126
943 2844 1179 2908 iactabo
1243 2842 1614 2929 Madvigius
1679 2843 1952 2911 Advers.
2012 2842 2078 2908 II
2146 2844 2274 2908 663
2342 2842 2554 2907 deleta
2618 2843 2872 2908 adlitte-
3003 2876 3022 2898 ·

576 2951 829 3015 ratione
876 2953 942 3014 et
985 2951 1282 3035 neglecta
1326 2949 1527 3016 Nonii
1575 2950 1722 3015 fide.

759 3057 884 3121 143
921 3077 1019 3122 res
1056 3058 1160 3121 0111
1195 3056 1496 3140 displicet
1523 3057 1713 3122 facile
1741 3059 1871 3122 iam
1900 3058 1969 3121 in
1998 3058 2136 3122 eius
2165 3058 2309 3122 loco
2340 3078 2581 3141 ponere
2609 3057 2870 3139 poterit.

762 3163 888 3229 145
936 3185 1028 3247 sq.
1086 3159 1377 3229 Cretieos
1422 3166 1723 3228 numerat
1765 3163 2086 3249 Bergkius
2134 3162 2368 3228 Philol.
2395 3161 2678 3227 XXXIII
2725 3164 2873 3249 274,

578 3269 690 3334 sed
737 3293 968 3356 parum
1014 3270 1164 3337 illos
1211 3271 1471 3356 quidem
1518 3271 1849 3355 elegantes
1895 3293 2014 3337 nec
2061 3270 2143 3335 ad
2185 3269 2542 3334 sententiae
2588 3269 2870 3334 colorem

577 3378 791 3460 aptos:

896 3484 1006 3548 sed
1052 3485 1148 3548 ita
1194 3484 1440 3550 Achilli
1486 3481 1751 3549 inclutis
1800 3483 1998 3548 armis
2046 3481 2224 3548 vesci
2267 3482 2508 3567 studet,

894 3590 1031 3655 cilia
1075 3594 1307 3656 cuncta
1353 3593 1604 3676 optima
1649 3597 1721 3655 ut
1762 3591 1932 3655 levia
1976 3612 2131 3674 prae
2177 3590 2310 3654 illis
2356 3592 2560 3672 putet.

758 3698 884 3763 155
929 3698 1086 3762 mihi
1137 3699 1400 3764 imbra
1445 3700 1662 3764 excivit
1705 3695 2028 3783 Bergkius
2075 3719 2136 3781 p.
2184 3696 2313 3761 299
2362 3695 2498 3760 sine
2544 3696 2678 3761 ulla
2722 3719 2868 3782 pro-

573 3802 942 3869 habilitate.

758 3911 880 3975 171
931 3933 1067 3996 sqq.
1113 3910 1297 3976 Aem.
1343 3908 1676 3976 Baehrens
1722 3910 2002 3995 perbene
2051 3910 2145 3974 sio
2189 3910 2505 3974 restituit:

663 4039 860 4101 nunc,
906 4015 1162 4102 Calca3‚
1206 4018 1403 4081 finem
1449 4018 1841 4103 religionum
1886 4017 2017 4103 fac,
2065 4016 2302 4081 desiste
2350 4015 2699 4080 exercitum

665 4123 907 4187 morari
953 4146 1182 4208 meque
1229 4124 1311 4187 ab
1359 4124 1759 4188 domuitione
1806 4125 2021 4189 arcere
2066 4126 2204 4188 tam
2253 4122 2531 4187 obsceno
2579 4121 2810 4186 omine.

573 4230 705 4294 nisi
750 4229 922 4314 quod
969 4253 1046 4294 ex
1091 4231 1193 4294 his
1240 4230 1757 4295 arcerebztobsceno
1802 4230 2205 4314 probabilius
2253 4236 2354 4294 tuo
2390 4229 2637 4293 eruitur
2670 4248 2866 4311 quam

578 4341 742 4413 tam;
807 4358 1200 4421 quamquam
1266 4336 1374 4424 qui
1440 4338 1641 4403 solius
1708 4336 1975 4402 alterius
2040 4336 2342 4402 versiculi
2405 4336 2474 4399 in
2537 4331 2863 4399 codicibus
