3400 5075
1205 342 1482 393 SEXTVS
1520 341 1912 393 TVRPILIVS
2626 336 2709 397 89

1385 497 1543 562 xlv
1593 494 1739 582 (16)

595 614 747 678 Non
796 620 936 678 stim
984 615 1211 678 iurata.

1428 719 1552 783 XV
1601 715 1703 804 (6)

595 833 965 919 Numquam
1019 835 1212 899 nimis
1268 857 1534 899 numero
1592 835 1978 918 quemquam
2032 832 2167 896 uidi
2213 832 2450 915 fecere,
2511 854 2706 915 quom

1691 949 1866 1012 facto
1914 950 2013 1012 est
2058 970 2236 1031 opus,

1409 1063 1567 1128 XVI
1648 1065 1686 1128 8

463 1182 549 1244 35
598 1232 610 1244 .
659 1231 671 1244 .
722 1232 734 1244 .
782 1231 795 1245 .
844 1184 911 1244 at
957 1180 1150 1243 etiam
1196 1180 1454 1263 ineptus
1500 1060 1816 1243 metis)mi
1862 1181 1961 1243 est
2006 1179 2208 1242 iratus
2254 1181 2457 1262 pater,

595 1296 759 1371 Quia
805 1297 871 1359 se
917 1296 1163 1359 talento
1212 1295 1462 1380 argenti
1509 1294 1696 1377 tetigi
1751 1294 1954 1357 ueteri
1993 1294 2282 1378 exemplo
2330 1294 2703 1357 amentium.

1464 1407 1655 1472 XVII

593 1501 807 1583 tapete

858 1606 865 1611 ’
1307 1610 1828 1677 DEMIVRGVS

1474 1726 1505 1790 1
1556 1724 1657 1811 (6)

597 1843 775 1928 Ergo
823 1843 1047 1927 edepol
1097 1842 1284 1906 docta
1332 1840 1502 1907 dieo:
1551 1864 1715 1926 quae
1762 1842 1990 1906 mulier
2035 1844 2212 1906 uolet

420 2054 476 2088 re
514 2040 659 2088 bona
685 2042 869 2101 potest
906 2035 1032 2087 diei.
1090 2035 1372 2100 Turpilius
1400 2036 1682 2086 Demetrio
1722 2036 2022 2086 dolentis
2061 2052 2376 2101 persona:
2418 2053 2514 2086 eos
2551 2053 2604 2101 p.
2634 2040 2706 2088 e.’

416 2106 568 2155 Idem
592 2107 709 2167 497,
739 2107 801 2155 17
840 2109 856 2134 ‘
876 2104 1322 2153 aecusatiuus
1359 2103 1450 2153 uel
1478 2104 1852 2153 nominatiuus
1879 2120 1975 2168 pro
2003 2105 2298 2158 ablatiu0.’
2409 2104 2538 2153 XIV
2573 2104 2709 2153 Dio-

418 2173 604 2222 medes
639 2174 666 2223 1
701 2189 755 2237 p.
793 2174 889 2222 397
916 2172 977 2220 Ρ.
1015 2171 1186 2236 ‘apud
1213 2171 1518 2236 Turpilium
1546 2171 1834 2220 comoedia
1859 2170 2059 2233 nobili,
2096 2174 2252 2221 cuiue
2289 2172 2482 2221 titulus
2509 2173 2708 2221 Deme·

419 2241 580 2302 triue,
617 2240 849 2305 legimus
885 2238 1117 2288 iurata
1155 2253 1290 2289 sum
1327 2239 1577 2304 perfeeto
1604 2238 1818 2288 finitiuo
1853 2238 2077 2288 dietum.
2154 2240 2425 2289 quenis
2463 2244 2562 2289 est
2599 2239 2709 2302 qui

419 2308 748 2370 consulit,
803 2306 1123 2356 meretrix
1174 2306 1564 2404 respondet.
1625 2320 1753 2356 non
1809 2321 1941 2355 sum
1996 2308 2249 2370 iurata,
2307 2322 2402 2370 pro
2461 2322 2525 2355 eo
2573 2321 2706 2356 sane

419 2375 561 2455 quod
586 2379 695 2425 est.
734 2345 966 2423 iurasti?
1002 2389 1111 2422 non
1137 2374 1358 2423 iuraui)
1498 2373 1595 2422 XV
1634 2375 1845 2424 Nonius
1869 2376 1983 2431 352,
2014 2376 2119 2424 19²
2125 2390 2396 2424 numero
2426 2373 2709 2438 signifieat

420 2442 546 2492 cito.
609 2443 809 2492 Accius
834 2442 1113 2492 Oenomao
1142 2438 1265 2505 [vl]
1295 2441 1565 2504 Antigono
1592 2438 1718 2505 [Vl]
1747 2440 2025 2505 Turpilius
2046 2443 2353 2492 Demetrio:
2392 2445 2706 2505 numquam'

419 2526 465 2563 e.
506 2524 555 2574 q.
594 2524 636 2564 s.
774 2508 903 2559 XVI
939 2508 1147 2559 Nonius
1182 2510 1301 2570 408,
1338 2511 1402 2558 26
1441 2512 1750 2573 ‘tangere
1790 2510 1956 2559 etiam
1994 2509 2412 2562 circumuenire.
2420 2513 2436 2540 ’
2553 2509 2708 2559 XVII

417 2579 623 2627 Festus
661 2594 711 2642 p.
750 2580 846 2627 351
885 2577 958 2626 Μ.
998 2581 1329 2642 ‘tappete’
1367 2576 1465 2641 (cf.
1505 2577 1846 2627 Ritschelius
1885 2592 2070 2642 opusc.
2110 2577 2163 2626 11
2200 2577 2321 2641 527)
2371 2583 2455 2626 ‘ex
2494 2578 2708 2628 Graeco

420 2645 676 2710 sumfpeit
713 2678 1195 2698 ..........
1236 2649 1327 2694 tae
1363 2644 1577 2694 Ennius
1616 2660 1736 2693 curn
1785 2646 1867 2694 ait
1903 2650 1926 2693 t
1962 2681 2705 2697 ...............

426 2747 698 2765 ......
745 2713 879 2761 lius
917 2713 981 2760 in
1019 2712 1362 2762 Demetrio
1401 2711 1460 2761 le
1499 2749 1510 2760 .
1552 2750 1564 2761 .
1608 2750 1619 2761 .
1662 2749 1674 2762 .
1711 2747 1724 2760 .
1763 2753 1774 2764 .
1814 2748 1827 2761 .
1866 2752 1874 2761 .
1915 2748 1927 2761 .
1967 2748 1979 2761 .
2020 2752 2033 2763 .
2076 2749 2087 2761 .
2129 2748 2141 2762 .
2179 2717 2442 2763 ueterem.
2480 2713 2561 2761 eie
2586 2716 2707 2775 tap-

417 2784 514 2844 pet
551 2817 563 2830 .
604 2819 615 2830 .
659 2817 670 2829 .
710 2822 721 2833 .
750 2805 775 2829 ·.
816 2817 827 2828 .
868 2783 905 2831 .’
979 2780 1136 2840 Quae
1175 2794 1294 2828 eum
1334 2781 1397 2828 0.
1425 2778 1724 2829 Muellerus
1749 2796 1778 2830 e
1805 2780 1982 2830 Nonio
2020 2778 2170 2843 (uide
2210 2780 2279 2829 ad
2318 2782 2422 2832 ino.
2463 2780 2574 2834 fab.
2602 2778 2706 2843 111)

417 2848 475 2896 in
511 2847 657 2897 hune
695 2846 909 2897 modum
938 2852 994 2895 et
1030 2846 1396 2911 suppleuisset
1419 2851 1473 2896 et
1512 2847 1863 2896 correxisset:
1901 2852 2101 2896 ‘strata
2138 2852 2322 2912 tapete
2349 2849 2560 2897 Ennius
2587 2863 2705 2896 cum

418 2916 521 2976 ait,
555 2919 746 2980 tapete
783 2913 1035 2977 glabrum
1071 2914 1208 2963 dixit
1248 2914 1533 2979 Turpilius
1580 2914 1635 2963 in
1672 2915 1970 2964 Demetrio.
2046 2916 2314 2965 Laeuius:
2355 2952 2367 2964 .
2408 2953 2419 2964 .
2460 2920 2705 2980 tapetem

415 2987 704 3045 ueterem’,
753 2980 1091 3031 Grautoffius
1128 2997 1178 3045 p.
1214 2982 1245 3030 8
1290 2986 1442 3031 recte
1482 2982 1691 3031 monuit
1737 2982 1902 3030 Ennii
1948 2983 2132 3045 potius
2177 2982 2355 3032 locum
2400 2981 2704 3047 ponendum

418 3065 543 3100 esse
589 3054 714 3114 post
758 3049 884 3097 ‘’ait
922 3048 1200 3107 noemam,
1248 3047 1574 3112 Turpiliano.
1610 3054 1795 3098 autem
1842 3055 1967 3113 poet
2011 3051 2280 3099 Demetrii
2315 3065 2524 3100 nomen.
2599 3049 2706 3100 Sed

417 3116 544 3167 ‘duo
591 3117 811 3167 diuersa
856 3115 1191 3180 fragmenta’
1240 3131 1359 3166 esse
1410 3116 1512 3166 hoe
1556 3122 1610 3165 et
1655 3118 1763 3169 inc.
1811 3117 1923 3170 fab
1971 3117 2080 3180 111,
2130 3118 2186 3167 id
2232 3118 2452 3181 quidem
2487 3117 2705 3166 demon-

417 3185 584 3234 strari
622 3200 690 3234 ne
732 3185 830 3233 uit.

550 3202 893 3301 Dnmqvmvs
976 3251 1059 3300 Ex
1106 3250 1391 3300 Menandri
1438 3250 1628 3300 fabula
1673 3253 1997 3332 cognomine
2053 3252 2330 3332 quadrant
2382 3253 2522 3300 haee
2569 3248 2705 3326 (11):

419 3310 701 3383 μακάριος
728 3334 884 3376 οστις
912 3311 1233 3369 οὐσίανκαὶ
1270 3317 1412 3369 νοῦν
1450 3313 1595 3384 ἔχει·
1638 3316 1861 3385 Χρῆται
1897 3314 2006 3385 γὰρ
2043 3306 2208 3378 οὗτος
2236 3311 2381 3377 tls-‘⁸
2342 3337 2377 3368 α
2418 3318 2516 3370 δεῖ
2529 3312 2709 3384 ταύτῃ

412 3514 479 3567 p.
510 3494 633 3551 497
806 3486 987 3574 careo]
1035 3495 1195 3551 doleo
1228 3497 1426 3552 Bamb.
1457 3515 1517 3567 p.
1552 3495 1696 3568 466,
1730 3516 1837 3553 om.
1869 3499 2011 3552 idem
2039 3514 2097 3568 p.
2135 3496 2255 3553 497
2430 3494 2508 3550 34
2543 3512 2706 3568 quom

416 3581 480 3636 L.
530 3579 750 3635 Miiller
806 3583 1023 3636 annall.
1078 3582 1295 3651 philoll.
1347 3579 1508 3637 1868
1562 3599 1621 3652 p.
1669 3581 1792 3637 426
1850 3597 2006 3653 quam
2062 3581 2198 3636 libri
2251 3578 2396 3653 quod
2444 3579 2709 3652 Scaliger

418 3665 628 3734 Castiy.
677 3665 756 3720 ad
781 3665 939 3719 Fest.
972 3681 1031 3735 p.
1069 3665 1267 3720 CXVI
1436 3664 1576 3720 sacto
1610 3664 1786 3721 Harl.
1837 3664 1949 3719 sato
1996 3668 2181 3720 ceteri
2219 3666 2358 3719 libri
2526 3663 2604 3720 35
2638 3665 2708 3718 mi

416 3749 661 3804 Bothius
705 3748 831 3803 mihi
877 3750 1012 3804 libri
1181 3751 1301 3808 irat.
1349 3749 1391 3819 (t
1437 3753 1495 3804 in
1540 3750 1685 3820 ras.)
1732 3750 1933 3804 Bamb.
2111 3749 2188 3805 36
2234 3748 2521 3803 amantium
2567 3746 2706 3802 Car·

416 3836 503 3888 rio
549 3833 790 3888 Emend.
838 3833 908 3888 II
954 3833 1067 3903 16,
1130 3834 1461 3890 Gulielmius
1516 3836 1595 3888 ad
1637 3835 1805 3890 Cure.
1868 3851 1917 3888 c.
1967 3832 2006 3887 4
2064 3835 2258 3888 amanti
2308 3833 2446 3888 libri
2625 3832 2703 3887 37

414 3934 550 3990 ergo
594 3918 733 3972 libri
769 3919 1035 3990 plerique
1096 3925 1155 3972 ul
1201 3920 1360 3988 apud
1401 3917 1668 3973 Plautum
1718 3919 1879 3989 Capi.
1933 3918 2090 3974 1017
2150 3919 2315 3974 Pers.
2365 3915 2444 3970 24
2499 3923 2553 3971 el
2604 3917 2703 3971 Te-

414 4005 660 4056 rentium
716 4002 943 4072 adelph.
1007 4001 1126 4057 959
1190 4018 1294 4074 ego
1372 4003 1548 4058 Valic.
1612 4002 1810 4073 2916,
1867 4003 2165 4058 Acidalius
2219 4007 2275 4057 in
2335 4002 2505 4057 Cure.
2568 4020 2619 4057 c.
2667 4001 2703 4056 5

414 4085 575 4140 domo
634 4085 926 4156 Berqlcius
980 4089 1201 4141 annall.
1254 4087 1479 4155 philoll.
1542 4085 1706 4143 1870
1754 4104 1816 4157 p.
1879 4086 2034 4156 834,
2092 4103 2227 4159 ergo
2282 4101 2361 4141 ex
2418 4085 2704 4158 Demiurgo

411 4185 728 4241 perperam
773 4174 1103 4241 repetitum,
1153 4170 1314 4225 domo
1372 4178 1561 4226 autem
1615 4178 1863 4242 propter
1908 4173 2096 4239 modO,
2157 4172 2310 4242 quod
2348 4172 2523 4240 paulo
2569 4178 2705 4224 ante

413 4257 670 4326 leqalur,
718 4257 983 4311 omissum
1026 4269 1151 4318 esse
1197 4258 1517 4317 coniciens,·
1562 4257 1667 4310 sed
1709 4255 1869 4310 modo
1916 4258 2071 4310 istud
2111 4271 2294 4326 supra
2341 4258 2397 4308 in
2441 4256 2706 4311 lemmate

415 4346 582 4396 extat
612 4346 747 4393 ante
792 4343 1041 4411 quinque
1087 4341 1391 4410 exempla!
1562 4339 1757 4394 mulier
1800 4356 1935 4412 quae
1982 4339 2350 4411 Graulofftus
