3400 5075
1257 88 1642 141 CAECILIVS
1681 88 1982 142 STATIVS
2677 91 2760 154 57

1371 244 1498 309 VH
1547 244 1738 329 (Ven.
1793 245 1858 331 1)

642 357 872 423 Cred6:
921 361 1116 424 nimis
1164 363 1384 424 tamen
1431 361 1589 425 hdee
1636 362 1712 425 fit
1759 361 2112 427 uernssiter.

1333 474 1495 539 VIII
1545 475 1772 559 (Foen.
1823 475 1890 561 1)

641 590 839 654 leat
885 592 1225 675 exanguia,
1272 590 1463 655 simul
1512 591 1802 675 anhelat,
1850 593 2438 677 peniculamentlim
2487 599 2666 660 tenet

647 705 1054 770 Palliolatim.

1366 795 1461 860 IX
1510 796 1734 880 (Foen.
1785 796 1854 882 2)

647 909 894 974 Peluim
941 910 1069 974 sibi
1112 912 1407 994 poposcit
1498 964 2152 976 .......

1298 1025 1924 1092 PAVSIMACHVS

1519 1142 1551 1205 I
1600 1139 1699 1225 (3)

476 1257 600 1319 135
647 1256 893 1340 Edepdl
943 1258 1247 1321 uoluntas
1294 1256 1540 1320 h6mini
1588 1260 1883 1321 rarenter
1927 1259 2123 1321 ueniss.

1498 1371 1564 1435 II
1610 1370 1710 1457 (1)

1737 1488 1943 1553 h'bera
1994 1511 2198 1553 essem
2247 1491 2374 1553 iam
2423 1490 2557 1573 diu,

460 1681 553 1731 uel
604 1682 888 1745 quaestuis
935 1682 1139 1731 dictum
1186 1698 1283 1747 pro
1333 1687 1673 1746 quaestus..
1711 1722 1721 1732 .
1755 1720 1764 1731 .
1805 1681 2089 1734 Caecilius
2126 1685 2502 1734 venatore:
2557 1688 2762 1736 satine’

463 1767 510 1800 e.
549 1763 598 1812 q.
639 1765 683 1798 s.
724 1746 1170 1812 (Feneratore
1216 1749 1569 1815 Spengelius)
1708 1751 1811 1801 VII
1848 1752 2056 1802 Nonius
2101 1755 2194 1814 42,
2242 1756 2307 1804 28
2355 1752 2764 1803 ‘uei-uiliter

462 1833 559 1881 pro
598 1816 935 1878 adulatorie;
975 1833 1005 1867 a
1040 1818 1246 1878 uernis,
1285 1819 1485 1882 quibus
1520 1817 1658 1868 haec
1685 1817 1913 1868 uiuendi
1941 1835 2032 1869 ars
2067 1825 2168 1869 est.
2241 1819 2513 1870 Caecilius
2538 1821 2760 1870 Vena-

463 1884 634 1935 tori:
672 1884 857 1935 credo‘
897 1902 943 1933 e.
984 1900 1034 1948 q.
1073 1900 1120 1936 s.
1161 1884 1608 1948 (Feneratore
1657 1883 2013 1951 Spengelius)
2155 1888 2283 1937 vl11
2320 1888 2532 1938 Nonius
2571 1890 2692 1950 150,
2736 1892 2753 1937 1

462 1952 1109 2016 ‘peniculamentum
1136 1968 1169 2001 a
1193 1953 1477 2003 ueteribus
1514 1968 1642 2017 pars
1677 1954 1857 2003 uestis
1884 1954 2090 2005 dicitur
2114 1991 2127 2003 .
2158 1993 2168 2004 .
2200 1993 2212 2006 .
2241 1953 2518 2005 Caecilius
2554 1957 2762 2005 Fene-

462 2023 721 2070 ratore:
761 2019 936 2070 uolat’
976 2035 1024 2071 e.
1065 2035 1114 2084 q.
1154 2035 1195 2069 s.
1335 2020 1411 2069 IX
1451 2020 1655 2070 Nonius
1692 2022 1811 2085 543,
1851 2022 1916 2072 28
1953 2022 2231 2087 ‘peluis‚
2277 2026 2434 2072 sinus
2479 2025 2763 2088 aquarius,

461 2090 515 2137 in
555 2103 660 2153 quo
696 2088 857 2138 uaria
896 2087 1246 2152 perluuntur,
1291 2088 1434 2138 unde
1475 2089 1526 2139 ei
1566 2103 1759 2138 nomen
1795 2094 1878 2138 est
1908 2126 1919 2137 .
1947 2125 1959 2139 .
1987 2127 1998 2137 .
2037 2089 2318 2141 Caecilius
2364 2090 2422 2138 in
2459 2090 2762 2141 Fenera-

460 2161 634 2205 tore=
711 2192 723 2205 .
765 2171 805 2210 s.
845 2159 922 2220 p.’

596 2172 997 2273 Psi'rsmicnvs
1046 2221 1443 2286 (Pavsuucvs)
1525 2223 1868 2273 Geuerosam
1915 2226 2284 2286 meretricem,
2342 2224 2518 2288 qualis
2566 2230 2652 2274 est
2706 2226 2760 2274 in

459 2290 711 2341 Terentii
734 2291 939 2356 hecyra
966 2291 1230 2352 Bacchis,
1269 2291 1451 2357 prodit
1492 2291 1559 2339 fr.
1586 2291 1668 2352 113
1711 2295 1768 2341 et
1805 2292 1873 2341 ob
1911 2292 2143 2342 similem
2179 2307 2403 2342 oausam
2442 2298 2608 2356 atque
2646 2292 2762 2343 illic

460 2360 560 2409 746
607 2373 688 2423 sq.
750 2358 969 2409 Laches
1017 2363 1177 2422 pater
1224 2374 1343 2408 cum
1391 2374 1459 2408 ea
1516 2359 1764 2423 loquitur
1806 2359 1871 2408 fr.
1929 2361 2020 2410 1v.
2231 2361 2258 2410 1
2295 2360 2503 2409 Nonius
2541 2362 2657 2420 515,
2697 2364 2764 2411 24

460 2431 841 2478 ‘rai-enter)
1004 2426 1058 2475 11
1103 2425 1313 2476 Nonius
1365 2428 1489 2487 127,
1542 2428 1603 2476 15
1650 2426 1942 2476 ‘iamdiu
1987 2443 2084 2492 pro
2133 2427 2263 2476 olim
2302 2467 2312 2479 .
2346 2468 2357 2478 .
2387 2465 2397 2476 .
2428 2465 2439 2475 .
2479 2426 2762 2478 Caecilius

459 2494 924 2545 nausimach0:
973 2493 1173 2545 libera’
1224 2510 1269 2548 e.
1319 2511 1368 2560 q.
1414 2509 1458 2544 s.
1540 2493 2044 2557 (nausimacho‚
2102 2509 2371 2559 suprascr.
2421 2498 2557 2561 epi,
2607 2496 2763 2551 Leid-

461 2562 1024 2627 epinausimacho
1052 2564 1154 2624 W„
1195 2578 1321 2612 mss.
1350 2563 1581 2612 Merceri
1620 2564 2139 2626 epinausimaco
2166 2563 2358 2614 Urbin.
2386 2566 2483 2613 307
2523 2565 2762 2615 Pausi-

466 2742 670 2798 Bamb.
720 2742 875 2796 Leid.
930 2741 1045 2796 116
1107 2743 1315 2814 quaesti
1372 2743 1543 2796 semel
1591 2745 1775 2796 celeri
1814 2743 1978 2810 libri,
2036 2746 2092 2797 in
2138 2743 2344 2813 quibus
2389 2746 2490 2814 qui
2532 2747 2762 2815 acquie-

460 2841 625 2882 scere
671 2829 906 2887 malunt.
957 2830 1039 2881 eis
1069 2827 1157 2898 egi
1190 2827 1542 2882 seruandam
1576 2833 1629 2880 et
1660 2829 1935 2881 senarius
1965 2843 2092 2881 cum
2141 2826 2346 2882 Bothio
2392 2828 2765 2884 dimetiendas

459 2919 562 2966 est.
718 2911 1014 2966 Incertum
1065 2916 1251 2967 ulrum
1296 2910 1444 2965 haec
1491 2911 1611 2981 quia
1657 2917 1785 2963 sunt
1831 2910 2023 2965 aemuli
2071 2913 2212 2966 idem
2261 2914 2360 2983 qui
2403 2913 2562 2966 modo
2607 2913 2765 2966 dicat

460 3012 538 3050 an
579 2999 747 3065 prior
918 3004 1045 3049 sunt
1093 2993 1285 3048 aemuli
1332 2996 1539 3049 Aldina
1598 2994 1868 3049 sunemuli
1921 2995 2056 3050 libri
2233 2995 2346 3050 131
2401 2994 2612 3049 tandein
2662 2996 2764 3050 hoc

460 3079 518 3134 Γιῑ
562 3079 655 3151 (sit
709 3079 903 3135 Urbin.
956 3077 1099 3148 307)
1143 3079 1309 3147 libri,
1358 3083 1604 3134 correxi
1644 3077 1857 3134 tandem
1904 3078 2069 3133 hocce
2117 3077 2176 3133 fit
2228 3078 2466 3134 Bolhius
2502 3080 2531 3133 1
2584 3088 2761 3134 tamen

457 3166 597 3219 istuc
643 3161 702 3217 fit
747 3165 889 3218 idem
923 3161 960 3216 2
1009 3161 1218 3217 tandem
1267 3163 1369 3219 boc
1414 3160 1507 3217 liet
1555 3160 1667 3232 (uel
1721 3162 1841 3232 suit)
1890 3161 2249 3235 Speuqelias.
2355 3162 2761 3235 Septenarium

459 3251 586 3303 olim
632 3249 704 3303 ab
748 3251 905 3304 initio
952 3249 1205 3303 mutilum
1251 3247 1629 3304 exhibueram
1677 3249 1847 3302 talem
1897 3288 1908 3300 .
1946 3287 1957 3297 .
1993 3287 2004 3300 .
2044 3287 2057 3300 .
2103 3246 2292 3302 credo:
2343 3247 2499 3303 nimis
2550 3247 2760 3303 landem

458 3333 561 3387 hoc
604 3331 821 3404 quidem
877 3331 935 3386 fit
983 3348 1034 3385 u.
1215 3330 1330 3387 132
1378 3332 1664 3404 exsanguis
1726 3332 1967 3386 Bolbius
2023 3331 2248 3403 sanguis
2304 3332 2440 3385 libri
2613 3340 2761 3386 tenet

459 3415 768 3489 palliolatiui
815 3420 1030 3487 scripsi
1072 3423 1126 3470 et
1160 3415 1321 3489 pallio
1353 3415 1511 3470 datur
1538 3417 1677 3471 libri
1705 3426 1759 3470 et
1803 3413 2110 3488 palliolatur
2138 3415 2344 3471 Iunius
2519 3415 2766 3472 Iambici

456 3504 775 3571 septenarii
816 3501 1136 3556 huiusmodi
1177 3519 1230 3556 u.
1265 3516 1338 3571 e.‚
1384 3517 1429 3554 8.
1476 3499 1722 3569 anhelat,
1769 3497 2261 3554 l’euiculamentum
2309 3516 2338 3554 e
2386 3498 2553 3573 pallio
2601 3499 2762 3555 ‹latiu-

461 3585 820 3640 Buechelero
861 3585 1051 3656 faisse
1098 3587 1401 3654 uidentur,
1446 3586 1685 3655 palliam
1733 3592 1925 3640 aulem
1969 3586 2086 3640 (lici
2130 3587 2185 3639 in
2228 3586 2764 3655 peniculamenlum

457 3685 582 3725 esse
627 3677 933 3739 mutatum,
980 3672 1116 3742 quia
1163 3672 1242 3725 ad
1283 3659 1588 3744 uirumque
1642 3671 1846 3740 pedem
1891 3670 2216 3746 dependeat
2396 3667 2513 3723 134
2560 3667 2763 3740 peluim

455 3755 682 3808 dubium
742 3762 932 3810 ulrum
990 3761 1108 3810 tres
1153 3755 1411 3827 syllabas
1456 3760 1516 3810 ul
1574 3756 1632 3808 in
1680 3754 1918 3812 Laberii
1963 3780 2019 3820 u.
2070 3753 2149 3812 94
2197 3771 2273 3808 an
2319 3754 2468 3807 duas
2527 3760 2735 3823 aequet
2749 3777 2764 3812 ;

454 3839 813 3910 trisyllabum
861 3842 1029 3894 eliam
1073 3842 1131 3894 in
1178 3842 1339 3895 exilu
1384 3841 1709 3908 septenarii
1751 3843 2046 3916 trochaici
2092 3841 2227 3917 poni
2272 3840 2485 3908 polum
2532 3837 2768 3906 bisylla—

455 3923 582 3977 bam
640 3925 768 3978 olim
816 3931 952 3993 post
1001 3928 1249 3995 primam
1318 3924 1651 3979 trochaeum
1714 3935 1913 3995 posui,
2029 3933 2290 3998 Celerum
2346 3920 2427 3990 cf.
2491 3917 2776 3989 Berykius

456 4009 685 4062 (cancell.
724 4008 949 4077 pbiloll.
1004 4007 1166 4064 1870
1218 4025 1277 4077 p.
1328 4007 1445 4063 831
1628 4006 1746 4062 135
1797 4021 1944 4101 nolu
2055 4045 2086 4090 S
2151 4005 2459 4068 palmerius
2519 4001 2780 4071 Spiciley.

457 4108 557 4162 ap.
611 4091 777 4147 Grut.
828 4092 925 4147 IV
969 4091 1088 4148 769
1263 4085 1493 4165 homini]
1541 4089 1666 4146 boni
1716 4091 1908 4182 Ραιαι
1949 4054 2055 4138 ma
2138 4095 2258 4166 γεμί)
2295 4088 2455 4145 libem
2501 4083 2696 4139 Iunius
2736 4088 2829 4176 in·

1821 4261 1894 4292 χ
