3400 5075
721 337 842 398 142
1709 341 2031 392 'mmmvs

1706 495 1831 561 XV
1914 499 1994 562 10

895 610 1012 674 Sin
1060 612 1270 675 forma
1299 612 1446 676 odio
1498 609 1718 698 [mino]
1771 495 1940 696 suni,
1988 495 2249 676 gaudem
2279 617 2353 677 ut
2392 614 2680 679 moribus
2727 617 3013 700 plaoezim

2320 752 2479 794 u1r0.

1685 814 1844 880 XVI
1926 818 2005 881 12

893 929 995 993 Eu
1060 931 1338 1016 ecfistor,
1403 932 1457 995 si
1522 929 1665 996 sitis
1731 816 2035 1028 morgtae)
2086 933 2313 997 ambae
2378 932 2526 998 sbus
2592 958 2709 1019 pro
2768 941 2840 1001 ut
2895 959 3014 1022 ego

2316 1050 2623 1113 moribuS.

1581 1161 2141 1228 HORTENSIVS

761 1279 848 1341 60
1734 1275 1805 1342 1'11
1852 1279 1996 1342 foro
2044 1283 2158 1342 aut
2204 1280 2273 1342 in
2321 1280 2496 1343 curia

888 1391 1118 1456 P6sita
1159 1394 1376 1477 potius
1425 1395 1619 1478 quzim
1667 1415 1814 1456 rure
1862 1393 2031 1477 apud
2078 1398 2144 1456 te
2191 1394 2260 1457 in
2308 1395 2525 1459 clauso
2577 1446 2840 1460 .....

1570 1506 2141 1573 IVRISPERITA

1846 1623 1879 1687 I

889 1737 1347 1824 Numquamne
1394 1739 1553 1803 mihi
1600 1740 1819 1804 licebit
1865 1740 2056 1804 hodie
2104 1738 2361 1805 dicere?

708 1933 786 1984 lx
825 1932 1126 1998 laudatus).
1267 1935 1364 1983 XV
1400 1934 1613 1983 Nonius
1647 1935 1768 1996 406,
1811 1937 1834 1984 1
1876 1935 2172 1986 ‘tandem
2210 1937 2490 2000 significat
2528 1943 2584 1987 et
2619 1942 2848 1988 tamen!

706 2000 834 2051 XVI
882 2001 1094 2051 Nonius
1137 2003 1270 2063 486,
1319 2004 1380 2052 15
1427 2003 1610 2051 ‘ibus
1663 2019 1762 2067 pro
1808 2002 1894 2053 his
1938 2004 2195 2053 Latinum
2248 2011 2411 2070 putat
2466 2005 2829 2067 consuetudo,
2885 2021 3003 2055 cum

705 2072 955 2118 ueterum
1004 2071 1340 2119 auctoritate
1386 2069 1674 2134 plurimum
1719 2070 1928 2120 ualeat.
2010 2068 2252 2122 Titinius
2298 2071 2558 2123 Gemina:
2616 2089 2685 2122 eu
2733 2077 3004 2123 aecastor’

706 2152 754 2185 e.
795 2152 845 2200 q.
884 2154 925 2190 s.
998 2136 1257 2186 ‘Plautus
1286 2175 1298 2186 .
1330 2175 1344 2189 .
1376 2178 1387 2189 .
1414 2137 1541 2187 ibus
1577 2138 1928 2189 denumerem
1967 2139 2343 2204 stipendium)
2381 2141 3005 2204 (gemineaecaetor

704 2204 919 2265 Bamb.)
991 2205 1146 2254 Haeo
1182 2221 1216 2254 a
1260 2205 1379 2254 uiro
1426 2207 1773 2269 pronuntiari
1823 2222 1930 2256 non
1974 2209 2219 2271 potuisse
2269 2208 2431 2258 docet
2470 2211 2642 2259 Varro
2692 2208 2839 2273 apud
2876 2207 3003 2258 Gel-

705 2270 840 2320 lium
878 2271 957 2322 XI
995 2273 1025 2321 6

838 2339 1203 2389 Hou'rnnsnrs
1276 2338 1559 2390 Charisius
1587 2340 1610 2389 1
1638 2357 1689 2406 p.
1720 2343 1817 2391 115
1842 2341 1906 2390 Ρ.
1946 2346 2040 2391 ‘ru
2054 2359 2116 2392 re
2143 2344 2441 2393 Terentius
2466 2345 2721 2408 itaque...
2745 2349 2802 2394 et
2827 2346 3001 2410 V‚arro

706 2443 753 2455 ..
784 2445 798 2459 .
826 2423 983 2472 quem
1021 2408 1241 2457 Plinius
1278 2407 1347 2457 ad
1384 2407 1615 2457 eundem
1653 2409 1939 2460 undecimo
1975 2426 2098 2461 rure
2136 2410 2447 2462 ordinatum
2474 2413 2755 2463 arbustum
2793 2411 3000 2462 dixisse

704 2475 909 2524 laudat.
959 2475 1064 2524 Sed
1091 2482 1148 2525 et
1172 2475 1493 2526 Terentium
1523 2512 1535 2526 .
1558 2511 1573 2525 .
1595 2514 1607 2527 .
1635 2477 1727 2526 sed
1755 2484 1810 2526 et
1836 2478 2103 2528 Titinium
2130 2481 2185 2527 in
2213 2480 2538 2529 Hortensio:
2566 2481 2622 2529 in
2648 2481 2789 2530 foro’
2813 2496 2860 2529 e.
2884 2495 2933 2544 q.
2953 2495 2995 2530 S.

839 2546 1116 2603 ΙΝενΒΒΛ,
1155 2559 1319 2608 quam
1357 2543 1483 2594 olim
1521 2545 1858 2595 Mommseno
1884 2553 2112 2596 auctore
2150 2548 2563 2598 Vlubranam
2601 2548 2999 2613 perhibueram,

705 2618 954 2660 extrema
981 2613 1036 2660 in
1074 2612 1387 2661 fabularum
1415 2613 1605 2663 ordine
1632 2613 1831 2663 relicta
1857 2618 1966 2676 est,
2006 2630 2074 2665 ne
2101 2630 2353 2665 uersuum
2378 2631 2636 2666 numerus
2661 2618 2996 2668 turbaretur.

835 2675 1198 2729 Ivmspnmm
1303 2681 1328 2729 1
1376 2679 1556 2730 Schol.
1607 2681 1807 2730 Veron.
1856 2683 1911 2731 in
1962 2685 2125 2747 Verg.
2170 2684 2304 2735 Aen.
2352 2683 2405 2733 11
2451 2685 2551 2734 670
2612 2688 2996 2748 ‘numquam

701 2762 887 2797 omnes
934 2746 1150 2797 hodie.
1231 2746 1326 2797 Sic
1371 2748 1428 2797 in
1476 2747 1756 2799 Bucolicis
1786 2786 1797 2799 .
1835 2786 1847 2800 .
1890 2786 1902 2799 .
1940 2750 2173 2800 Plautus
2229 2751 2284 2800 in
2331 2750 2556 2802 Colace.
2651 2752 2894 2801 Titinius
2942 2752 2997 2800 iu

705 2814 1058 2879 Iurisperita:
1107 2818 1494 2879 numquamne’
1535 2831 1583 2869 e.
1622 2831 1671 2880 q.
1710 2831 1756 2866 s.

868 2992 948 3050 58
993 2994 1076 3048 sin
1122 2993 1294 3049 forma
1339 2994 1463 3050 odio
1498 3012 1641 3050 nuno
1679 3012 1799 3051 snm
1841 3000 2053 3067 scripsi
2090 2998 2173 3053 sin
2221 2996 2363 3052 foma
2407 2997 2532 3054 odio
2578 3015 2695 3053 sum
2740 3000 2892 3071 libri,
2937 3003 2995 3056 in

698 3079 904 3150 quibus
948 3077 1118 3133 forma
1164 3084 1427 3135 correxit
1471 3080 1699 3151 Lipsius
1743 3089 1861 3136 ant.
1908 3083 2040 3137 lect.
2090 3082 2121 3137 1
2167 3081 2223 3138 2.
2297 3082 2413 3138 sine
2459 3082 2629 3138 forma
2673 3082 2791 3154 (uel
2836 3084 2995 3155 sama)

696 3162 884 3220 odiosa
928 3162 1030 3218 sim
1075 3164 1138 3218 L.
1176 3163 1425 3221 Mueller
1469 3167 1688 3222 annali.
1731 3166 1951 3237 philoll.
2006 3165 2165 3223 1868
2206 3184 2267 3238 p.
2315 3165 2439 3223 432
2487 3166 2604 3223 sine
2652 3168 2823 3222 forma
2868 3168 2994 3223 odio

693 3249 794 3305 sim
839 3248 956 3303 aliis
1006 3248 1434 3306 CFWMueller
1474 3252 1709 3320 prosod.
1757 3251 1947 3307 Plaut.
2000 3250 2142 3307 723.
2243 3252 2519 3307 Nolebam
2566 3256 2995 3323 transponendo

694 3336 938 3405 explere
981 3347 1243 3390 uersum.-
1287 3332 1369 3389 sin
1417 3333 1542 3390 odio
1574 3351 1692 3389 sum
1740 3332 1928 3390 forma.
2023 3329 2342 3411 [Iynorans
2374 3335 2688 3393 Muelleros
2731 3345 2793 3393 ul
2836 3340 2992 3393 uide-

693 3425 791 3473 tur
845 3419 1137 3491 Berqlcius
1195 3421 1414 3479 annali,
1469 3420 1691 3490 philoll.
1755 3419 1918 3476 1870
1967 3437 2027 3491 p.
2074 3420 2196 3478 829
2255 3420 2401 3492 sine,
2460 3421 2630 3477 forma
2687 3421 2812 3477 odio
2868 3425 2992 3494 sim,

695 3501 908 3558 tandem
955 3519 1075 3558 meo
1123 3510 1184 3558 ut
1229 3520 1296 3559 m.
1344 3521 1396 3577 p.
1444 3521 1498 3558 u.
1539 3508 1847 3576 proposuit
1892 3519 1964 3560 ne
2009 3509 2264 3561 numeris
2320 3504 2547 3578 quidem
2585 3502 2817 3583 probis]

691 3586 769 3643 59
805 3603 871 3643 ou
907 3596 1153 3643 aecastor
1181 3589 1319 3645 libri
1341 3591 1607 3661 plerique
1648 3596 1899 3657 aecastor
1941 3588 2019 3661 (u.
2052 3588 2258 3661 supra)
2292 3590 2497 3646 Bamb.
2545 3591 2626 3663 cf.
2665 3590 2992 3649 Muellerus

685 3675 920 3743 prosod.
976 3672 1172 3728 Plaul.
1236 3672 1376 3729 723.
1465 3674 1708 3729 Poterat
1763 3676 1933 3729 etiam
1999 3676 2249 3748 disiunyi
2299 3691 2367 3730 eu
2408 3672 2416 3746 Ι
2455 3676 2671 3731 ecastor
2869 3678 2988 3753 sitis

691 3765 927 3813 moratae
971 3774 1128 3813 nunc
1159 3761 1391 3830 scripsi.
1482 3766 1718 3813 moratae
1749 3758 1866 3814 sitis
1896 3760 2032 3815 libri
2202 3758 2308 3814 ibu'
2354 3776 2456 3833 pro
2490 3759 2548 3815 ut
2593 3776 2699 3833 ego
2746 3760 2987 3816 moribus

689 3842 1099 3898 Lachmannus
1128 3845 1184 3897 in
1218 3843 1392 3898 Lucr.
1426 3840 1579 3912 262,
1629 3850 1816 3899 tamen
1854 3850 1916 3899 ul
1947 3842 2067 3899 ibus
2105 3861 2222 3915 pro
2259 3846 2563 3915 pyrrichio
2607 3846 2983 3915 dimetirelur,

690 3929 749 3982 in
795 3943 906 4000 quo
950 3930 1148 3983 merito
1195 3931 1250 3983 ei
1291 3929 1641 3984 aduersatus
1680 3935 1766 3984 est
1798 3928 2138 4002 Spenyelius
2182 3930 2261 3985 ad
2286 3928 2484 3985 Plauti
2516 3929 2689 3985 Truc.
2722 3930 2761 3985 I
2801 3930 2860 4001 2,
2910 3929 2986 3985 14

688 4010 807 4066 ibus
856 4019 915 4065 ut
959 4028 1060 4085 pro
1092 4028 1197 4085 ego
1246 4011 1515 4067 maoribus
1561 4010 1855 4083 (inauribus
1888 4013 2116 4085 Bamb.)
2158 4014 2295 4070 libri
2335 4013 2453 4069 ibus
2487 4020 2546 4069 ut
2592 4030 2698 4089 ego
2743 4013 2983 4069 moribus

691 4096 1022 4153 Gulielmius
1064 4100 1120 4151 in
1168 4096 1411 4153 Mostell.
1461 4113 1511 4152 c.
1565 4097 1595 4152 1
1645 4095 1765 4152 ibus
1812 4106 1872 4153 ut
1918 4107 2053 4171 pote
2091 4115 2196 4172 ego
2246 4115 2313 4153 m.
2348 4099 2675 4156 Palmerius
2719 4098 2981 4172 Spiciley.

689 4199 784 4253 ap.
834 4181 999 4237 Grul.
1044 4181 1144 4237 IV
1185 4180 1310 4238 780
1353 4180 1593 4236 moribus
1639 4174 1780 4239 'ibus
1827 4190 1991 4256 prout
2035 4200 2139 4258 ego
2187 4184 2563 4240 Hermotimus
2605 4186 2643 4239 l.
2689 4186 2729 4240 l.
2776 4184 2900 4240 270

689 4266 765 4321 61
817 4268 869 4320 in
924 4265 1107 4321 clauso
1163 4267 1377 4337 scripsi
1431 4266 1514 4335 (uc
1575 4267 1738 4341 Very.
1796 4283 1883 4340 qe.
1936 4268 2036 4324 IV
2075 4268 2196 4325 303
2253 4270 2332 4324 sic
2388 4270 2623 4340 positum
2682 4270 2735 4324 in
2795 4268 2981 4343 clauso

688 4348 916 4421 limeum)
962 4351 1015 4404 in
1061 4349 1242 4405 clausa
1287 4353 1406 4407 cod.
1454 4351 1658 4406 inclusa
1706 4354 1792 4406 ed.
1838 4369 1933 4424 pr.
