3400 5075
1347 295 1358 301 ⁴
1418 339 1481 388 1..
1520 339 1885 390 APRAvas
2645 344 2659 357 ·
2684 337 2794 400 181

683 610 829 695 Ego
876 607 1111 674 misera
1159 611 1289 674 risu
1337 611 1739 675 clamdestino
1788 612 2095 696 riimpier,

684 725 964 809 Torpere
1011 728 1243 809 mater,
1290 727 1512 789 zimens
1559 727 1656 790 ira
1702 727 1967 791 feruere.

1508 849 1663 913 XVI
1714 850 1813 934 (1)

683 965 787 1029 Me
835 968 1122 1049 auctore,
1169 969 1401 1049 mater,
1447 966 1819 1031 abstinebis,
1867 966 1895 1037 ss'
1945 965 2099 1052 quid
2148 968 2316 1032 nisi?

1467 1089 1654 1153 XVII
1705 1091 1848 1174 (11)

515 1206 640 1269 130
687 1205 952 1288 Amare,
998 1206 1235 1270 habere
1282 1211 1551 1290 piierum
1599 1206 1963 1290 depositiim
2010 1207 2167 1271 foris

1462 1329 1688 1394 XVIII
1737 1329 1837 1414 (2)

1464 1434 1684 1522 [uento
1734 1433 2119 1522 per]eulszim
2164 1439 2371 1500 ratem

1567 1559 1723 1624 XIX

1356 1664 1443 1752 [di
1491 1670 1554 1729 te
1603 1663 1935 1752 s6spitem]
1987 1670 2247 1731 seruent
2293 1669 2439 1732 tuis,

1413 1796 1869 1863 EXCEPTVS

1540 1914 1572 1977 Ι
1617 1911 1763 2000 (15)

679 2027 989 2094 Meretrix
1036 2051 1182 2094 cum
1229 2034 1407 2094 ueste
1451 2030 1697 2114 longa?
1746 2033 1780 2103 ΚΓ
1824 2029 2165 2115 peregrino
2212 2028 2284 2094 1'11
2329 2030 2473 2095 loco

676 2143 900 2209 Solent
944 2146 1201 2210 tutandi
1247 2150 1441 2210 caiisa
1487 2166 1626 2244 sese
1673 2149 1942 2210 stimere.

498 2339 662 2389 batur
708 2337 1105 2404 succrthilla
1152 2355 1314 2389 uoce
1362 2340 1580 2389 serio)
1664 2339 1955 2404 suppleuit
1997 2338 2229 2389 Vrsinus
2435 2339 2535 2389 XV
2580 2341 2791 2392 Nonius

496 2409 610 2462 382.
648 2409 715 2458 20
757 2411 1116 2472 ‘rumpet-e,
1164 2408 1470 2473 defetigat-e
1510 2444 1565 2460 ..
1598 2443 1610 2456 .
1647 2408 1912 2457 Afranius
1960 2407 2016 2455 in
2065 2405 2323 2471 Epistola
2371 2404 2554 2471 [127].’
2640 2409 2788 2459 Idem

497 2477 613 2534 503,
664 2477 727 2524 14
773 2476 866 2524 ‘ab
913 2491 978 2525 eo
1025 2474 1168 2540 quod
1215 2481 1301 2525 eet
1347 2476 1539 2535 seruit,
1594 2475 1850 2524 breuiato
1906 2479 2136 2523 accentu
2193 2475 2467 2526 feruere
2516 2476 2678 2536 facit,
2732 2486 2794 2526 ut

496 2544 708 2608 spernit
752 2548 1057 2608 spernere)
1264 2543 1392 2595 XVI
1430 2544 1632 2593 Festus
1680 2560 1733 2608 p.
1773 2545 1870 2593 257
1911 2544 1982 2595 M.
2030 2542 2209 2607 ‘quid
2258 2544 2389 2593 nisi
2437 2545 2791 2610 usurpauisee

497 2611 753 2673 antiquos
803 2611 961 2661 testis
1007 2617 1092 2661 est
1129 2611 1391 2662 Afranius
1438 2612 1493 2660 iu
1533 2611 1818 2675 Epistula:
1866 2615 1971 2660 me'
2023 2626 2070 2658 e.
2110 2627 2160 2675 q.
2196 2627 2241 2659 e.
2394 2611 2548 2662 XVII
2588 2612 2792 2663 Nonius

494 2678 614 2741 279,
645 2680 704 2727 12
731 2677 1095 2744 ‘deponere
1124 2686 1210 2729 est
1235 2678 1616 2729 commendare
1643 2715 1656 2728 .
1682 2716 1693 2729 .
1720 2716 1733 2729 .
1760 2676 2022 2727 Afranius
2050 2678 2332 2743 Epistola:
2373 2684 2582 2729 amare’
2610 2696 2723 2746 e.q.
2750 2697 2790 2731 e.

630 2745 814 2795 XVIII
851 2747 1052 2796 Festus
1089 2762 1142 2811 p.
1181 2749 1279 2797 273
1317 2746 1387 2796 Μ.
1427 2752 1636 2796 ‘rates
1672 2744 1969 2811 [uocantur
2016 2747 2172 2811 tigna
2208 2746 2355 2795 inter
2392 2762 2450 2796 se
2488 2747 2789 2812 colligata,]

495 2828 636 2876 quae
675 2829 771 2877 per
796 2829 994 2878 aquam
1023 2829 1056 2862 a
1098 2811 1312 2880 an[tur,
1352 2830 1457 2879 quo
1495 2813 1713 2878 quidem
1754 2810 2044 2877 uocabulo]
2084 2812 2357 2864 interdum
2383 2814 2549 2865 etiam
2589 2813 2792 2880 na[uee

493 2882 649 2945 ipsae
675 2829 1102 2948 significantur&
1175 2881 1439 2931 Afranius
1465 2884 1520 2929 in
1550 2880 1804 2946 Epistula
1830 2917 1979 2934 ......
2001 2879 2188 2944 [uento
2215 2878 2543 2946 pechulsam
2571 2888 2789 2934 ratem.’

494 2947 785 3013 Suppleuit
831 2948 1085 3013 Scaliger
1223 2950 1352 3000 XIX
1389 2950 1590 2999 Festus
1627 2965 1679 3012 p.
1720 2952 1815 2999 301
1856 2949 1927 2998 M.
1981 2946 2270 3013 ‘sos[pes
2308 2949 2585 3014 sig-nificat
2622 2951 2763 3015 apud

494 3031 682 3066 omnes
719 3016 832 3065 sere
872 3015 1146 3080 auc[tores
1184 3017 1413 3066 saluum.
1456 3015 1557 3079 sic]
1597 3016 1860 3065 Afranius
1891 3018 1945 3065 in
1973 3016 2279 3081 Ep[ietola:
2318 3016 2372 3066 di
2412 3023 2464 3066 te
2505 3018 2765 3082 sospitem

501 3080 725 3133 ser'uent
760 3085 917 3134 tuis)
988 3084 1280 3150 Suppleuit
1315 3084 1570 3147 Scaliger

627 3152 920 3201 Excepi-vs
969 3168 1035 3202 ex
1085 3153 1221 3201 mari
1267 3168 1299 3201 a
1348 3152 1624 3217 piscatore
1665 3152 1994 3214 (IV—VIII)
2035 3152 2268 3201 fortasse
2317 3153 2517 3201 amoris
2554 3153 2788 3203 miseriis

494 3218 562 3267 ad
603 3218 887 3268 consilium
934 3224 1159 3269 mortem
1208 3220 1316 3269 eibi
1377 3219 1738 3269 contrahendi
1788 3219 2021 3269 adactus
2078 3220 2274 3271 fuerat.
2364 3221 2560 3269 Potest
2605 3226 2789 3270 autem

493 3287 675 3336 amica
715 3289 832 3336 eius
871 3288 1041 3337 fuisse
1069 3287 1332 3350 Moschis,
1373 3287 1439 3336 de
1478 3302 1586 3352 qua
1614 3286 1823 3349 1—111,
1862 3301 2137 3351 quaeque.
2176 3293 2238 3336 ut
2274 3286 2658 3337 reconciliaret
2695 3289 2788 3339 de·

492 3359 832 3418 sperantem,
873 3355 1034 3417 quasi
1072 3356 1136 3404 de
1173 3360 1384 3405 mortuo
1420 3356 1540 3404 uiro
1578 3355 1870 3404 lamentari
1897 3353 2351 3405 subauscultante
2393 3355 2582 3403 eodem
2620 3358 2786 3405 eimu-

490 3420 696 3471 lauerit
730 3417 1038 3487 (x-x11)„
1194 3423 1219 3472 1
1255 3421 1467 3473 Nonius
1503 3424 1620 3481 541,
1662 3424 1723 3471 10
1760 3421 2180 3471 ‘meretrices
2219 3421 2363 3485 apud
2403 3427 2622 3471 ueteres
2660 3424 2783 3472 sub·

492 3489 760 3539 cinctiore
798 3493 954 3538 ueste
991 3490 1328 3540 utebantur)
1401 3489 1488 3540 Cf.
1527 3489 1812 3540 Vahlenus
1848 3488 1902 3537 in
1945 3488 2206 3538 Varronis
2243 3495 2345 3540 sat.
2384 3490 2524 3539 coni.
2563 3505 2614 3555 p.
2654 3492 2720 3541 64

665 3667 780 3725 127
829 3668 1008 3724 miseri
1055 3656 1155 3723 suh
1201 3667 1537 3724 clandestino
1589 3669 1773 3724 Basil.
1814 3686 1874 3740 p.
1926 3666 2047 3723 382
2096 3667 2230 3721 miso
2276 3666 2610 3723 clandestino
2655 3671 2790 3726 libri

487 3771 546 3824 p.
595 3752 714 3810 503
891 3753 1084 3809 misere
1129 3757 1314 3809 minus
1352 3756 1590 3825 placeat
1764 3753 1938 3825 rumpi
1985 3758 2041 3806 et
2091 3752 2273 3807 Basil.
2312 3770 2375 3823 p.
2409 3752 2531 3809 503
2579 3755 2785 3827 rumpie

492 3840 673 3893 ceteri
711 3838 848 3894 libri
883 3855 944 3908 p.
995 3838 1118 3894 503
1276 3837 1392 3895 128
1441 3846 1659 3910 torpere
1706 3837 2026 3909 Scheylcius
2064 3852 2290 3907 praem.
2327 3835 2364 3893 8
2410 3836 2611 3891 torsere
2652 3839 2789 3895 libri

483 3924 750 3994 plerique
803 3929 1060 3994 torquere
1106 3923 1285 3978 Bbsil.
1348 3922 1590 3995 torqueri
1634 3922 2040 3990 Quicheratius
2100 3930 2319 3994 turgere
2365 3920 2785 3993 Buecheleru8‚

490 4008 642 4079 quod
681 4008 1113 4061 commendatur
1157 4007 1362 4063 Plauti
1387 4006 1555 4062 Most.
1588 4006 1709 4063 699
1759 4006 1948 4062 Casin.
1985 4004 2103 4060 221
2282 4013 2452 4059 mater
2495 4021 2678 4061 amens
2708 4008 2783 4062 ira

490 4089 797 4146 Mercerus
836 4099 1005 4145 mater
1038 4099 1341 4146 amenstrua
1376 4091 1575 4147 Bamb.
1610 4097 1818 4146 matura
1864 4097 2100 4146 monstra
2149 4089 2338 4145 Basil.
2386 4097 2558 4144 mater
2601 4100 2787 4146 anneus

490 4183 570 4230 tra
605 4178 785 4230 ceteri
810 4175 947 4230 libri
1120 4174 1236 4232 129
1270 4194 1346 4231 an
1379 4173 1703 4230 abstinebit?
1845 4173 1990 4248 quod
2022 4174 2124 4230 nisi
2156 4176 2279 4230 cod.
2316 4182 2458 4231 teste
2488 4175 2563 4231 Η.
2600 4176 2783 4233 Keilio

488 4275 630 4315 mus.
679 4259 865 4315 Rhen.
933 4258 1016 4315 VI
1053 4258 1174 4317 623
1235 4260 1364 4333 quid
1423 4260 1523 4315 nisi
1572 4262 1746 4316 alteri
1791 4273 2087 4331 personae
2132 4260 2326 4314 tribuit
2376 4259 2616 4317 Botkius

495 4342 611 4400 133
656 4344 955 4400 Personas
996 4345 1260 4401 distinxit
1303 4345 1548 4402 Bothius
1724 4344 1846 4403 134
1888 4360 2078 4400 causas
2123 4347 2185 4402 ee
2233 4344 2435 4402 Bamb.
