3400 5075
1310 322 1835 379 COROLLARIVM
2564 326 2716 381 XXV

421 491 652 574 Itaque
702 488 1125 571 adsimulato,
1172 489 1357 572 quasi
1404 511 1520 571 per
1565 489 1792 552 urbem
1840 492 2047 551 totam
2096 488 2427 553 hominem
2476 491 2724 572 quaesi-

424 596 656 663 verisl'
714 596 1057 659 Terentius
1100 594 1171 658 in
1216 595 1610 660 Phormione
1658 617 1717 658 v.
1766 596 1921 659 844:
1972 593 2114 658 ‘sed
2162 616 2282 679 ego
2337 618 2504 659 nunc
2563 597 2726 660 mihi

428 727 640 787 cesso,
706 704 816 787 qui
870 724 1002 765 non
1063 722 1346 766 umerum
1406 701 1570 766 hunc
1627 723 1809 766 onero
1853 702 2056 784 pallio
2112 698 2347 786 'Atque
2394 703 2725 768 hominem

428 834 708 896 propero
766 807 1097 874 invenire?
1171 808 1464 873 Eundem
1528 832 1774 873 morem
1838 809 2036 873 etiam
2097 810 2496 894 imaginibus
2559 811 2724 875 anti·

430 920 576 1004 quis
605 918 777 1001 apud
799 917 1229 980 Wieselerum
1258 916 1327 980 in
1364 916 1801 981 monumentis
1839 917 2150 982 scaenicis
2189 917 2249 981 X
2287 919 2329 981 4
2380 922 2445 981 et
2482 918 2726 1001 optime

432 1022 558 1091 XII
596 1026 682 1089 34
730 1025 1148 1088 inlustratum
1196 1023 1506 1108 videmuS,
1552 1046 1905 1108 numquam
1952 1028 2172 1089 tamen
2218 1025 2297 1088 ad
2346 1026 2538 1109 pedes
2586 1026 2723 1108 pal-

431 1133 591 1197 lium
658 1131 1013 1217 dependere
1080 1132 1456 1214 properanti
1523 1132 1785 1215 eiusque
1850 1152 2144 1215 gressum
2209 1132 2368 1196 adeo
2435 1133 2724 1216 inpedire

435 1239 867 1324 cognoscitur,
912 1242 987 1301 ut
1030 1259 1164 1301 non
1210 1230 1557 1302 concedam
1605 1237 2004 1302 Buechelero
2063 1261 2208 1302 cum
2266 1240 2474 1303 nostri
2533 1240 2725 1303 frusti

434 1347 759 1410 sententia
813 1344 1250 1426 comparanda
1306 1351 1445 1409 esse
1500 1345 1803 1408 Enniana
1858 1368 1936 1409 ex
1994 1344 2339 1409 annalibus
2395 1346 2594 1409 verba
2642 1343 2727 1429 (v.

433 1455 566 1518 363
613 1450 721 1539 V.)
779 1453 1003 1517 eodem
1059 1451 1205 1516 loco
1255 1472 1294 1514 a
1337 1450 1555 1515 Nonio
1614 1444 1879 1516 laudata
1921 1453 2191 1534 pendent
2234 1453 2730 1534 peniculamenta

432 1581 633 1623 unum
685 1560 772 1623 ad
826 1579 1117 1640 quemque
1159 1558 1442 1639 pedulem<
1498 1555 1814 1642 (calceum
1874 1560 2009 1624 scil.
2047 1561 2277 1640 pedum
2332 1560 2484 1624 libri
2539 1562 2727 1640 quod-

323 1700 340 1709 ·
431 1688 551 1749 que
585 1666 802 1748 pedale
849 1664 1165 1750 Scaliger:
1213 1668 1470 1728 secutus
1520 1686 1661 1727 sum
1711 1663 2248 1747 Quicheratium).
2339 1666 2729 1730 Palliolatim

437 1774 754 1837 saltantes
802 1772 1069 1837 dubium
1125 1793 1257 1836 non
1304 1775 1404 1835 est
1449 1771 1605 1854 quin
1659 1771 1818 1835 item
1865 1772 2281 1835 convolutum
2328 1772 2396 1834 in
2454 1772 2727 1836 laciniae

433 1882 715 1945 formam
771 1878 1043 1963 pallium
1108 1877 1408 1941 manibus
1472 1877 1874 1962 gestaverint
1938 1878 2279 1962 variasque
2336 1878 2415 1941 ad
2479 1879 2723 1962 figuras

434 1986 786 2050 imitandas
834 1983 1249 2049 adhibuerint
1297 1982 1404 2067 (cf.
1435 1984 1786 2049 Frontonis
1835 1985 1916 2049 ad
1963 1985 2049 2049 M.
2080 1984 2485 2049 Antoninum
2535 1985 2722 2068 epist.

434 2094 515 2156 de
561 2092 965 2157 orationibus
1012 2114 1070 2174 p.
1124 2092 1244 2156 157
1293 2088 1508 2177 Nab.).

624 2218 746 2281 138
794 2216 1129 2281 molichina
1172 2216 1353 2280 Harl.
1443 2218 1774 2298 anperinta
1821 2216 1965 2281 Par.
2015 2218 2081 2281 P.

620 2339 765 2407 140ι
818 2341 894 2405 111
939 2340 1121 2405 Harl.
1167 2342 1320 2422 post
1351 2341 1790 2422 paussimacho
1837 2342 2128 2425 sequitur
2173 2343 2430 2424 lacuna,
2490 2346 2629 2405 tum
2675 2348 2732 2407 et

430 2455 521 2515 est
567 2455 721 2532 toya.

543 2646 555 2656 ‚
614 2573 691 2638 V.
745 2574 1126 2656 142—148.
1182 2573 1564 2637 Enarranda
1610 2572 1719 2637 hic
1767 2572 1966 2637 etiam
2023 2572 2300 2636 aliorum
2346 2573 2727 2637 restituendi

431 2680 671 2747 cantici
720 2680 1087 2761 conamina,
1133 2680 1365 2763 quibus
1411 2678 1741 2763 margines
1790 2683 2003 2742 textus
2051 2701 2316 2743 onerare
2362 2680 2559 2744 nolui.
2635 2683 2727 2744 at·

432 2811 558 2872 que
607 2777 975 2853 octonarios
1023 2786 1390 2850 trochaicos
1439 2785 1843 2849 continuavit
1888 2784 2222 2870 Kayserus
2273 2785 2427 2870 (ind.
2471 2787 2724 2851 MonaC.

442 2895 614 2959 1854
660 2893 937 2957 XXXIX
983 2915 1044 2956 n.
1092 2890 1206 2976 91)
1254 2892 1450 2955 tales:

615 3017 671 3081 1's
719 3018 975 3081 demum
1022 3016 1222 3079 miser
1258 3016 1357 3079 e'st
1393 3016 1503 3099 qui
1544 3038 1920 3080 aerumnam
1959 3040 2143 3080 suam
2187 3017 2378 3101 [ipse]
2419 3042 2550 3083 non
2588 3020 2729 3103 quit

1713 3124 2055 3188 occultare.
2139 3167 2148 3170 -

612 3231 778 3293 ferre
816 3228 911 3293 ita
947 3251 1050 3292 me
1088 3250 1250 3292 uxor
1288 3230 1500 3293 forma
1539 3232 1606 3292 et
1641 3229 1835 3293 factis
1872 3229 2052 3313 facit,
2100 3231 2153 3294 si
2192 3234 2463 3312 taceam,
2508 3233 2728 3295 tamen

1711 3336 2050 3400 indicium:

612 3445 775 3528 quae
821 3442 949 3507 nisi
996 3441 1214 3506 dotem
1261 3440 1464 3506 habet
1501 3443 1723 3524 omnia
1768 3465 1931 3527 quae
1977 3439 2163 3504 noh's.
2236 3442 2346 3524 qui
2396 3443 2607 3525 sapiet
2651 3444 2728 3507 de

1714 3570 1815 3612 me
1865 3548 2088 3627 discet,

436 3657 566 3721 146
613 3655 730 3740 qui
771 3656 957 3739 quasi
1004 3656 1085 3719 ad
1141 3655 1349 3720 hostis
1408 3659 1637 3739 captus
1692 3656 1860 3718 liber
1915 3653 2125 3717 servio
2183 3654 2364 3717 salva
2420 3655 2577 3718 urbe
2634 3658 2727 3718 at-

1712 3783 1835 3845 que
1883 3782 2046 3825 arce.

1330 3887 1365 3925 *
1566 3931 1602 3969 *
1795 3885 1830 3923 *

612 4012 774 4092 quae
828 4011 991 4075 mihi
1050 4011 1359 4095 quidquid
1420 4012 1637 4094 placet
1695 4032 1771 4074 eo
1831 4010 2160 4093 privatum
2221 4010 2276 4074 it
2337 4011 2488 4090 [nec
2549 4009 2720 4088 volt]

1711 4115 1877 4181 mihi
1926 4120 2277 4180 servatum:
2383 4137 2386 4140 ·

615 4221 795 4288 cuius
834 4222 985 4287 dum
1025 4245 1146 4312 ego
1194 4227 1470 4290 mortem
1519 4222 1720 4305 inhio,
1768 4223 1900 4286 iam
1940 4226 2199 4307 egomet
2235 4219 2381 4285 vivo
2430 4223 2723 4285 mortuus

1711 4328 1881 4398 inter
1927 4329 2129 4393 vivos,
