3400 5075
1225 273 1550 326 Dncmvs
1587 271 1949 326 12A13131³1vs
2611 270 2734 335 287

1380 431 1811 497 HETAERA

1493 548 1526 613 Ι
1573 545 1675 635 (1)

622 663 963 730 ‘Ebriulati
1008 668 1290 730 mentem
1335 664 1569 728 hilaria
1615 661 1892 747 arripuit
1938 715 1952 729 .
2043 716 2057 728 .
2150 715 2165 729 .
2256 716 2270 729 .
2363 712 2383 730 .

1403 837 1408 850 .
1476 778 1543 842 Π
1591 775 1692 864 (2)

613 896 754 961 Nec
799 897 1230 981 pslmularum
1274 897 1499 979 pulsus
1545 916 1664 958 nec
1710 892 2057 982 portisculi,

1448 1017 1729 1100 IMAGO

835 1179 849 1192 .
943 1129 1172 1213 genius
1219 1128 1474 1213 generis
1525 1123 1669 1213 [est]
1720 1124 1935 1191 nostri
1976 1147 2228 1210 parens·

1212 1239 1494 1306 LAOVS
1541 1239 1964 1305 AVERNVS

1347 1378 1356 1387 ·
1496 1355 1528 1419 Ι
1576 1354 1677 1441 (3)

485 1474 572 1538 55
618 1474 1000 1557 Versorum,
1045 1493 1180 1538 non
1225 1473 1640 1536 numerorum
1685 1492 1954 1536 numero
2003 1473 2382 1539 studuimus,

1480 1586 1548 1652 II
1597 1584 1699 1673 (1)

616 1702 851 1768 Scinde
898 1726 1028 1768 una
1073 1704 1323 1768 exoleto
1370 1701 1645 1787 patienti
1695 1698 1894 1788 [hino]
1944 1703 2359 1768 catulientem
2406 1705 2643 1789 lupam.

573 1900 843 1949 Hui-Aemi
912 1898 998 1948 An
1035 1898 1212 1948 Here
1249 1898 1464 1948 Marte
1482 1899 1553 1946 a?
1604 1897 1678 1947 cf.
1716 1897 1874 1947 Pauli
1918 1899 2118 1949 Festus
2164 1916 2218 1965 p.
2260 1902 2358 1950 100
2392 1900 2466 1949 Μ.
2503 1900 2732 1949 ‘Herem

437 1968 706 2018 Mai-team
758 1967 975 2031 antiqui
1022 1972 1252 2031 accepta
1298 1965 1610 2015 hereditate
1647 1965 1931 2025 colebant,
1977 1980 2120 2031 quae
2158 1983 2192 2016 a
2228 1968 2444 2017 nomine
2485 1968 2734 2032 appella·

439 2035 604 2084 batur
639 2035 904 2084 heredum
941 2039 997 2083 et
1033 2049 1159 2083 esse
1185 2049 1296 2082 una
1335 2049 1402 2082 ex
1426 2032 1624 2083 Martis
1650 2034 1945 2083 comitibus
1983 2034 2321 2098 putabatur)
2461 2035 2487 2085 I
2524 2036 2734 2085 Nonius

439 2105 563 2164 108,
607 2105 640 2151 4
685 2102 1054 2159 ‘ehi-uiare,
1104 2101 1313 2151 ebrium
1367 2101 1587 2163 facere,
1632 2105 1688 2150 et
1735 2102 2011 2160 ebriatus,
2057 2102 2259 2150 ebrius,
2347 2101 2618 2151 Laberius
2669 2105 2732 2151 iu

436 2170 658 2219 there:
698 2170 983 2220 ebriulati²
1022 2186 1070 2218 e.
1109 2185 1162 2232 q.
1203 2184 1247 2219 s.
1321 2167 1695 2230 (ebriolare
1736 2169 1928 2219 Carrio
1968 2169 2195 2218 Emeud.
2231 2169 2258 2218 Ι
2295 2171 2326 2217 2
2375 2184 2404 2218 e
2443 2184 2539 2218 ms.
2577 2169 2734 2218 Pari·

370 2244 381 2254 ·
436 2239 557 2287 sino
597 2237 940 2287 ebriulare
969 2236 1088 2287 edd.
1197 2236 1453 2286 Chaere
1493 2240 1620 2284 ante
1647 2235 1866 2285 Iunium
1902 2236 2184 2286 Cithera
2220 2236 2409 2285 Iunius
2435 2236 2733 2287 Hetaera

437 2305 631 2354 Carrio
670 2321 700 2355 e
736 2304 920 2353 ‘libris
958 2301 1374 2368 sanctioribus’)
1511 2303 1567 2353 11
1603 2303 1812 2352 Nonius
1842 2307 1953 2364 151,
1978 2305 2043 2354 28
2081 2303 2557 2369 ‘portisculus’
2599 2305 2731 2368 (po-

437 2371 787 2422 stisculus
824 2372 1015 2421 Bamb.
1054 2372 1473 2436 portisculus
1511 2385 1607 2419 ms.
1647 2371 1842 2434 Fabri)
1881 2373 2128 2437 ‘proprie
2167 2376 2253 2420 est.
2289 2371 2540 2421 hortator
2575 2374 2732 2421 remi·

437 2456 589 2505 gum,
630 2440 682 2488 id
721 2431 821 2489 est’
862 2437 967 2504 (ita.
992 2440 1181 2489 Bamb.
1219 2439 1413 2488 ‘idem’
1452 2436 1704 2502 ceteri)
1712 2439 1803 2502 qui
1833 2439 2062 2489 eandem
2093 2441 2355 2504 perticam
2384 2445 2556 2500 tenet,
2593 2454 2732 2503 qnae

438 2507 772 2574 portisculus
807 2506 1032 2588 dieitur,
1071 2522 1180 2572 qua
1208 2521 1496 2558 excursum
1520 2511 1577 2555 et
1600 2505 2017 2557 exhortamenta
2042 2508 2415 2559 moderatur..
2435 2508 2732 2559 ,Laberius

438 2576 766 2640 Cythera:
805 2567 918 2624 neo’
956 2591 1002 2625 e.
1042 2590 1093 2639 q.
1134 2591 1177 2625 s.
1251 2575 1582 2673 (He-etaera
1619 2573 1814 2625 Carrio
1850 2575 2080 2627 Emend.
2117 2576 2145 2625 Ι
2181 2578 2212 2625 2
2251 2592 2280 2625 e
2318 2575 2503 2640 libris)

571 2645 754 2695 Iquo
823 2642 1035 2693 Nonius
1075 2646 1190 2706 119,
1226 2645 1293 2692 29
1331 2642 1597 2708 ‘genius
1635 2645 1954 2707 generis)

570 2712 757 2761 LAcvs
794 2712 1056 2760 Avssmws
1137 2711 1165 2761 1
1200 2712 1520 2761 Priscianus
1557 2711 1630 2759 vl
1673 2712 1735 2759 14
1772 2727 1823 2775 p.
1863 2714 1961 2761 712
1997 2712 2060 2760 P.
2109 2713 2318 2761 ‘uersi
2368 2727 2581 2776 quoque
2629 2728 2727 2777 pro

437 2827 629 2862 uersus
668 2812 940 2861 Laberius
990 2813 1044 2860 in
1093 2810 1220 2859 lacu
1264 2810 1509 2860 Auerno:
1558 2814 1862 2859 uersorurn'
1908 2828 1955 2861 e.
1994 2827 2041 2876 q.
2083 2828 2126 2862 s.
2198 2776 2554 2874 (Laiierius
2592 2815 2726 2878 Reg.

438 2881 775 2930 Lauerius
825 2880 994 2932 Halb,
1040 2880 1195 2932 Grut.
1245 2880 1410 2942 Sang.
1457 2878 1619 2928 Vind.
1670 2879 1858 2928 Bamb.
1917 2880 2090 2944 Bong.
2139 2880 2370 2930 Carolir.
2426 2880 2739 2930 leuerius

435 2947 600 2997 Barb.
742 2946 897 2997 laesi
932 2947 1087 2998 Grut.
1127 2945 1356 2995 Carolir.
1498 2961 1791 3008 aruerno
1838 2946 2026 3011 Halb.)
2198 2947 2253 2997 11
2290 2949 2500 2998 Nonius
2544 2951 2627 3009 90,
2664 2951 2729 2997 32

435 3015 807 3065 ‘catullire’
845 3014 1033 3077 (immo
1061 3013 1388 3074 eatulire‚
1427 3019 1486 3061 ut
1514 3014 1740 3077 scripsit
1766 3013 2035 3078 Guyetus)
2073 3016 2331 3064 ‘esurire’
2371 3012 2506 3079 (‘est
2531 3018 2729 3065 surire’

436 3081 734 3145 Gesner-us)
774 3083 886 3132 ‘uel
924 3082 1223 3133 libidinari.
1295 3080 1567 3130 Laberius
1596 3081 1649 3130 in
1687 3082 1870 3130 Lacu
1908 3083 2233 3133 Balerna:
2272 3082 2489 3133 scinde’
2529 3098 2575 3132 e.
2603 3098 2653 3147 q.
2685 3098 2728 3132 s.

605 3260 684 3317 52
732 3258 975 3315 ebriolati
1021 3260 1227 3316 Carrio
1273 3259 1508 3314 Emend.
1552 3259 1591 3315 I
1631 3259 1666 3314 2
1716 3276 1794 3316 ex
1850 3277 1951 3317 ms.
1998 3262 2192 3317 Paris.
2252 3259 2503 3316 ebruilati
2550 3264 2734 3317 celeri

393 3346 566 3402 'libri
687 3384 694 3389 -
733 3343 919 3400 hilaria
968 3343 1209 3401 Bolhius
1253 3344 1492 3399 hilariam
1537 3345 1672 3398 libri
1727 3344 1942 3400 hilaram
1990 3347 2115 3401 edd.
2290 3346 2555 3418 arripiunt
2602 3347 2728 3401 edd.

603 3430 682 3487 53
730 3428 1079 3502 palmularum
1129 3428 1336 3485 Carrio
1384 3429 1620 3484 Emend.
1666 3428 1703 3483 Ι
1749 3429 1826 3484 10
1877 3430 2172 3502 palmarum
2215 3430 2353 3486 libri
2520 3429 2599 3486 54
2646 3438 2730 3484 est

434 3517 653 3585 addidi,
702 3532 808 3571 om.
852 3516 989 3570 libri
1156 3516 1458 3588 geniusque
1514 3528 1705 3586 parens
1759 3515 1981 3586 generis
2029 3512 2205 3569 nostri
2255 3515 2496 3570 Bothius
2541 3514 2577 3568 2
2636 3530 2731 3587 ge-

434 3602 553 3655 nuis
614 3600 788 3656 nostri
850 3614 1045 3671 parens
1104 3602 1326 3654 senarii
1380 3601 1590 3654 exitum
1660 3599 1846 3654 deleto
1908 3598 2125 3672 generis
2172 3600 2355 3669 plane
2408 3599 2735 3654 incredibili

432 3689 659 3742 ratione
705 3690 1055 3741 commentus
1099 3683 1161 3737 L.
1193 3683 1443 3739 Mueller
1470 3698 1613 3738 mus.
1645 3683 1835 3738 Rhen.
1877 3683 2095 3740 XXIV
2122 3682 2243 3738 244
2416 3682 2495 3739 55
2543 3699 2731 3738 nume·

432 3786 614 3825 rorum
661 3772 876 3841 scripsi
915 3784 1198 3822 numerum
1242 3769 1406 3838 libri,
1455 3768 1606 3840 quod
1639 3769 1914 3840 >suppleto
1946 3770 2075 3824 olim
2121 3771 2279 3825 im‘tt‘o
2324 3775 2408 3822 tot
2451 3771 2532 3823 ita
2579 3770 2734 3823 tueri

433 3856 727 3925 conabar,
789 3840 1131 3909 ul'numero
1178 3869 1295 3923 pro
1353 3852 1626 3908 aduerbio
1670 3854 1942 3909 haberem
1989 3859 2043 3907 el
2093 3868 2373 3907 numerum
2420 3850 2727 3907 studuimus

434 3931 851 4011 ooniunqerem.
946 3932 1082 4012 [nou
1127 3953 1474 3992 numerorum
1507 3938 1602 3991 uel
1632 3953 1811 3993 noenu
1842 3951 2126 3992 numerum
2157 3939 2271 3993 iam
2305 3937 2727 3992 Buechelerum

433 4024 582 4078 decl.
610 4024 715 4079 lat.
745 4041 803 4094 p.
836 4022 917 4078 43
959 4025 1338 4094 proposuisse
1367 4038 1498 4078 sero
1529 4016 1722 4096 uideo]
1900 4020 1979 4076 56
2028 4036 2129 4074 una
2170 4037 2291 4076 cum
2325 4019 2729 4088 Quiclzeratius

433 4110 490 4163 in
524 4110 853 4178 septenario
881 4108 1123 4163 iambico
1263 4106 1477 4161 exoleto
1510 4107 1691 4161 Aldus
1721 4104 1968 4161 excoleto
2011 4104 2150 4159 libri
2176 4106 2391 4161 exolete
2427 4105 2665 4160 Botln’us
2690 4104 2725 4159 2

604 4191 827 4263 patienti
869 4191 991 4246 hinc
1022 4193 1116 4247 uel
1147 4190 1287 4245 hanc
1331 4192 1544 4261 scripsi
1580 4191 1945 4262 inpatientem·
1978 4189 2050 4243 W
2075 4188 2365 4260 inpatienti
2393 4192 2573 4244 ceteri
2600 4190 2731 4244 libri

432 4276 774 4351 impatienter
807 4274 1048 4331 Bothius
1079 4275 1114 4330 2
1289 4273 1469 4347 lupam
1514 4273 1873 4330 Catulientem
1902 4273 2049 4328 idem
2079 4274 2436 4333 eatuliemem
2478 4272 2733 4348 pugnlam
