3400 5075
681 320 800 380 140
1007 354 1012 359 -
1574 284 1582 291 ’
1656 322 1978 372 ‘rrrmws

1702 477 1787 541 v]
1841 477 1939 562 (2)

719 593 805 656 45
857 593 1182 657 Parasitus
1230 594 1472 676 amoni,
1518 596 1825 657 lenonum
1879 590 2070 679 [eum]
2123 593 2386 656 aedibus
2435 594 2771 679 absterrui,

851 707 1162 793 Desueui‚
1209 732 1290 772 ne
1338 710 1508 793 quod
1558 710 1637 773 ad
1686 731 1912 773 cenam
1958 709 2080 782 iret
2130 711 2308 772 e'xtra
2356 709 2695 774 consilium
2744 733 2974 796 meum.

1663 824 1793 889 VH
1841 821 1986 910 (13)

854 936 1028 1025 [Cur]
1055 962 1189 1005 uon
1219 939 1558 1005 exseratti's
1587 941 1946 1026 parasitum
1974 942 2093 1004 nec
2122 942 2412 1003 uestrum
2441 938 2703 1024 aspelh's
2734 940 2923 1006 domo
2941 941 2974 1004 ⁴?

1644 1054 1810 1119 VIII
1859 1053 2003 1141 (14)

852 1167 1129 1254 'Edepol
1175 1171 1457 1235 hominis
1510 1167 1625 1257 [es]
1676 1170 1899 1256 ignaui
1945 1170 2207 1235 functus
2256 1171 2541 1236 officium
2588 1221 2601 1234 .
2650 1222 2662 1234 .
2712 1222 2724 1234 .

1676 1284 1773 1349 IX
1823 1282 1967 1371 (15)

857 1399 1153 1466 Nimium
1200 1404 1264 1466 te
1311 1401 1706 1485 patrocinari
1753 1403 1981 1465 censeo
2028 1397 2412 1486 benigniter.

675 1580 725 1628 si
751 1616 763 1628 .
792 1620 804 1633 .
835 1618 844 1628 .
875 1580 1062 1643 copia,
1100 1578 1154 1628 id
1183 1583 1268 1629 est
1303 1579 1484 1629 teeti.’
1557 1579 1706 1629 Male
1732 1578 2075 1629 intellexisse
2114 1577 2391 1642 glossator
2414 1583 2614 1643 poetae
2640 1580 2974 1630 sententiam

675 1647 922 1696 uidetur:
962 1648 1170 1697 rustico
1206 1648 1538 1697 uestimento
1564 1647 1927 1698 commodiore
1955 1647 2077 1696 scil.
2117 1660 2181 1696 ne
2219 1647 2484 1697 urbanum
2525 1651 2821 1697 commutet
2857 1663 2973 1711 pro-

679 1715 902 1764 hibetur
936 1713 1030 1764 uel
1067 1715 1251 1764 uxoris
1289 1715 1498 1764 inuidia
1535 1716 1765 1764 maritus
1802 1715 1893 1764 uel
1932 1715 2106 1780 patris
2146 1714 2447 1764 seueritate
2487 1714 2644 1765 filius.
2762 1716 2840 1765 VI
2864 1714 2976 1764 No-

673 1783 797 1832 uius
834 1784 916 1844 95,
956 1784 979 1830 1
1023 1782 1326 1832 ‘desueni
1373 1782 1528 1832 illum
1577 1799 1674 1846 pro
1715 1783 2002 1832 desuefeei
2040 1782 2220 1844 illum,
2268 1782 2322 1831 id
2362 1786 2472 1842 est,
2523 1782 2973 1832 consuetudinem

608 1905 620 1918 ‚
675 1850 726 1900 ci
768 1849 1014 1903 abstuli?
1156 1851 1510 1900 V11Nonius
1545 1853 1662 1910 495,
1703 1852 1765 1900 16
1812 1851 2288 1899 ‘accusatiuus
2336 1850 2544 1899 numeri
2594 1849 2974 1914 singularis

676 1918 890 1982 positus
927 1932 1025 1981 pro
1063 1919 1386 1981 genetiuo
1434 1917 1688 1983 plurali
1727 1955 1738 1967 .
1767 1955 1779 1968 .
1807 1955 1820 1969 .
1855 1918 2097 1968 Titinius
2135 1916 2422 1967 Veliterna
2456 1960 2467 1972 ,
2497 1952 2510 1965 .
2540 1954 2552 1968 .
2594 1917 2740 1966 idem
2776 1918 2833 1967 in
2870 1915 2973 1967 Ge-

676 1986 848 2033 mina:
889 2000 1001 2034 non
1042 1989 1321 2034 exsecrat’
1363 2002 1411 2035 e.
1453 2001 1503 2049 q.
1544 2001 1583 2034 s.
1726 1985 1860 2034 v111
1896 1986 2105 2036 Nonius
2141 1986 2259 2046 497,
2298 1987 2330 2033 4
2373 1985 2843 2035 ‘aecusatiuus
2882 2000 2972 2049 po·

673 2053 812 2102 situs
851 2068 947 2116 pro
984 2051 1276 2102 ablatiuo.’
1451 2053 1527 2101 IX
1567 2054 1782 2103 Nonius
1817 2056 1932 2114 510,
1976 2055 2030 2101 11
2074 2053 2506 2117 ‘benigniter
2551 2068 2649 2117 pro
2686 2053 2972 2117 benigne?

671 2230 920 2272 mannus
975 2218 1031 2269 in
1078 2213 1256 2270 Lucr.
1305 2213 1424 2269 277
1475 2215 1754 2270 constitiui
1793 2212 2074 2286 sormam,
2135 2232 2307 2286 quam
2353 2217 2482 2270 olim
2529 2230 2970 2286 proposueram,

674 2299 877 2354 abieci.
1054 2299 1287 2354 rusticae
1332 2306 1492 2371 togae
1539 2300 1588 2354 ei
1635 2315 1702 2353 ne
1746 2300 1818 2354 sit
1848 2302 2062 2370 scripsi
2104 2301 2194 2370 (de
2216 2302 2577 2369 pronominis
2607 2300 2654 2354 ei
2699 2314 2971 2355 mensura

673 2382 752 2454 cf.
786 2385 1137 2440 Rilschelius
1167 2399 1366 2455 opusc.
1393 2383 1465 2438 II
1488 2382 1634 2453 419)
1666 2385 1896 2438 rusticae
1927 2390 2090 2457 togae
2121 2400 2188 2438 ne
2220 2385 2290 2439 sit
2320 2385 2471 2456 copia
2501 2384 2650 2451 libri,
2684 2387 2797 2439 nisi
2824 2385 2978 2456 quod

674 2468 826 2542 copia
874 2486 977 2524 om.
1015 2468 1215 2523 Bamb.
1266 2469 1500 2523 rusticae
1531 2469 1680 2543 togai
1713 2485 1781 2523 ne
1825 2469 1894 2523 sit
1923 2469 2075 2541 copia
2108 2464 2518 2524 Lachmannus
2552 2468 2736 2523 rustici
2782 2467 2858 2523 illi
2905 2484 2971 2522 ne

673 2553 746 2608 sit
780 2554 905 2608 tecti
936 2555 1088 2627 copia
1121 2546 1528 2623 Hermannus,
1575 2561 1779 2609 tectum
1805 2571 1919 2625 pro
1951 2559 2081 2627 toga
2110 2555 2229 2609 dici
2250 2561 2468 2626 putans
2497 2570 2623 2609 cum
2654 2553 2796 2609 Lud.
2833 2554 2971 2610 Car-

673 2641 852 2708 rione,
886 2641 987 2708 qui
1013 2640 1146 2694 Ant.
1177 2640 1310 2694 lect.
1346 2638 1380 2693 1
1415 2638 1485 2692 11
1524 2639 1651 2693 tecti
1696 2654 1763 2692 ne
1809 2639 1880 2693 sit
1910 2639 2061 2710 copia
2095 2639 2246 2695 (ledit
2416 2637 2496 2693 45
2544 2654 2661 2692 nam
2708 2640 2972 2711 parasitos

672 2722 1083 2779 Lachmannus
1127 2726 1184 2777 in
1230 2723 1405 2779 Lucr.
1457 2720 1576 2777 277
1625 2723 1890 2790 parasitos
1936 2722 1999 2777 ab
2049 2739 2114 2777 eo
2157 2741 2328 2795 prop.
2375 2723 2696 2778 Muellerus
2732 2724 2968 2793 prosod.

674 2806 868 2862 Plaul.
902 2806 1002 2864 54.
1056 2806 1213 2878 Opus
1256 2825 1369 2863 non
1419 2814 1504 2862 est
1548 2808 1822 2862 iambicos
1865 2822 2135 2864 numeros
2176 2811 2466 2880 sequentis
2509 2826 2563 2863 u.
2609 2808 2705 2862 hic
2748 2823 2973 2880 quoque

672 2897 949 2947 statuere.
1121 2891 1376 2946 lenonum
1409 2907 1531 2947 eum
1577 2890 1677 2962 (an
1723 2892 1865 2962 em?)
1912 2894 2130 2964 scripsi
2156 2892 2408 2947 lenonem
2450 2892 2587 2947 libri
2622 2894 2891 2963 plerique
2923 2891 2973 2946 le

672 2992 779 3031 non
814 2982 899 3031 est
929 2975 1088 3033 Leid.
1141 2974 1258 3032 116
1305 2976 1468 3031 leuon
1508 2987 1576 3035 ⁴.-
1626 2976 1819 3031 Bamb.
1870 2975 2125 3032 lenonum
2171 2977 2581 3032 Lachmannus
2708 2974 2971 3031 absterrui

671 3061 808 3116 libri
849 3076 972 3115 eum
1017 3059 1288 3116 absterrui
1334 3060 1746 3117 Lac-lemannus
1789 3060 2029 3116 deterrui
2076 3060 2320 3120 Bolkius
2364 3061 2637 3134 proterrui
2683 3061 2971 3116 Herman-

673 3162 783 3200 nus
814 3161 1013 3215 opusc.
1066 3146 1112 3200 V
1139 3143 1280 3201 268.
1330 3144 1416 3199 De
1445 3148 1616 3219 lonqa
1648 3149 1707 3201 in
1753 3145 1970 3201 aedibus
2004 3147 2230 3217 syllaba
2272 3148 2442 3217 finali
2473 3145 2551 3216 cf.
2601 3147 2974 3201 corollarium

673 3232 753 3285 acl
797 3230 1006 3285 Naeuii
1050 3237 1199 3302 tray.
1248 3228 1326 3285 57
1501 3229 1582 3287 46
1629 3246 1696 3284 ne
1743 3247 1847 3285 om.
1890 3230 2088 3285 Bamb.
2121 3230 2276 3285 Leia.
2317 3229 2435 3286 116
2621 3228 2765 3301 quod
2813 3229 2969 3284 Leid.

673 3315 814 3370 Par.
877 3314 956 3383 P,
1013 3316 1083 3370 de
1139 3331 1252 3386 quo
1308 3315 1520 3371 dictum
1580 3321 1664 3370 esl
1722 3317 1777 3369 in
1838 3330 1978 3370 mus.
2039 3315 2223 3371 Rhen.
2285 3313 2505 3370 XXIV
2552 3311 2705 3384 485,
2774 3332 2972 3386 quam-

675 3417 845 3471 quam
893 3401 1248 3455 aduersatur
1283 3398 1572 3472 Berylcius
1601 3401 1778 3469 symb.
1825 3400 1859 3454 1
1890 3398 1986 3455 75.
2036 3415 2147 3471 quo
2183 3402 2363 3455 celeri
2402 3399 2566 3468 libri,
2614 3401 2781 3454 etiam
2812 3398 2969 3454 Leid.

681 3484 797 3539 116
857 3483 984 3556 quid
1031 3484 1241 3539 Aldina
1455 3484 1559 3539 iret
1619 3484 1693 3537 W
1732 3484 1933 3539 Bamb.
1994 3483 2146 3539 Leia.
2210 3483 2329 3539 116
2386 3484 2529 3538 irent
2595 3483 2787 3539 Urbin.
2849 3483 2969 3540 307

672 3570 844 3623 exiret
876 3571 1056 3624 ceteri
1082 3569 1218 3623 libri
1392 3568 1772 3625 Trochaicum
1803 3567 2027 3623 desueui
2058 3584 2126 3623 ne
2160 3584 2269 3641 quo
2302 3566 2363 3621 ad
2397 3575 2580 3623 cenam
2625 3567 2730 3622 iret
2761 3583 2810 3622 e.
2837 3586 2889 3639 q.
2919 3583 2967 3622 s.

663 3653 877 3724 probat
923 3652 1160 3725 Maehly
1330 3650 1407 3708 47
1456 3669 1553 3708 cur
1596 3669 1706 3708 nou
1753 3655 1969 3724 scripsi
2010 3668 2119 3707 non
2173 3654 2313 3709 libri
2353 3667 2549 3708 nomen
2597 3650 2973 3707 Hermannus

669 3740 709 3793 l.
753 3738 792 3792 l.
842 3736 966 3794 270
1137 3738 1451 3807 exsomnis,
1498 3738 1554 3793 Ιι.
1590 3754 1636 3793 e.
1673 3738 1800 3793 eicis
1832 3738 2049 3808 scripsi
2092 3738 2348 3793 exscretis
2394 3736 2596 3792 Bamb.
2646 3737 2798 3792 Leid.
2852 3735 2968 3791 116

671 3822 962 3877 execrastis
1011 3823 1148 3877 Par.
1200 3820 1249 3877 P
1300 3831 1541 3877 exsecrat
1597 3823 1640 3876 is
1699 3822 1884 3878 celeri
1931 3822 2071 3877 libri
2121 3827 2433 3877 exsecratur
2485 3821 2529 3875 is
2578 3820 2971 3876 Neukirelzius

674 3914 916 3961 exsecrat
975 3907 1355 3962 Hermannus
1538 3914 1781 3961 uestrum
1840 3910 2057 3978 scripsi
2105 3909 2430 3979 yeneliuum
2482 3907 2773 3976 pluralem
2822 3905 2971 3971 (uide

680 3986 937 4063 Nonium)
974 3992 1148 4046 uirum
1192 3991 1329 4047 libri
1455 3990 1674 4064 aspellis
1708 3995 1924 4062 scripsi
1966 3990 2182 4064 aspellit
2223 3992 2361 4046 libri
2486 3988 2647 4045 modo
2683 3990 2884 4045 Bamb.

671 4073 779 4131 ndu
826 4092 926 4149 pus
959 4076 1202 4131 exscreat
1247 4075 1537 4147 parasitum
1569 4074 1670 4132 nec
1703 4077 1879 4132 uirum
1911 4076 2124 4148 aspellit
2166 4075 2327 4131 domo
2363 4075 2764 4130 Buechelerus
2796 4076 2969 4129 uirum

673 4161 1008 4234 inlelleyens
1053 4175 1336 4216 uenenum
1508 4158 1588 4215 48
1636 4176 1694 4215 es
1727 4162 1938 4230 addidi,
1986 4178 2090 4215 om.
2137 4162 2273 4216 libri
2440 4178 2514 4213 an
2550 4157 2786 4215 officium
2821 4158 3007 4227 sunc-‚

674 4245 798 4300 tus?
1012 4243 1204 4317 edepol
1265 4244 1445 4317 ignaui
1504 4244 1735 4300 hominis
1791 4245 2009 4300 functus
2066 4242 2301 4300 officium
2352 4246 2441 4299 uel
2498 4242 2690 4316 edepol
2737 4242 2971 4297 hominis

621 4348 638 4363 ·
674 4330 857 4403 ignaui
903 4328 1120 4385 functus
1166 4345 1217 4383 o.
1273 4328 1652 4385 Hermannus
1693 4332 1732 4385 l.
1779 4332 1818 4384 l.
1868 4328 1985 4385 271
2161 4328 2241 4384 49
2289 4329 2465 4383 sentio
2510 4327 2815 4384 Mercerus
