3400 5075
571 318 574 321 ’
689 345 874 403 cxw
1604 346 1705 401 AD
1744 344 2105 402 TRAelcos

699 510 1038 575 adseverat
1096 512 1170 573 ut
1229 510 1398 593 quod
1453 511 1521 575 in
1576 511 1853 597 prologo
1898 512 2117 576 nescio
2167 533 2291 595 quo
2339 511 2629 598 fabulae,
2675 533 2869 597 quam
2915 534 2995 578 ne

696 618 838 702 ipse
887 617 1145 702 quidem
1191 617 1474 683 indicare
1521 618 1770 702 potuit,
1817 619 2104 702 potuerit
2151 619 2366 683 locum
2402 619 2659 685 habere.

877 725 1001 790 351
1051 744 1311 790 suarum
1338 745 1546 789 rerum
1573 725 1794 790 inertes
1823 724 2142 810 Bergkius
2172 748 2232 809 p.
2263 727 2420 811 292,
2467 726 2683 810 inepte
2714 727 2996 810 quidem:

699 830 1035 915 displicuit
1078 830 1209 915 ipsi
1253 851 1643 896 summarum
1687 853 1949 897 suarum
1992 854 2217 897 rerum.

876 938 1008 1003 354
1053 937 1122 1001 in
1166 939 1323 1023 dies,
1378 938 1551 1022 quod
1604 939 1949 1023 proposuit
2007 940 2082 1003 A.
2128 938 2343 1004 Luchs
2391 868 2556 1005 stud.
2601 939 2634 1005 I
2680 942 2793 1025 66,
2851 962 2996 1005 con-

701 1046 873 1111 sulto
922 1043 1274 1128 repudiavi.
1365 1043 1671 1110 Hecubae
1719 1046 2013 1132 exemplo
2061 1047 2339 1112 alterum
2387 1050 2488 1112 est
2533 1046 2892 1112 addendum
2923 1071 3000 1111 ex

697 1151 1100 1217 Baccharum
1150 1150 1398 1215 cantico
1447 1153 1604 1217 910:
1650 1149 1725 1219 τὸ
1777 1150 1851 1217 δὲ
1898 1146 2041 1219 κατ’
2095 1141 2273 1239 ἆμαρ
2322 1149 2452 1242 ὅτῳ
2491 1157 2716 1238 βίοτος
2753 1148 3000 1218 Εὐδαί-

702 1283 875 1345 μων,
922 1260 1272 1343 μακαρίζω.

877 1366 1001 1431 361
1040 1370 1238 1448 potest
1292 1362 1457 1453 <sive
1492 1366 1688 1452 pote),
1743 1388 2086 1449 numquam
2139 1386 2352 1449 cupere
2396 1367 2618 1432 desinit
2661 1390 2780 1451 pro
2829 1368 2998 1433 clau-

700 1472 841 1537 sula
886 1471 1168 1537 iambica
1214 1472 1459 1537 chorici
1506 1473 1812 1538 carminis
1858 1473 2059 1539 habet
2104 1471 2425 1558 Bergkius
2455 1473 2687 1539 Philol.
2715 1473 3000 1538 XXXIII

699 1579 858 1664 274,
904 1579 1090 1663 quasi
1135 1579 1393 1664 integra
1438 1583 1504 1643 et
1551 1580 1854 1644 absoluta
1899 1581 2072 1643 esset
2119 1580 2458 1645 sententia.

876 1686 1005 1752 366
1035 1708 1170 1770 sqq.
1216 1685 1534 1771 Bergkius
1562 1709 1625 1770 p.
1654 1687 1786 1751 292
1815 1687 2049 1751 misere
2079 1687 2415 1771 corrupit
2396 1710 2465 1751 m
2491 1687 2657 1753 hanc
2686 1689 2996 1754 formam·

964 1798 1037 1858 ut
1078 1792 1305 1877 homo,
1352 1792 1462 1877 qui
1508 1793 1753 1857 erranti
1801 1794 2071 1858 comiter
2118 1798 2445 1859 monstrat
2489 1795 2689 1879 viam,

965 1899 1151 1985 quasi
1195 1843 1416 1964 lumen
1460 1899 1538 1963 de
1587 1921 1706 1963 suo
1751 1898 1995 1964 lumine
2042 1903 2346 1966 accendit:
2398 1903 2566 1982 faces

965 2006 1171 2070 nihilo
1219 2004 1430 2070 minus
1479 2004 1606 2089 ipsi
1651 2005 1850 2091 lucet,
1897 2028 2044 2071 cum
2091 2007 2187 2071 illi
2235 2008 2616 2073 accenderit.

877 2112 955 2177 V.
1020 2111 1149 2176 379
1222 2111 1485 2176 laudare
1560 2111 1870 2177 Cicerone
1944 2136 2133 2179 usum
2211 2113 2684 2200 Hieronymum
2758 2135 2854 2196 ep.
2920 2114 3000 2178 ad

700 2218 1042 2303 Theophil.
1086 2215 1391 2282 LXXXII
1437 2219 1476 2282 3
1535 2223 1581 2283 t.
1626 2218 1657 2282 I
1719 2218 1780 2283 A
1836 2244 1896 2304 p.
1954 2221 2085 2286 314
2141 2221 2238 2286 cd.
2283 2221 2450 2286 Vall.
2511 2221 2763 2285 monuit
2820 2219 2998 2284 Aem.

698 2323 998 2391 Luebeck
1053 2326 1123 2391 in
1176 2326 1343 2390 libro
1402 2324 1478 2389 de
1527 2325 1914 2411 Hieronymi
1962 2326 2336 2391 auctoribus
2382 2350 2441 2410 p.
2487 2328 2637 2391 109:
2701 2325 3001 2412 ‘antiqua

703 2433 1030 2499 sententia
1080 2438 1208 2497 est:
1252 2454 1429 2515 quem
1475 2434 1693 2498 metuit
1735 2435 1873 2515 quis
1919 2434 2077 2499 odit:
2123 2454 2297 2516 quem
2335 2435 2486 2510 odit,
2520 2435 2758 2516 perisse
2793 2433 2998 2515 cupit?

877 2542 1006 2608 393
1054 2540 1374 2626 Bergkius
1420 2541 1529 2605 1.1.
1560 2541 1719 2626 294,
1763 2542 1839 2605 ut
1885 2562 2144 2606 seorsus
2192 2541 2274 2605 ab
2323 2541 2467 2605 aliis
2498 2542 2759 2625 sentiat,
2803 2540 2997 2604 hexa-

701 2642 981 2714 metrum
1025 2648 1095 2712 in
1138 2649 1266 2715 fine
1313 2648 1614 2713 mutilum

1109 2754 1374 2821 vocibu'
1423 2754 1685 2821 concide
1731 2760 1789 2820 et
1830 2761 1960 2836 face
2003 2757 2253 2819 musset
2299 2755 2570 2820 obrutus

701 2862 988 2948 praefert
1033 2862 1440 2946 alienumque
1489 2885 1528 2927 a
1569 2861 1911 2948 tragoedia
1956 2883 2098 2926 esse
2144 2864 2380 2928 censet.

880 2970 1011 3036 396
1066 2967 1450 3054 Adsumptis
1505 2967 1822 3034 Varronis
1890 2968 2107 3062 verbis
2164 2968 2335 3033 idem
2398 2990 2460 3052 p.
2517 2968 2647 3033 293
2704 2972 2997 3054 septena-

699 3077 870 3142 rium
933 3076 1113 3142 inani
1179 3076 1628 3161 supplemento
1686 3075 1869 3140 auxit
1921 3096 2317 3160 pravumque
2371 3074 2603 3159 pedem
2656 3076 3001 3142 temeraria

701 3184 1064 3250 mutatione
1109 3183 1361 3266 intulit;
1409 3182 1674 3267 scripsit
1718 3182 1789 3246 ni
1832 3182 2097 3246 mirum:

926 3341 940 3355 .
970 3341 984 3356 .
1031 3291 1100 3354 in
1143 3293 1387 3354 terram
1433 3289 1735 3354 cadentes
1783 3288 2017 3354 cubitis
2064 3287 2413 3373 pinsebant
2455 3288 2743 3356 humum.

878 3396 958 3462 In
1029 3395 1455 3482 praetextatis
1520 3418 1579 3461 v.
1645 3396 1686 3459 2
1751 3418 1812 3480 p.
1876 3395 2007 3460 279
2072 3393 2505 3461 Buechelcrus
2568 3419 2730 3461 muS.
2794 3396 2999 3464 Rhen.

701 3503 954 3568 XXVII
998 3505 1126 3569 477
1174 3506 1402 3569 narrat
1449 3502 1738 3569 sodalem
1785 3525 1970 3568 suum
2019 3501 2339 3585 quendam
2383 3507 2642 3587 praeter
2687 3525 2790 3588 ea,
2835 3526 2998 3590 quae

701 3611 843 3694 ipse
890 3610 1190 3696 coniecit,
1236 3616 1481 3677 cunctat
1526 3610 1772 3675 servari
1820 3613 1886 3674 et
1932 3614 2055 3674 tute
2099 3609 2391 3695 intellegi
2437 3610 2601 3675 velle
2648 3609 2900 3676 ‘caute’.

882 3718 923 3784 5
968 3716 1207 3782 Iulium
1251 3715 1587 3782 Victorem
1634 3715 1956 3801 Bergkius
2003 3715 2236 3781 Philol.
2262 3714 2545 3781 XXXIII
2582 3717 2713 3782 294
2756 3719 2998 3782 temere

705 3824 939 3888 statuit
1015 3823 1188 3908 apud
1261 3826 1590 3888 auctorem
1655 3845 1844 3888 suum
1907 3823 2296 3907 repperisse:
2368 3828 2441 3887 ut
2499 3821 2773 3890 Sabinae
2833 3825 3005 3907 apud
3064 3845 3069 3850 ·

703 3931 988 3996 Ennium
1035 3930 1137 3996 vel
1180 3935 1253 3995 ut
1293 3931 1548 3996 Ennius
1594 3929 1865 3996 Sabinas
1905 3930 2052 4012 fecit
2092 3931 2367 3996 dicentes.

879 4036 1266 4122 Indagatam
1323 4060 1362 4100 a
1408 4035 1527 4100 Th.
1573 4035 1871 4120 Roepero
1928 4036 1998 4100 in
2044 4037 2586 4101 commentatione
2634 4035 2997 4102 Gedanensi

705 4166 760 4208 a.
813 4143 980 4209 1869
1028 4145 1506 4228 praetextatam
1554 4142 1803 4207 scilicet
1838 4142 2209 4207 Ennianam
2236 4141 2655 4225 Scipionem
2700 4143 2872 4227 quod
2916 4165 2997 4205 ne

703 4251 1031 4315 mentione
1102 4249 1361 4333 quidem
1430 4249 1694 4335 dignam
1762 4249 2102 4314 habuerim
2159 4270 2291 4313 non
2356 4249 2493 4313 sine
2552 4248 2997 4332 indignatione

703 4378 910 4442 nuper
954 4356 1023 4420 in
1058 4354 1493 4422 Leutschiano
1540 4355 1750 4421 indice
1796 4355 2193 4442 philologico
2242 4354 2367 4421 vol.
2395 4353 2458 4418 V
2502 4378 2564 4438 p.
2593 4352 2679 4419 55
2722 4351 2996 4418 miratus
