3400 5075
581 326 758 382 CVIII
1475 323 1573 378 AD
1612 320 1971 379 TRAGICOS
2086 345 2093 350 ’

757 489 913 553 Tria
985 487 1328 572 proposuit
1401 508 1629 553 censor
1693 509 1859 571 quae
1927 487 2160 552 saltem
2226 508 2358 552 non
2422 487 2771 553 abhorrere
2840 510 2879 552 a

578 596 1041 681 probabilitate
1089 594 1453 659 videantur:
1502 594 1673 678 apud
1703 593 1961 658 Livium
1992 618 2049 659 v.
2078 596 2163 659 26
2211 596 2309 673 e'gyo
2346 602 2610 673 puellum
2639 596 2877 669 inle'rea,

580 705 648 767 in
700 702 969 768 Pacuvii
1024 726 1081 768 v.
1129 703 1260 767 410
1316 704 1604 768 extremo
1650 703 1903 767 satietas
1948 702 2153 784 capior
2197 707 2420 784 potest,
2476 702 2545 765 in
2592 700 2771 766 Accii
2819 725 2878 766 v.

579 811 710 876 515
755 811 858 874 me'
896 811 1004 873 uti.

758 917 944 981 Alter
1003 917 1111 1001 qui
1159 916 1227 980 in
1274 913 1578 980 Zarnckii
1635 915 1885 998 ephem.
1940 916 2136 980 litter.
2197 916 2367 979 1872
2427 937 2491 999 p.
2552 916 2683 979 422
2743 938 2878 1000 sqq.

579 1046 913 1089 censuram
971 1023 1165 1107 primi
1211 1022 1560 1089 voluminis
1619 1022 1903 1087 breviter
1966 1023 2101 1107 egit
2156 1043 2518 1105 anonymus
2564 1022 2876 1104 pauculas

579 1131 890 1217 quasdam
936 1131 1032 1195 illi
1081 1129 1552 1194 admonitiones
1601 1129 1898 1214 aspersit,
1940 1150 2099 1212 quas
2143 1128 2251 1191 1110
2298 1128 2702 1213 subiungam.
2812 1154 2819 1161 ·

763 1237 858 1303 Ac
904 1238 1185 1322 primum
1233 1236 1405 1320 quod
1441 1238 1508 1299 et
1537 1234 1861 1300 ablativos
1888 1236 1959 1298 in
1985 1236 2030 1300 d
2054 1237 2360 1298 exeuntes
2390 1233 2586 1298 Ennii
2612 1233 2879 1301 Pacuvii

579 1344 761 1410 Accii
836 1344 1125 1428 reliquiis
1199 1342 1438 1407 inlatos
1506 1344 1571 1405 et
1635 1342 2110 1406 modestissime
2178 1342 2245 1405 in
2311 1341 2728 1405 adnotatione
2796 1341 2878 1406 ad

581 1451 760 1516 Accii
805 1473 863 1515 v.
915 1452 1040 1516 146
1097 1450 1505 1534 propositum
1548 1450 1754 1530 praeci
1806 1448 2227 1531 vituperavit,
2283 1447 2588 1531 quoniam
2635 1469 2877 1511 novum

580 1560 1035 1644 argumentum
1090 1557 1314 1622 attulit
1366 1546 1614 1621 nullum
1670 1577 1790 1620 nec
1837 1557 2081 1638 quanta
2128 1554 2300 1618 docti
2348 1554 2469 1618 viri
2518 1554 2874 1617 auctoritas

579 1666 665 1729 sit
711 1668 824 1730 aut
870 1687 947 1729 ex
991 1665 1282 1729 litterula
1329 1688 1400 1749 ω,
1448 1685 1641 1748 quam
1685 1661 1969 1727 nominis
2026 1662 2164 1726 vioe
2224 1644 2413 1746 fungi
2455 1660 2680 1745 voluit,
2727 1661 2873 1725 sciri

576 1774 690 1837 aut
743 1794 821 1836 ex
877 1771 1155 1837 inventis
1212 1772 1350 1837 eius
1407 1771 1682 1835 divinari
1746 1771 1995 1856 potest,
2062 1790 2323 1833 causam
2378 1767 2676 1832 idoneam
2734 1788 2874 1831 esse

572 1900 707 1944 non
778 1879 965 1945 video
985 1930 1003 1962 ‚
1079 1900 1191 1943 cur
1254 1879 1687 1961 coniecturas,
1748 1899 1909 1961 quas
1974 1876 2253 1941 incertas
2320 1897 2460 1940 esse
2524 1896 2876 1958 numquam

576 1985 998 2069 dissimulavi,
1041 1987 1406 2050 retractem.

753 2090 922 2156 Livii
970 2115 1027 2155 v.
1076 2091 1156 2154 18
1185 2089 1440 2155 initium
1469 2090 1639 2155 idem
1671 2092 1766 2171 [et
1792 2088 2114 2175 Bergkius
2142 2088 2376 2155 Philol.
2402 2087 2687 2152 XXXIII
2716 2089 2871 2168 280]

574 2197 700 2263 hoe
747 2220 888 2262 esse
935 2197 1099 2262 vult:
1146 2197 1447 2280 oo'nfluyes
1491 2199 1613 2276 ubi,
1659 2219 1777 2262 nec
1832 2197 2154 2261 librorum
2211 2197 2568 2280 scripturas
2614 2215 2733 2259 nec
2782 2216 2875 2277 ea,

577 2326 739 2389 quae
771 2305 851 2369 ad
870 2302 1104 2369 Naevii
1123 2327 1181 2369 v.
1211 2305 1294 2368 58
1326 2304 1664 2368 adnotavit
1693 2304 2046 2369 scholiasta
2066 2303 2329 2386 Lucani,
2356 2324 2474 2366 1100
2495 2300 2874 2366 Buecheleri

577 2411 1085 2496 disputationem
1134 2410 1296 2475 satis
1344 2433 1594 2476 curans,
1655 2410 1734 2474 In
1773 2410 2059 2475 eiusdem
2087 2431 2146 2473 v.
2184 2410 2223 2472 9
2254 2410 2362 2473 deo
2398 2409 2598 2473 dicat
2633 2409 2876 2473 laudem

579 2519 803 2592 lubens,
831 2521 907 2583 ut
935 2517 1106 2603 quod
1134 2516 1324 2582 facile
1355 2517 1637 2602 cuipiam
1657 2517 1727 2582 in
1744 2519 2028 2582 mentem
2047 2515 2283 2598 veniat,
2311 2526 2445 2580 non·
2464 2515 2871 2600 sprevissem,

578 2625 633 2689 si
660 2626 866 2691 dicare
906 2626 1146 2691 laudem
1183 2625 1426 2690 locutio
1464 2648 1586 2689 usu
1624 2625 1727 2689 vel
1766 2624 2019 2689 ratione
2068 2624 2172 2686 sat
2219 2623 2639 2706 comprobata
2685 2626 2877 2689 esset.

754 2731 1101 2816 Perperam
1156 2733 1222 2794 et
1282 2735 1525 2796 temere
1579 2733 1647 2795 in
1690 2731 1891 2795 Ennii
1943 2753 2002 2796 v.
2049 2729 2179 2793 243
2227 2727 2574 2813 ‘templum
2621 2727 2875 2795 Cereris

578 2838 660 2902 ad
702 2838 958 2904 laevam
1002 2837 1188 2919 spice'
1249 2837 1549 2922 coniecit,
1610 2838 1796 2921 quasi
1854 2836 2055 2920 aspice
2112 2858 2244 2899 non
2297 2837 2398 2900 vel
2454 2859 2581 2901 uno
2637 2861 2696 2901 v.
2744 2838 2873 2902 302

578 2945 739 3009 satis
792 2945 1176 3009 firmaretur.
1265 2966 1418 3007 nam
1471 2968 1530 3008 v.
1577 2946 1704 3009 237
1756 2943 1928 3027 quod
1970 2942 2264 3027 Iuppiter
2317 2943 2657 3008 invocatur
2692 2939 2873 3028 ‘quia

577 3073 679 3115 res
741 3051 951 3115 omnis
1014 3051 1234 3134 spicis'
1293 3050 1378 3136 (si
1430 3051 1686 3135 quidem
1736 3051 1861 3115 hoc
1925 3051 2024 3115 uti
2070 3049 2280 3115 voluit
2325 3051 2645 3134 exemplo:
2702 3050 2875 3133 quod

578 3157 749 3222 enim
797 3157 1090 3223 laudavit
1141 3157 1287 3222 Pac.
1328 3158 1414 3223 54
1469 3158 1733 3223 omnino
1785 3157 1938 3223 hinc
1993 3157 2275 3221 alienum
2321 3153 2448 3242 est)
2503 3159 2645 3221 toto
2693 3158 2871 3222 caelo

576 3264 738 3329 illud
793 3263 1050 3348 quidem
1096 3264 1419 3329 diversum
1474 3268 1592 3329 est.
1682 3264 1875 3348 Apud
1928 3264 2198 3328 eundem
2253 3286 2311 3327 v.
2365 3265 2494 3328 302
2550 3286 2705 3347 prae
2756 3264 2870 3327 illo

579 3371 750 3454 quod
785 3369 1080 3436 Ciceroni
1120 3373 1387 3436 debetur
1423 3373 1710 3437 invocant
1762 3371 2139 3456 languidum
2188 3373 2254 3433 et
2301 3371 2425 3435 vile
2473 3373 2573 3434 est
2601 3370 2873 3452 simplex

577 3483 821 3554 vocant‚·
871 3481 1061 3561 atque
1110 3479 1371 3543 omnino
1409 3479 1666 3562 falsum,
1715 3479 1963 3543 Graeca
1999 3485 2242 3542 τοῦτον
2278 3473 2473 3561 νόμζε
2514 3479 2698 3558 Ζῆνα
2738 3475 2871 3539 81118

580 3585 662 3649 ad
707 3585 975 3649 verbum
1021 3585 1436 3669 interpretari
1484 3586 1768 3650 voluisse
1815 3587 2095 3667 poetam.

756 3687 835 3755 V.
874 3691 1000 3755 361
1052 3693 1223 3775 quod
1270 3694 1529 3757 conlato
1568 3715 1626 3755 v.
1666 3692 1797 3756 256
1839 3690 2125 3773 suppleri
2173 3689 2264 3753 sic
2303 3687 2518 3752 iussit:
2556 3694 2624 3752 at
2667 3691 2875 3771 cupita

577 3799 792 3881 cupide
817 3818 1028 3880 cupere
1055 3819 1394 3882 numquam
1430 3799 1671 3875 desinit,
1711 3797 1778 3860 id
1806 3796 2061 3881 quidem
2098 3794 2317 3859 ludere
2348 3797 2465 3878 est,
2500 3815 2634 3858 non
2662 3817 2870 3859 emen-

578 3904 749 3970 dare.
840 3926 993 3969 nam
1050 3903 1118 3967 in
1165 3902 1472 3970 Cicerone
1534 3926 1894 3988 versamur,
1952 3902 2061 3986 qui
2109 3902 2219 3965 ubi
2268 3900 2595 3966 scaenicos
2644 3905 2913 3984 poetas-

576 4012 803 4078 laudat
851 4033 1042 4094 saepe
1081 4011 1388 4094 discerpit
1426 4031 1670 4093 suoque
1710 4009 1991 4074 sermoni
2029 4008 2296 4073 lacinias
2336 4009 2533 4072 etiam
2571 4030 2873 4072 versuum

580 4119 838 4184 omissis
886 4118 1114 4183 mediis
1153 4117 1399 4181 inserit.
1488 4136 1606 4179 neo
1652 4115 1842 4180 facile
1900 4114 2182 4179 adducor
2228 4118 2303 4178 ut
2353 4114 2610 4179 credam
2656 4113 2758 4178 bis
2806 4113 2873 4175 in

578 4224 933 4311 tragoediis
971 4224 1254 4288 Ennium
1294 4223 1498 4286 eidem
1536 4222 1882 4286 verborum
1923 4220 2427 4285 adcumulationi
2465 4219 2825 4284 indulsisse.

756 4329 952 4415 Apud
992 4329 1345 4395 Pacuvium
1383 4352 1439 4393 v.
1477 4329 1605 4394 239
1645 4323 1825 4412 ‘quid
1858 4351 1960 4393 me
2007 4327 2288 4392 insueto'
2329 4327 2499 4411 quod
2544 4325 2653 4390 ille
2690 4344 2873 4408 prae-
