3400 5075
1146 391 1207 449 L.
1248 390 1670 451 POMPOMVS
1709 389 2194 450 BONON11·:NSIS
2686 393 2811 462 227

1372 554 1958 621 AVCTORATVS

1579 672 1612 735 ¹
1661 669 1764 757 (3)
1864 763 1884 781 ,
2145 761 2157 774 .

1800 783 2009 845 neque
2056 783 2226 825 emm
2274 782 2396 846 ego

575 877 653 940 15
702 875 855 941 Sum
903 874 1166 939 Memmi
1211 898 1419 960 neque
1467 874 1657 942 Cassi
1699 899 1908 960 neque
1955 877 2208 941 Munati
2254 877 2528 942 'Em-iae.

1560 991 1624 1055 ΙΙ
1706 994 1745 1055 2

703 1159 716 1171 .
808 1109 1157 1191 postquam
1205 1108 1480 1173 conueni
1528 991 2096 1200 om}S)conuiuss
2144 1132 2318 1173 meas

1542 1223 1643 1287 III
1691 1220 1792 1309 (4)

701 1337 924 1403 Metuo
971 1338 1178 1401 illum:
1227 1337 1424 1402 ioeiiri
1471 1339 1704 1422 nescit,
1751 1340 1916 1403 hidit
1959 1339 2232 1403 nimium
2277 1341 2609 1405 insziniter.

1545 1452 1642 1516 IV
1691 1451 1792 1539 (1)

701 1566 954 1633 Occidit
999 1573 1256 1632 taurum
1303 1569 1600 1652 tomiter,
1646 1591 1749 1631 me
1798 1571 2014 1634 amo‘re
2062 1571 2394 1634 saucii-ituit.

662 1765 1032 1814 Avc‘rom'rvs
1105 1765 1132 1814 1
1169 1763 1505 1815 Charisiusl
1542 1781 1594 1829 p.
1622 1765 1687 1815 37
1714 1765 1782 1814 Ρ.
1813 1765 2139 1814 ‘communia
2167 1769 2258 1814 ex’
2284 1764 2411 1827 (scr.
2448 1770 2552 1816 ‘et'
2590 1770 2651 1815 ut
2673 1766 2818 1830 apud

527 1831 927 1895 Donatianum)
969 1833 1302 1882 ‘masculino
1342 1838 1396 1882 et
1436 1833 1729 1897 feminino,
1768 1837 1829 1882 ut
1864 1832 2127 1883 adsecula
2152 1833 2404 1883 conuiua.
2461 1834 2819 1898 Pompeius

524 1901 580 1948 in
606 1902 909 1950 Auctorato
937 1897 1054 1964 (11).
1129 1900 1322 1949 ebria
1349 1900 1657 1949 masculino
1683 1901 1742 1949 in
1769 1900 1962 1950 eodem
1990 1901 2372 1965 Pompeius
2400 1906 2596 1965 neque’
2621 1917 2666 1955 e
2696 1917 2746 1967 q
2773 1917 2815 1950 s·

523 1968 827 2017 Donatiani
877 1968 1072 2032 fragm.
1118 1968 1324 2017 editum
1377 1969 1608 2033 primum
1656 1983 1690 2017 a
1738 1967 2056 2018 Gaisfordio
2112 1969 2167 2016 in
2216 1969 2490 2032 script-ort.
2540 1971 2646 2018 La
2631 1976 2688 2019 t.
2737 1970 2818 2018 rei

525 2036 786 2084 metricae
823 2036 999 2100 praef.
1036 2051 1089 2099 p.
1124 2035 1285 2094 VIII,
1324 2050 1470 2084 nunc
1517 2037 1574 2084 in
1611 2035 1783 2085 Keilii
1821 2051 2047 2100 gramm.
2089 2035 2239 2084 Latt.
2280 2036 2355 2085 VI
2391 2053 2443 2102 p.
2482 2039 2609 2086 276:
2650 2042 2819 2086 ‘com-

527 2105 718 2152 munia
752 2109 806 2152 et
851 2102 1154 2152 masculino
1205 2110 1259 2153 et
1309 2103 1597 2163 feminino,
1645 2109 1707 2152 ut
1752 2103 1978 2153 adsecla
2025 2103 2259 2153 conuiua
2306 2105 2475 2154 ebria.
2516 2101 2819 2220 ίΙέοοιιιιίιιιιι]

526 2171 789 2220 feminino
828 2171 1228 2235 Pomponius
1263 2171 1321 2220 in
1347 2173 1647 2220 Auctorato
1675 2167 1789 2235 [11].
1829 2171 1985 2220 ebria.
2015 2170 2316 2220 masculino
2355 2173 2411 2220 in
2450 2188 2513 2220 eo
2555 2188 2636 2221 em
2663 2172 2796 2221 Pom

526 2240 724 2303 ponius
761 2235 876 2303 [1]st
914 2240 1301 2297 (aucturato
1339 2239 1463 2287 V.at
1501 2240 1658 2300 3402)
1799 2239 1852 2287 11
1890 2231 2172 2289 Charisius
2210 2238 2233 2288 1
2273 2255 2327 2303 p.
2367 2241 2431 2289 37
2457 2239 2517 2289 Ρ.
2556 2240 2816 2288 Donatia-

524 2321 627 2354 nus
663 2307 702 2357 l.
743 2306 778 2359 l.
829 2304 899 2354 ad
949 2306 1013 2355 fr.
1050 2306 1079 2355 1
1148 2305 1472 2355 Priscianus
1508 2307 1554 2354 V
1589 2308 1621 2354 2
1657 2323 1708 2371 p.
1747 2307 1846 2355 642
1883 2307 1943 2356 P.
1993 2305 2105 2356 ‘hic
2150 2311 2207 2356 et
2253 2305 2393 2356 haec
2440 2307 2735 2370 agricola.

526 2373 835 2423 conuiua.
915 2373 1246 2437 Pomponius
1295 2374 1348 2421 in
1387 2376 1716 2423 Auctorato.
1769 2374 2025 2423 conueni'
2071 2388 2115 2422 e.
2157 2389 2206 2437 q.
2245 2389 2287 2422 s·
2492 2374 2575 2424 111
2612 2374 2822 2426 Nonius

524 2444 653 2500 509,
690 2443 757 2490 30
802 2441 1174 2491 ‘insaniter
1220 2442 1585 2505 Pomponio
1621 2447 1928 2491 auctore:
1977 2446 2185 2492 metuo’
2224 2458 2270 2491 e.
2310 2457 2363 2506 q.
2405 2457 2447 2495 s,
2509 2439 2820 2506 (auctoro

477 2507 486 2514 “
525 2512 652 2559 Par.
689 2505 756 2574 P)
829 2509 1151 2559 Priscianus
1177 2509 1275 2559 XV
1312 2513 1343 2559 3
1381 2525 1431 2574 p.
1466 2510 1596 2559 1010
1619 2510 1680 2560 P.
1723 2509 2081 2574 ‘Pomponius
2118 2510 2176 2559 in
2213 2509 2604 2561 Auctorato:
2645 2509 2821 2561 ludit

525 2594 577 2626 ιι.
617 2577 651 2625 i.
691 2593 788 2642 pro
834 2578 1070 2627 insane!
1109 2576 1496 2641 (aucturato
1537 2577 1688 2631 Grut.
1737 2581 2044 2627 auet’ato
2092 2576 2283 2644 Sang.)
2489 2579 2565 2627 lv
2611 2579 2823 2628 Nonius

525 2646 641 2707 516,
683 2648 743 2693 13
780 2645 1061 2694 ‘tot-bite
1079 2661 1119 2694 r.
1188 2645 1523 2709 Pomponius
1563 2645 1887 2695 Auctor-ato:
1928 2645 2153 2695 occidit'
2202 2662 2247 2695 e.
2296 2660 2349 2708 q.
2396 2661 2437 2695 n.
2518 2646 2818 2696 Ariadnam

526 2712 674 2777 loqui
712 2728 776 2760 ac
815 2711 1054 2761 fortasse
1092 2711 1239 2776 apud
1275 2711 1508 2761 Nonium
1547 2727 1613 2761 ex
1650 2712 1951 2763 Auctorato
1987 2713 2157 2762 uerba
2196 2729 2316 2762 cum
2351 2714 2515 2763 titulo
2541 2714 2820 2763 Ariadnae

528 2780 802 2829 excidisse
847 2780 1159 2843 suspicatur
1195 2779 1478 2830 Vahlenus
1523 2795 1658 2830 mus.
1706 2780 1881 2833 Rhen.
1920 2781 2046 2830 XVI
2082 2783 2209 2838 473
2259 2783 2417 2845 quasi
2464 2782 2819 2831 uenationem

525 2849 580 2896 in
620 2845 1028 2911 amphitheatro
1067 2848 1376 2898 institutam
1414 2848 1669 2913 intellegi
1706 2849 1939 2898 uetitum
1977 2850 2067 2897 sit.
2140 2849 2265 2897 Enii
2290 2849 2519 2899 Medeae
2558 2850 2697 2900 adeo
2726 2850 2819 2898 tri-

529 2917 625 2964 bui
661 2915 784 2964 uult
819 2915 1230 2975 Quicheratius.

705 3094 780 3150 14
839 3110 1018 3167 neque
1071 3095 1212 3149 enim
1264 3110 1368 3166 ego
1427 3096 1550 3151 cod.
1599 3095 1851 3151 Charisii
1903 3113 2079 3169 neque
2139 3113 2244 3170 ego
2301 3099 2387 3151 ed.
2443 3114 2565 3167 pr„
2624 3095 2820 3158 Dona-

528 3183 674 3237 tiani
714 3180 975 3235 Ambros.
1021 3195 1197 3251 neque
1243 3196 1376 3252 ergo
1424 3181 1674 3234 eiusdem
1738 3181 1917 3235 Vatic.
1964 3180 2128 3238 3402
2177 3198 2351 3253 neque
2399 3183 2486 3236 ed.
2526 3198 2624 3250 pr.

531 3260 607 3320 15
653 3281 772 3320 sum
818 3263 1029 3319 Memmi
1073 3264 1501 3319 Lindemannus
1545 3280 1663 3318 sum
1711 3265 1888 3319 menni
1938 3266 2187 3321 Charisii
2229 3267 2351 3321 cod.
2400 3281 2517 3319 sum
2564 3264 2823 3320 Memnius

529 3352 616 3410 ed.
659 3367 755 3420 pr.
803 3365 920 3403 sum
968 3349 1107 3403 meni
1139 3349 1456 3404 Donatiani
1499 3350 1585 3403 ed.
1625 3365 1727 3418 pr.
1772 3351 1984 3404 sumeni
2032 3351 2156 3406 Vat.
2195 3365 2348 3403 sume
2394 3349 2572 3418 (corr.
2622 3352 2698 3404 al.
2747 3368 2819 3405 m.

527 3433 694 3505 sutile)
740 3434 793 3489 ni
838 3434 1098 3489 Amores.
1271 3431 1484 3487 Cassius
1528 3434 1615 3487 ed.
1658 3450 1753 3503 pr.
1806 3432 2058 3489 Charisii
2106 3432 2283 3490 cassia
2326 3433 2646 3488 Domitiani
2696 3437 2827 3488 Am-

530 3520 681 3575 bros.
747 3518 926 3573 Vatic.
975 3519 1139 3573 castia
1186 3520 1273 3575 ed.
1317 3535 1412 3588 pr.
1606 3510 1877 3572 Munatius
1922 3518 2240 3575 Donatiani
2282 3518 2474 3572 Ambr.
2542 3518 2667 3573 γαί.
2732 3517 2824 3574 Mi·

531 3605 723 3660 matius
782 3605 868 3659 ed.
925 3621 1019 3675 pr.
1081 3603 1258 3659 Char.
1318 3601 1587 3658 Mimacius
1632 3603 1952 3659 Donatiani
1993 3604 2078 3658 ed.
2117 3620 2215 3673 pr.
2389 3600 2577 3657 Ebu-iae
2622 3602 2827 3658 Linde-

528 3738 775 3778 mannus
817 3692 975 3792 ebt-{a
1023 3723 1146 3777 cod.
1198 3719 1448 3776 Charisii
1488 3717 1632 3776 ebria
1690 3722 1774 3775 ed.
1830 3737 1943 3790 pr„
1992 3721 2360 3777 Donatianus
2528 3720 2824 3793 Inleyrwn

530 3809 922 3879 septenarium
954 3810 1185 3860 metitur
1205 3805 1449 3876 Keilius,
1482 3807 1885 3877 eleyantiorem
1917 3807 2072 3861 hunc
2103 3804 2279 3877 neque
2299 3806 2439 3859 enim
2473 3820 2592 3859 sum
2618 3804 2825 3859 Memmi

533 3908 708 3964 neque
753 3889 899 3944 Cassi
946 3888 1122 3962 neque
1168 3906 1273 3963 ego
1320 3888 1519 3944 Munati
1565 3882 1772 3944 ‘Ebriae
1816 3890 1879 3945 L.
1929 3890 2179 3945 Mueller
2222 3891 2291 3944 de
2338 3904 2405 3944 re
2433 3907 2506 3943 m.
2540 3886 2657 3942 421
2696 3890 2825 3943 red·

530 3977 686 4032 didit.
776 3977 1144 4045 Anapaestos
1189 3977 1336 4030 tales
1380 3990 1555 4046 neque
1601 3975 1741 4029 enim
1789 3978 1893 4046 ego
1939 3992 2055 4029 sum
2090 3974 2298 4029 Memmi
2343 3989 2389 4028 e.
2436 3992 2489 4045 q.
2539 3989 2583 4028 s.
2634 3975 2826 4028 ultimo

530 4063 779 4131 spondeo
823 4062 1124 4132 deficiente
1154 4060 1382 4131 disponi
1415 4074 1586 4129 posse
1616 4063 1830 4115 monuit
1861 4059 2262 4115 Buecheler-us
2435 4056 2511 4114 16
2558 4059 2824 4112 conuenio

532 4146 783 4201 Charisii
824 4146 969 4214 cod„
1014 4145 1168 4217 quod
1207 4147 1344 4199 siin
1390 4143 1622 4198 conueni
1670 4160 1776 4217 ego
1820 4148 2037 4200 mutari
2076 4146 2240 4211 licet,
2288 4146 2508 4215 inteyer
2552 4144 2827 4213 expletur

530 4234 801 4285 senarius
971 4228 1146 4284 omnis
1191 4229 1558 4285 Domitianus
1613 4244 1801 4283 omnes
1847 4229 2097 4284 Charisii
2152 4230 2275 4286 cod.
2451 4242 2598 4281 meos
2646 4226 2822 4298 Sany.

534 4315 698 4371 Grue.
747 4314 1041 4369 Prisciani
1211 4322 1494 4386 postquam
1540 4313 1799 4368 conuiuas
1832 4329 2018 4368 omnes
2050 4313 2279 4368 conueni
2324 4328 2466 4366 meas
2499 4310 2744 4367 Baebius

537 4400 610 4457 17
661 4399 823 4454 Iocari
871 4398 1070 4453 Bamb.
1118 4398 1391 4468 Montis-p.
1571 4396 1647 4452 18
1695 4399 1925 4453 toruiter
1970 4399 2093 4454 edd.
2156 4397 2385 4452 [orbiter
2437 4397 2575 4451 libri
2745 4412 2827 4451 me

2299 4492 2399 4545 15·
