3400 5075
1283 339 1562 391 SEXTVS
1599 340 1989 393 TVRPILIVS
2701 338 2784 403 85

1049 636 1510 723 SEXTVS
1572 638 2227 724 TVRPILIVS

1340 842 1934 908 BOETHVNTES

670 958 963 1023 Meldsia!
1011 959 1186 1022 intus
1233 959 1488 1022 ccssas‘?
1536 959 1726 1023 credo
1772 959 1985 1023 hercle
2033 958 2250 1024 hfilluo

668 1074 1159 1138 Tubtircinatur.

1527 1161 1592 1225 II
1640 1159 1740 1246 (6)

668 1276 838 1341 Eum
887 1276 1227 1361 dcrepcnte
1276 1277 1503 1342 ducere
1550 1300 1815 1342 uxorem
1862 1278 2069 1342 atidio.

1508 1409 1608 1473 III
1654 1408 1757 1495 (3)

1468 1526 1577 1608 qui
1623 1525 1824 1589 ucrba
1871 1528 2147 1589 uenatur
2192 1548 2353 1609 mea,

582 1642 622 1701 ἴ)
670 1637 907 1722 Ρθεὲίε,
954 1639 1009 1703 si
1055 1639 1375 1703 abscedat.
1468 1637 1500 1709 ss·
1545 1641 1614 1703 ait
1660 1662 2022 1705 sermonem
2067 1641 2219 1705 hinc
2265 1641 2616 1725 sublegam.

1511 1772 1608 1838 IV
1656 1771 1756 1856 (5)

883 1938 895 1950 .
988 1909 1226 1970 quaeso
1275 1888 1489 1972 o6gita
1536 1910 1610 1952 ac
1657 1884 1961 1951 delibera.

1531 2019 1591 2083 V
1640 2018 1738 2105 (4)

664 2134 875 2198 Macte
922 2135 1161 2199 uirtute
1209 2137 1365 2202 (isto.

619 2329 864 2378 'l'vumm
893 2329 1261 2380 Bomnvnrss
1330 2330 1356 2380 1
1391 2330 1601 2378 Nonius
1628 2330 1745 2391 179,
1770 2330 1837 2378 25
1863 2329 2321 2379 ‘tuburcinari
2351 2328 2630 2394 significat
2653 2345 2775 2395 rap·

487 2397 583 2445 tim
609 2397 938 2447 manducare
967 2438 977 2449 .
1008 2434 1020 2447 .
1046 2436 1059 2450 .
1086 2397 1367 2463 Turpilius
1394 2395 1830 2447 Boiithuntibus:
1870 2396 2133 2446 Melcxia’
2175 2411 2221 2447 e.
2250 2411 2300 2459 q.
2327 2411 2369 2446 s.
2411 2398 2565 2455 (Boe
2584 2398 2775 2447 thon-

485 2465 667 2515 tibus
704 2466 789 2524 W,
827 2466 995 2514 etiam
1040 2466 1097 2514 iu
1142 2465 1306 2516 Leid.
1353 2482 1384 2515 ο
1432 2480 1535 2514 scr.
1581 2479 1748 2529 supra
1784 2465 1841 2526 u)
2002 2464 2056 2514 11
2095 2464 2306 2514 Nonius
2342 2466 2457 2527 518,
2494 2468 2525 2514 3
2563 2464 2776 2515 ‘derc-

485 2539 697 2598 pentc.
759 2532 1039 2598 Turpilius
1063 2532 1553 2585 Boetuntibus:
1595 2536 1742 2583 eum’
1771 2548 1818 2586 e.
1846 2547 1897 2596 q.
1924 2547 1967 2588 s.
2041 2530 2538 2595 (Boetundibus
2563 2532 2776 2598 Bamb.)

623 2600 702 2650 111
738 2599 949 2650 Nonius
973 2603 1087 2661 332,
1126 2604 1192 2652 28
1227 2603 1486 2666 ‘legere
1525 2603 1801 2665 surripere
1831 2599 2138 2664 significat,
2174 2598 2317 2651 uude
2345 2604 2400 2651 et
2423 2599 2774 2667 sacrilegium

485 2667 709 2727 dicitur,
745 2665 802 2716 id
840 2674 924 2717 cst
957 2668 1024 2718 de
1061 2685 1217 2719 sacro
1257 2669 1463 2718 furtum
1493 2706 1503 2717 .
1530 2706 1545 2719 .
1572 2706 1584 2718 .
1610 2667 1891 2733 Turpilius
1927 2667 1984 2716 in
2008 2668 2402 2718 Boiituntibusz
2444 2670 2539 2733 qui
2575 2670 2772 2720 uerba’

487 2752 533 2785 e.
562 2751 612 2800 q.
639 2751 682 2788 s.
821 2734 899 2786 1v
933 2734 1144 2788 Nonius
1168 2739 1285 2800 429,
1322 2740 1379 2786 19
1417 2737 1584 2785 ‘inter
1622 2736 1931 2800 cogitare
1969 2741 2026 2785 ct
2059 2734 2454 2787 deliberare
2491 2737 2597 2786 hoc
2630 2737 2776 2787 iuter

483 2807 591 2852 est:
647 2803 897 2866 cogitare
936 2807 1022 2853 cst
1068 2803 1431 2866 coufirmar0‚’
1490 2803 1813 2867 (‘dubitare’
1860 2802 2005 2866 Ald.)
2054 2802 2388 2855 ‘deliberare
2436 2803 2774 2856 confirmare.

485 2869 772 2934 Turpilius
799 2872 1291 2922 Boiituntibus:
1369 2876 1561 2922 uaeso’
1590 2887 1637 2920 e.
1666 2887 1718 2934 q.
1747 2885 1792 2924 s.
1930 2871 1977 2919 V
2002 2870 2211 2921 Nonius
2237 2873 2408 2930 3421
2448 2877 2773 2922 ‘mactare

483 2942 567 2987 est
605 2939 780 3002 magis
818 2953 1022 3002 augere
1050 2975 1062 2988 .
1092 2978 1106 2992 .
1131 2977 1143 2988 .
1172 2940 1341 3004 Turpi
1370 2939 1451 2989 'us
1489 2938 1985 2989 Boiitontibus:
2025 2944 2200 2989 macte
2237 2954 2288 2988 u.
2327 2944 2400 2992 α’

657 3145 686 3198 1
736 3144 968 3199 Melcxca
1010 3144 1169 3200 Leid.
1217 3143 1435 3199 Melexia
1469 3147 1650 3200 ceteri
1688 3144 1839 3200 libri.
1885 3142 2133 3199 Melexias
2180 3161 2381 3201 nomen
2426 3146 2774 3201 inauditum.-

477 3229 736 3300 fortasse
780 3227 994 3283 Melcsia
1041 3231 1159 3296 uel,
1210 3232 1263 3284 si
1304 3233 1401 3284 cui
1443 3236 1504 3285 ut
1537 3230 1880 3302 Kiesslinyio
1910 3232 2291 3300 imperatiuus
2334 3230 2416 3283 exi
2463 3232 2518 3285 in
2563 3231 2773 3286 litteris

483 3315 711 3369 traditis
751 3316 938 3368 latere
970 3313 1279 3382 uidebitur,
1329 3312 1556 3368 Melanta
1602 3312 1717 3382 (uel
1748 3312 1941 3368 Melete
1981 3315 2074 3368 uel
2107 3311 2320 3382 Meles),
2368 3314 2477 3367 cxi!
2528 3307 2772 3388 [Melesia

483 3399 775 3471 Berqltius
818 3413 1043 3470 quoque
1088 3399 1308 3453 annall.
1351 3398 1572 3468 philoll.
1625 3397 1787 3454 1870
1823 3415 1885 3468 p.
1936 3395 2056 3453 834
2117 3404 2303 3452 morte!
2360 3398 2772 3453 restituendum

481 3475 657 3556 esse.]
740 3555 749 3559 η
829 3497 1006 3536 cessas
1054 3482 1416 3538 Harleianus
1458 3491 1632 3537 cessat
1689 3484 1871 3537 ceteri
1920 3481 2057 3536 libri
2225 3480 2260 3535 3
2308 3480 2506 3535 ducere
2551 3497 2771 3536 uxorem

481 3565 640 3621 audio
669 3566 909 3622 Bothius
940 3580 1160 3620 uxorem
1186 3566 1343 3621 audio
1374 3565 1572 3621 ducere
1600 3568 1737 3623 libri
1906 3564 1942 3621 5
1987 3564 2179 3637 pesti8‚
2210 3565 2255 3618 si
2287 3562 2534 3620 abscedat
2562 3570 2778 3636 scripsi

480 3651 650 3724 pestis
697 3649 939 3705 arsccdat
997 3650 1133 3704 libri
1187 3650 1395 3724 pestis?
1455 3648 1682 3706 Arcedat
1730 3648 1995 3722 Scaliqer
2049 3647 2203 3702 Coni.
2249 3651 2307 3704 in
2371 3649 2538 3705 Varr.
2581 3667 2642 3720 p.
2693 3649 2771 3705 74

482 3735 653 3807 postis
699 3733 912 3790 arcedat
956 3736 1099 3789 idem
1128 3752 1187 3805 p.
1223 3734 1322 3803 87,
1373 3735 1707 3790 Gulielmius
1769 3735 1944 3790 Veris.
1991 3732 2063 3787 II
2102 3730 2176 3786 21.
2227 3731 2476 3806 postibus
2521 3731 2772 3789 abscedat

482 3820 725 3875 Bothius
770 3817 806 3872 2
867 3817 1083 3873 arcedat
1148 3820 1314 3892 pestis
1362 3818 1752 3890 Grautoffius.
1832 3818 2106 3887 Aper-tius
2160 3832 2222 3872 se
2262 3818 2591 3874 locuturum
2647 3835 2773 3875 esse

471 3905 817 3974 profitetur,
875 3905 927 3958 si
978 3905 1325 3974 inportunus
1376 3906 1570 3959 nescio
1628 3906 1757 3975 quis
1800 3902 2032 3957 auditor
2076 3902 2313 3957 aln'eril:
2371 3908 2432 3957 al
2475 3903 2528 3958 is
2564 3903 2772 3974 furtim

480 4003 511 4042 e
552 3990 793 4043 latebris
838 3995 1040 4056 captat
1085 4003 1419 4043 sermonem.
1599 3988 1891 4043 Personae
1951 3988 2119 4058 uulyo
2175 4004 2285 4041 non
2344 3988 2773 4059 distinquuntur

648 4066 724 4148 at]
773 4079 827 4126 ct
868 4073 1004 4127 libri
1046 4088 1146 4126 uec
1192 4072 1433 4127 Bothius
1477 4071 1541 4126 2:
1589 4089 1664 4126 an
1710 4087 1814 4143 ego
1862 4073 1951 4127 uel
1999 4071 2148 4125 cius?
2305 4069 2583 4144 sublegam
2636 4073 2776 4127 libri

479 4156 728 4229 sublegat
774 4155 1071 4228 Scaliyer,
1119 4156 1347 4227 Lipsius
1377 4157 1507 4211 Ant.
1555 4158 1687 4211 lece.
1747 4155 1793 4210 V
1837 4154 1945 4225 13,
1993 4171 2135 4227 quos
2176 4159 2363 4210 secuti
2404 4163 2536 4211 sunt
2581 4171 2774 4212 omnes

649 4241 684 4297 6
730 4238 965 4294 delibera
1013 4255 1141 4295 cum
1185 4241 1550 4312 sequentibus
1595 4257 1698 4294 om.
1735 4239 1936 4294 Bamb.
2111 4240 2144 4294 7
2194 4257 2269 4294 an
2315 4242 2555 4297 iambice
2599 4249 2770 4297 macte

478 4324 598 4381 csto
647 4325 883 4379 uirtute?
