3400 5075
677 325 764 389 64
1481 325 1695 375 CAECI
1703 323 1869 375 LIVS
1907 323 2204 375 STA'rlvs

1722 480 1815 545 Vl
1895 482 1934 544 9

857 597 1264 681 Properatim
1311 599 1380 660 in
1425 597 1709 661 tenebris
1759 480 1925 660 {stile
1940 480 2339 660 >confectum
2387 598 2487 659 est
2533 617 2716 679 opus.

1670 710 1799 775 VII
1848 710 1993 797 (12)

861 826 1297 911 Consequitur
1343 849 1556 891 comes
1604 826 1957 911 insomnia,
2003 849 2079 890 ea
2123 828 2316 910 porro
2363 826 2686 890 insaniam
2734 827 2937 890 affert.

1670 939 1836 1004 VIII
1885 938 1986 1027 (3)

861 1109 873 1120 .
1075 1109 1086 1120 .
1178 1057 1234 1120 is
1282 1056 1539 1120 demum
1590 1053 2067 1119 infortunatust
2110 1056 2325 1140 home,

692 1173 816 1236 170
864 1170 1117 1256 Pauper
1164 1172 1273 1255 qui
1320 1171 1533 1235 educit
1579 1169 1650 1234 1'11
1698 1175 2053 1255 egestatem
2100 1169 2369 1253 liberos;

860 1285 978 1351 Cui
1024 1286 1288 1351 f6rtuna
1336 1290 1401 1350 et
1447 1309 1547 1350 res
1594 1286 1769 1350 mida.
1816 1289 1941 1370 est,
1987 1286 2295 1350 continuo
2344 1288 2540 1369 patet.

858 1400 1028 1465 Nam
1077 1403 1384 1485 opulento
1433 1405 1673 1464 famam
1719 1401 1907 1465 facile
1958 1401 2238 1465 occultat
2283 1400 2496 1462 factio

689 1578 850 1629 cilius
888 1578 1101 1629 Plocio:
1138 1578 1396 1643 pudebat’
1437 1595 1483 1630 e.
1523 1593 1573 1641 q.
1611 1595 1652 1627 s.
1793 1579 1870 1627 VI
1908 1578 2116 1627 Nonius
2159 1578 2276 1633 153,
2317 1578 2380 1625 14
2418 1580 2887 1643 ‘properatim,
2931 1580 2984 1629 id

683 1652 767 1697 est
814 1652 1192 1711 properanter.
1249 1642 1579 1695 'Caecilium
1635 1645 1992 1710 properatim’
2031 1660 2076 1693 e.
2116 1659 2167 1707 q.
2208 1659 2250 1694 a.
2331 1642 2481 1693 Idem
2537 1648 2659 1708 155,
2714 1650 2744 1696 3
2799 1651 2983 1712 ‘pro-

680 1715 976 1779 peratim
1026 1719 1082 1764 et
1130 1714 1459 1779 properiter,
1508 1712 1790 1774 celeriter,
1839 1716 2199 1777 properanter
2244 1748 2255 1760 .
2293 1747 2305 1759 .
2345 1752 2354 1761 .
2398 1752 2409 1764 .
2454 1710 2731 1763 Caecilius
2768 1715 2982 1763 Plociox

681 1782 1041 1846 properatim’
1081 1797 1127 1831 e.
1163 1797 1214 1845 q.
1257 1797 1297 1832 s.
1336 1778 1420 1842 (C.
1457 1779 1687 1830 Plocio
1727 1780 2138 1846 properatim
2176 1793 2280 1830 om.
2319 1778 2503 1843 Leid.)
2630 1782 2735 1832 VII
2773 1782 2986 1832 Nonius

681 1851 799 1912 209,
840 1850 901 1897 16
940 1848 1372 1898 ‘insomnium
1408 1849 1621 1912 generis
1658 1846 1852 1897 neutri.
1926 1846 2200 1896 Feminini
2237 1844 2514 1897 Caecilius
2553 1846 2763 1898 Plocio:
2802 1863 2984 1899 eonse-

684 1917 892 1979 quitur’
931 1931 971 1966 e.
1015 1932 1065 1980 q.
1106 1931 1150 1965 e.
1190 1914 1496 1977 (Ploch'ro
1532 1916 1711 1979 Leid.)
1852 1914 1982 1964 VIII
2020 1913 2232 1964 Gellius
2274 1913 2330 1962 11
2365 1915 2448 1975 23,
2486 1916 2552 1963 24
2589 1916 2749 1981 ‘quid
2785 1916 2851 1966 de
2888 1915 2985 1966 illo

684 1997 898 2048 quoque
946 1982 1065 2031 loco
1111 1984 1166 2031 in
1216 1987 1444 2047 utraque
1483 1982 1760 2032 comoedia
1811 1982 1989 2043 posito
2028 1981 2327 2030 existimari
2373 1981 2578 2032 debeat
2631 1985 2985 2033 manifestum

684 2056 797 2113 est,
845 2042 1000 2100 cuiu's
1045 2050 1147 2100 loci
1193 2050 1330 2099 haec
1380 2050 1551 2099 ferme
1598 2053 1900 2102 sententia.
1974 2047 2156 2098 Filia
2204 2048 2491 2098 hominia
2543 2052 2869 2115 pauperis
2917 2053 2983 2100 in

683 2117 1060 2182 peruigilio
1106 2118 1365 2166 uitiata
1411 2123 1531 2169 est.
1622 2118 1715 2168 Ea
1761 2131 1869 2167 res
1915 2116 2082 2166 olam
2147 2122 2406 2180 patrem
2455 2116 2607 2177 fuit;
2668 2126 2732 2167 et
2775 2120 2983 2169 habe·

682 2186 883 2235 batur
938 2201 1053 2250 pro
1107 2184 1389 2249 uirgine.
1481 2184 1573 2234 Ex
1629 2200 1704 2234 eo
1746 2185 1918 2234 uitio
1971 2184 2257 2249 grauida
2314 2185 2665 2235 mensibus
2719 2190 2986 2237 exactis

686 2256 1004 2317 parturit.
1070 2252 1312 2303 Seruus
1353 2253 1576 2302 bonae
1616 2253 1827 2316 frugi,
1866 2266 2007 2301 cum
2044 2267 2161 2316 pro
2200 2251 2464 2301 foribus
2500 2250 2728 2304 domus
2764 2258 2987 2304 staret

687 2325 753 2368 et
804 2322 1267 2385 propinquare
1327 2326 1589 2384 partum
1645 2321 1807 2370 erili
1871 2319 2071 2368 filiae
2149 2324 2348 2383 atque
2418 2321 2680 2370 omnino
2741 2323 2982 2372 uitium

682 2402 826 2438 ease
865 2388 1167 2437 oblatum
1205 2390 1586 2452 ignoraret,
1626 2390 1944 2450 gemitum
1982 2394 2047 2436 et
2093 2386 2430 2450 ploratum
2469 2387 2663 2437 audit
2709 2390 2982 2453 puellae

685 2455 748 2504 in
786 2456 1149 2520 puerperio
1188 2456 1548 2505 enitentis:
1587 2458 1786 2505 timet
1822 2455 2147 2503 irascitur
2183 2455 2581 2519 suspicatur
2618 2457 2984 2507 miseretur

683 2522 883 2573 dolet.
965 2523 1038 2572 Hi
1086 2539 1274 2573 omnes
1322 2528 1499 2574 motus
1546 2523 1663 2574 eius
1711 2522 2145 2586 affectionesque
2195 2522 2362 2571 animi
2408 2522 2463 2571 in
2510 2520 2725 2574 Graeca
2771 2523 2982 2588 quidem

684 2591 972 2640 comoedia
1007 2590 1334 2641 mirabiliter
1369 2607 1529 2641 acres
1554 2596 1610 2642 et
1644 2591 1918 2641 illustres:
1948 2590 2125 2654 ,apud
2165 2589 2538 2641 Caecilium
2578 2597 2757 2642 autem
2785 2593 2984 2657 pigra

685 2659 904 2707 istaec
941 2660 1159 2707 omnia
1207 2664 1272 2708 et
1311 2675 1343 2707 a
1392 2674 1602 2709 rerum
1646 2658 1994 2724 dignitate
2035 2663 2229 2722 atque
2277 2658 2504 2722 gratia
2550 2673 2767 2708 uacua
2810 2666 2983 2711 sunt.

687 2725 848 2775 Post
892 2726 1007 2775 ubi
1051 2725 1217 2775 idem
1257 2741 1494 2776 seruus
1540 2724 2006 2791 percontando
2053 2726 2221 2789 quod
2261 2724 2606 2775 acciderat
2652 2728 2983 2792 repperi-t,

686 2792 783 2842 has
823 2793 965 2857 apud
1004 2792 1360 2843 Menandrum
1398 2808 1563 2844 uoces
1601 2794 1763 2844 fac-it:

1094 2873 1137 2936 ὦ
1174 2881 1293 2951 τρὶς
1330 2886 1731 2952 κακοδαίμων·
1772 2875 1928 2946 ὅστις
1965 2874 2042 2936 ὧν
2078 2882 2258 2951 πένης
2294 2889 2476 2953 γαμεῖ

1090 2950 1188 3004 καὶ
1225 2947 1654 3019 παιδοποιεῖθ’,
1693 2948 1771 3014 ὥς
1809 2945 2107 3019 ἆλόγιστός
2145 2945 2263 3005 ἔστ’
2305 2945 2468 3020 ἀνήρ.

1089 3011 1154 3080 ὃς
1191 3014 1335 3086 μήτε
1375 3016 1647 3100 φυλακὴν
1682 3021 1796 3074 τῶν
1834 3011 2172 3088 ἀναγκαίων
2210 3017 2357 3087 ἔχει,

1090 3079 1219 3154 μήτ’
1259 3081 1335 3140 ἂν
1369 3084 1663 3155 ατυχήσας
1703 3086 1785 3148 εἰς
1822 3082 1891 3139 τοὶ
1932 3084 2098 3140 κοινὰ
2136 3087 2237 3139 τοῦ
2275 3087 2406 3154 βίον

1093 3147 1465 3238 inaequalem
1504 3150 1745 3209 δύναιτο
1784 3156 1954 3208 τοῦτο
1991 3149 2298 3235 χρήμασιν,

1093 3214 1202 3274 ἀλλ
1268 3217 1330 3275 ἐν
1367 3217 1674 3293 ἀκαλύπτῳ
1713 3223 1810 3275 καὶ
1850 3225 2185 3289 talamonea)
2222 3223 2326 3291 βίῳ

1078 3288 1503 3358 χειμαζόμενος
1540 3290 1633 3361 ζῇ,
1672 3289 1785 3343 τῶν
1820 3287 1926 3356 μὲν
1961 3283 2220 3355 ἀνιαρῶν
2257 3287 2403 3358 ἔχων

1092 3354 1155 3409 τὸ
1193 3357 1362 3425 μέρος
1400 3351 1698 3422 ἁπάντων,
1738 3358 1849 3410 τῶν
1886 3353 1946 3410 δ’
1985 3351 2231 3425 ἀγαθῶν
2267 3350 2442 3410 οὐδὲν
2478 3355 2671 3424 μέρος·

1088 3418 1237 3494 ὑπὲρ
1274 3422 1383 3493 γὰρ
1422 3417 1552 3486 ἑνὸς
1576 3424 1765 3493 ἀλγῶν
1804 3415 2070 3485 ἅπαντας
2107 3425 2388 3478 νουθετῶ.

860 3604 976 3662 167
1024 3607 1355 3679 properatim
1403 3624 1507 3662 om.
1557 3607 1713 3662 Leid.
1764 3623 1825 3676 p.
1877 3604 1995 3661 155
2165 3600 2335 3681 istuc]
2388 3613 2517 3659 tunc
2571 3608 2708 3662 libri
2747 3625 2806 3678 p.
2863 3606 2978 3664 155

860 3689 977 3746 168
1023 3690 1199 3745 aufert
1230 3692 1385 3747 Leia.
1421 3691 1572 3745 affret
1618 3691 1693 3746 W
1861 3689 2237 3746 Sonat-iorum
2268 3691 2511 3746 duorum
2542 3692 2771 3748 dimidia
2814 3694 2984 3764 uulyo

681 3781 1010 3845 ponuntur:
1040 3775 1258 3831 hiatum
1289 3783 1451 3848 atque
1484 3784 1620 3831 ante
1651 3790 1711 3828 ea
1753 3779 2029 3830 insertum
2069 3775 2341 3845 aequabit
2476 3775 2592 3832 169
2627 3775 2708 3831 his
2742 3777 2898 3832 Rott.

686 3858 1077 3913 infortunatust
1125 3859 1463 3934 Spenyelius
1507 3866 1590 3913 est
1635 3857 2002 3913 infortunatus
2049 3859 2204 3914 Rott.
2257 3858 2376 3914 Vae.
2425 3859 2568 3932 Rey.
2613 3860 2982 3916 infortunatus

684 3950 768 3997 est
800 3945 971 4016 uulyo
1102 3943 1263 3999 homo
1296 3942 1525 4017 Pauper,
1557 3944 1647 4015 qui
1681 3945 1853 4016 uulqo
1988 3941 2108 3999 170
2140 3950 2437 4014 egestatem
2472 3944 2624 4000 Rote.
2679 3945 2802 4001 Vat.
2841 3946 2980 4019 Περ.

686 4035 927 4099 egestate
959 4029 1129 4098 uulyo
1318 4028 1434 4083 171
1482 4043 1568 4082 res
1615 4035 1674 4082 ut
1706 4035 1790 4082 est
1816 4028 1977 4096 libri,
2011 4030 2268 4082 correxi.
2301 4043 2386 4081 res
2418 4036 2521 4099 est,
2554 4036 2615 4083 ut
2647 4029 2986 4103 Spenqelius

686 4127 812 4167 eam
834 4115 1076 4167 omnium
1097 4113 1371 4168 librorum
1392 4115 1693 4168 lectionem
1715 4112 2048 4181 perhibens,
2095 4110 2315 4166 Parum
2338 4118 2716 4184 perspicuum
2734 4113 2852 4183 fuit
2874 4130 2982 4182 reS‚

688 4237 747 4284 ut
793 4239 851 4285 ut
897 4237 1002 4300 est,
1048 4231 1203 4302 quod
1243 4232 1374 4285 olim
1417 4231 1708 4286 dederam.
1842 4196 2000 4304 puteet
2045 4228 2200 4285 Roct.
2350 4230 2467 4286 172
2517 4231 2705 4286 famem
2741 4229 2893 4284 Rou.

689 4313 892 4369 facilem
921 4315 1071 4370 Rott.
1112 4314 1236 4370 Val.
1274 4313 1414 4387 Rey.
1524 4314 1764 4370 occultat
1794 4332 1896 4371 om.
1929 4315 2084 4370 Roet.
2200 4313 2366 4368 saceio
2402 4315 2553 4371 Rou.
2665 4313 2782 4367 Hic
2805 4316 2983 4368 uersi·
