3400 5075
1310 142 1695 195 CAEOELIVS
1734 144 2037 195 STAT1vs
2417 125 2422 129 ’
2743 146 2827 209 53

1546 298 1673 362 VII
1754 301 1795 363 5

536 417 688 483 101l2
711 411 947 476 Mirum
970 413 1128 477 {ideo
1150 414 1276 477 nisi
1306 415 1505 478 frater
1535 415 1708 479 domi
1723 297 1997 478 (tgrbam
2019 417 2299 499 aliquam
2331 416 2575 481 dederit
2595 417 2826 481 ebriuS.

1521 529 1684 593 VIII
1734 528 1832 614 (4)

821 694 832 704 .
925 646 1190 708 cruento
1239 644 1331 707 ita
1377 645 1486 708 6re
1534 644 1888 729 grundibiit
1933 645 2142 708 miser.

1504 793 1848 858 KARINE

1582 909 1613 972 1
1661 907 1761 994 (1)

817 1066 828 1076 .
921 1019 996 1078 ut
1041 1037 1267 1079 aurum
1315 1019 1380 1079 et
1424 1019 1699 1100 uestem,
1747 1016 1917 1099 quod
1966 1014 2191 1079 matris
2240 1016 2390 1099 fuit,

540 1130 663 1193 105
710 1129 978 1212 ReluAt,
1026 1130 1196 1213 quod
1243 1131 1396 1194 uiua
1442 1132 1565 1214 ipsi
1614 1131 1944 1215 6pposiuit
1987 1129 2266 1215 pignori.

1567 1244 1632 1309 II
1681 1243 1783 1330 (2)

709 1408 1147 1422 .....
1195 1363 1334 1424 tum
1382 1364 1457 1424 ex
1506 1383 1657 1425 aure
1707 1361 1842 1425 eius
1891 1361 2304 1445 stalagmium

704 1474 897 1537 Domi
945 1474 1170 1539 habeo,

1552 1565 1651 1628 111
1703 1562 1803 1650 (3)

707 1677 901 1742 Modo
952 1675 1033 1741 sit
1080 1678 1440 1761 obsequens
1488 1680 1732 1744 hilarus
1781 1680 1980 1743 cdmis

528 1870 771 1919 puer-us
799 1860 855 1903 et
880 1870 988 1904 non
1013 1871 1173 1919 puer,
1197 1854 1344 1905 unde
1372 1855 1678 1907 Caecilius:
1717 1870 1886 1920 puere
1914 1871 2081 1920 puere
2203 1854 2379 1905 fines.²
2473 1855 2578 1906 v11
2612 1857 2822 1905 Nonius

526 1925 643 1984 525,
669 1926 699 1971 2
741 1922 1027 1972 ‘turbam
1057 1928 1112 1972 et
1150 1924 1343 1974 turbas
1370 1924 1642 1974 diuersam
1681 1922 1874 1972 uolunt
1909 1923 2113 1972 habere
2141 1922 2627 1987 significationem,
2664 1931 2725 1972 ut
2751 1926 2825 1973 sit.

526 1991 686 2040 turba
713 1991 904 2054 populi
931 1997 1261 2051 conuentus,
1288 1992 1481 2041 turbae
1509 1991 1872 2040 turbationes.
1943 2005 2042 2040 nos
2067 1997 2259 2040 contra
2282 1990 2484 2040 lectum
2511 1992 2821 2041 inuenimus

526 2064 583 2106 et
616 2057 920 2107 indiscrete
958 2057 1195 2122 positum
1234 2062 1290 2109 et
1328 2074 1423 2123 pro
1469 2059 1647 2109 turbis
1684 2058 1899 2107 turbam
1930 2098 1941 2109 .
1970 2096 1981 2106 .
2011 2094 2022 2107 .
2054 2056 2332 2107 Caecilius
2367 2048 2430 2106 in*
2462 2059 2682 2113 Imbris:
2719 2060 2819 2108 mi—

526 2130 664 2174 rum’
702 2141 753 2175 e.
794 2138 846 2187 q.
883 2140 929 2176 s.
1075 2125 1207 2175 VIII
1243 2126 1451 2176 Nonius
1487 2128 1613 2188 465,
1650 2128 1684 2174 4
1722 2126 2075 2190 ‘grundire
2120 2139 2242 2173 cum
2291 2127 2364 2174 sit
2411 2126 2625 2190 propsie
2665 2141 2819 2176 suum

529 2230 541 2244 .
559 2230 570 2242 .
588 2229 600 2242 .
629 2193 797 2243 etiam
825 2193 1099 2242 bominum
1120 2207 1239 2243 esse
1259 2194 1569 2257 grunditum
1584 2192 1876 2242 Caecilius
1901 2193 1955 2241 in
1975 2192 2171 2242 Imbris
2199 2191 2543 2256 designauit:
2571 2197 2819 2243 cruento’

526 2275 572 2308 e.
611 2275 658 2324 q,
699 2275 740 2309 s.
816 2258 1115 2324 (Imbriis
1152 2261 1368 2325 Bamb.)
1406 2260 1702 2310 Diomedes
1737 2260 1764 2309 1
1800 2276 1851 2325 p.
1888 2262 1988 2311 379
2026 2260 2088 2310 P.
2127 2260 2474 2322 ‘grundire
2504 2297 2516 2309 .
2549 2298 2560 2309 .
2590 2297 2602 2310 .
2629 2260 2821 2310 Caeci·

523 2326 657 2444 lxiyus:
705 2331 957 2378 cruento’
1002 2342 1046 2377 e.
1088 2342 1137 2391 q.
1178 2344 1219 2380 s,
1268 2328 1583 2391 (cecilius
1630 2328 1756 2377 Par.
1803 2330 1851 2376 A
1894 2325 2064 2393 Mon.)
2137 2327 2219 2377 Cf.
2266 2327 2519 2390 Scaliger
2563 2327 2717 2378 Coni.
2763 2329 2817 2377 in

581 2411 687 2445 arr.
765 2432 778 2445 .
818 2397 915 2446 158
2401 2400 2406 2407 '

654 2411 878 2513 Kipmnn
916 2462 1227 2525 (Menandri
1263 2480 1334 2513 an
1372 2461 1766 2528 Antiphanis?)
1838 2462 2176 2512 ‘Charini’
2226 2462 2471 2524 titulum,
2520 2477 2679 2527 quem
2715 2464 2819 2513 Βο-

524 2530 669 2580 thius
706 2531 917 2596 posuit,
966 2547 1065 2596 per
1110 2547 1169 2581 se
1217 2531 1437 2595 quidem
1475 2532 1608 2581 ferri
1654 2547 1815 2596 posse
1853 2535 2042 2581 contra
2080 2528 2428 2595 Spengelium
2478 2547 2530 2596 p.
2569 2531 2602 2581 ὅ
2636 2535 2821 2581 monet

523 2598 859 2648 Ritschelius
906 2599 1133 2663 Parerg.
1180 2599 1207 2648 1
1246 2602 1357 2651 142.
1500 2599 1525 2648 Ι
1561 2599 1763 2650 Festus
1811 2615 1861 2664 p.
1899 2600 1993 2649 281
2034 2598 2105 2647 M.
2153 2588 2475 2659 ‘reluerffi
2523 2599 2818 2661 resoluere,

528 2667 904 2731 repignerare.
953 2665 1231 2716 Caecilius
1257 2669 1313 2717 in
1338 2667 1567 2718 Carine:
1606 2674 1669 2716 ut
1692 2671 1905 2717 aurum’
1935 2681 1982 2716 e.
2002 2681 2051 2731 q.
2071 2680 2114 2718 s,
2229 2665 2284 2715 11
2321 2667 2524 2716 Festus
2543 2682 2592 2730 p.
2622 2669 2720 2716 317
2740 2666 2816 2714 Μ.

524 2733 983 2799 ‘stalagmium
1021 2748 1191 2798 genus
1230 2735 1503 2784 inaurium
1540 2734 1762 2785 uidetur
1798 2734 2112 2799 significare
2140 2732 2420 2783 Caecilius
2459 2735 2516 2782 in
2543 2734 2815 2791 Karine,

523 2816 662 2849 cum
703 2803 822 2850 ait:
863 2806 1013 2851 tum’
1055 2818 1102 2850 e.
1142 2817 1195 2866 q.
1234 2818 1276 2852 s.
1351 2803 1627 2866 (Karine
1666 2816 1804 2851 cum
1842 2802 2081 2851 aittum
2108 2796 2199 2850 uel
2237 2803 2487 2850 aitoum
2514 2802 2631 2853 cod.
2669 2806 2814 2851 teste

524 2869 591 2917 11.
640 2868 733 2931 Κ.)
814 2868 1018 2919 Paulus
1072 2885 1123 2934 p.
1177 2871 1276 2920 316
1324 2869 1395 2918 M.
1479 2868 1940 2932 ‘stalagmium
1994 2883 2167 2934 genus
2222 2870 2528 2918 ornamenti
2583 2869 2811 2918 aurium.

521 2935 828 2986 Caecilius:
867 2952 935 2986 ex
973 2941 1130 2987 aure’
1166 2952 1210 2986 e.
1251 2952 1300 3001 q.
1340 2952 1384 2987 s.
1526 2938 1608 2987 111
1646 2936 1963 2986 Priscianus
1991 2936 2066 2986 VI
2094 2937 2156 2986 18
2183 2952 2237 3000 p.
2267 2938 2366 2986 726
2402 2937 2462 2985 Ρ.
2505 2941 2813 2987 ‘concors

524 3004 825 3053 concordis.
911 3005 1285 3070 antiquissimi
1329 3009 1514 3054 tamen
1560 3004 1816 3054 solebant
1862 3005 2120 3068 genetiuo
2178 3004 2410 3054 similem
2464 3003 2711 3067 proferre
2757 3006 2813 3053 in

520 3071 609 3120 his
643 3072 1057 3125 nominatiuum.
1131 3071 1411 3122 Caecilius
1450 3074 1505 3121 in
1533 3072 1839 3122 Cratino:
1881 3071 2058 3121 modo‘
2097 3088 2145 3122 e.
2170 3087 2218 3135 q.
2254 3087 2298 3121 s.
2339 3070 2649 3134 (cecilius
2675 3073 2810 3136 Reg.

694 3250 809 3306 101
859 3266 941 3322 sq.
990 3255 1347 3307 octonarium
1406 3267 1559 3307 nunc
1603 3254 1956 3307 continuam.
2047 3249 2190 3304 domi
2238 3247 2419 3304 ebrius
2466 3247 2673 3303 turbam
2719 3248 2812 3304 ali-

521 3350 676 3406 quam
708 3332 853 3388 dedit
880 3336 1047 3407 libri,
1093 3337 1297 3408 quibus
1328 3339 1581 3392 seruatis
1625 3338 2015 3407 septenarium
2053 3339 2194 3405 puto
2224 3332 2529 3389 iambicum
2562 3332 2813 3404 Spenye'·

517 3420 633 3474 lius
674 3420 966 3474 dimensus
998 3429 1109 3489 esc,
1158 3437 1259 3494 eye
1305 3423 1435 3476 olim
1469 3423 1832 3476 senariorum
1873 3417 2075 3489 frusta
2121 3415 2320 3491 (ebrius
2368 3416 2597 3472 Turbam
2643 3433 2689 3471 a.
2736 3416 2812 3488 d.)

518 3503 819 3572 discerpsi.
867 3504 1058 3561 mirum
1091 3504 1223 3559 adeo
1255 3522 1306 3560 n.
1340 3504 1378 3559 f.
1412 3504 1555 3560 domi
1588 3506 1816 3577 aliquam
1850 3503 2031 3557 ebrius
2065 3500 2273 3559 turbam
2305 3500 2451 3557 dedit
2497 3501 2741 3557 Bothius
2773 3500 2810 3555 2

521 3587 710 3641 mirum
756 3587 889 3643 {ideo
935 3606 988 3644 n.
1037 3589 1073 3644 s.
1107 3588 1159 3642 d.
1207 3586 1452 3644 ebriosus
1497 3590 1643 3660 (siue
1687 3587 1867 3643 ebrius
1913 3588 2012 3642 iam
2063 3589 2153 3642 uel
2198 3585 2361 3658 nunc)
2410 3586 2616 3641 turbam
2661 3603 2707 3639 a.
2755 3585 2807 3640 d.
2900 3581 2914 3594 “

520 3671 918 3728 Buechelerus
973 3668 1233 3749 (quando
1287 3673 1551 3729 turbelam
1610 3674 1784 3729 Nonii
1850 3674 2164 3728 testimonio
2222 3669 2469 3744 vetetur)
2691 3670 2808 3726 103

519 3755 823 3826 grund*bat
868 3759 1070 3814 Bamb.
1252 3758 1367 3815 105
1415 3761 1572 3814 uiuae
1625 3760 1726 3831 ipsi
1789 3755 2074 3813 Victorius
2126 3772 2156 3811 e
2205 3755 2447 3830 fraym„
2503 3756 2810 3826 probatum

520 3838 821 3913 Spenyelio
882 3845 1007 3897 uiua
1051 3844 1163 3915 ipsa
1195 3844 1549 3917 Auyustinus
1679 3841 1956 3914 opposiuit
1990 3840 2255 3914 Scaliqer
2300 3841 2556 3914 opposuit
2600 3841 2722 3896 cod.

523 3923 640 3979 106
687 3941 771 3998 sq.
824 3943 995 3982 unum
1040 3944 1274 3983 uersum
1316 3931 1611 3984 continuat
1656 3926 1996 3998 Spenyelius
2243 3924 2362 3983 108
2408 3941 2490 3997 sq.
2537 3939 2810 3981 numeros

515 4011 810 4084 discripsit
866 4012 1205 4085 Spenqelius
1387 4012 1587 4068 hilarus
1645 4011 1827 4082 Bony.
1890 4010 2111 4082 Bamb.,
2168 4012 2279 4065 duo
2327 4007 2556 4064 Monac.
2619 4008 2811 4081 hilarus

517 4129 689 4186 Ηαιι).
738 4100 930 4202 hilar-'fs
969 4129 1023 4198 (ιι
1083 4149 1151 4186 m.
1213 4130 1337 4200 au.)
1386 4130 1565 4184 Bari.
1624 4128 1790 4184 naras
1844 4129 2085 4185 camur.
2142 4126 2340 4184 hilares
2400 4126 2566 4181 orm.
2625 4127 2809 4182 hilaris
