3400 5075
575 266 656 328 72
1361 267 1748 322 CAECILIVS
1784 268 2088 320 STATIVS

1597 424 1696 489 III
1746 421 1848 510 (1)

751 537 873 601 Per
919 540 1227 621 mysteria
1272 538 1381 603 hic
1409 540 1751 605 inhoneste
1786 537 2172 626 [honestam]
2206 538 2578 624 grauidaust
2613 541 2868 624 probro.

1593 654 1687 719 IV
1736 653 1837 740 (2)

1859 772 2053 853 atque
2099 769 2310 833 hercle

575 880 708 945 225
756 881 1081 967 Vtrasque
1129 886 1220 966 te,
1266 906 1411 947 cum
1459 883 1538 948 ad
1587 887 1709 949 n6s
1756 884 1968 967 ueniS,
2015 884 2522 950 subfarcinatam
2567 882 2722 966 uidi.

1622 996 1684 1062 V
1734 995 1835 1084 (3)

1857 1114 2254 1179 adiacentem
2275 1094 2278 1097 ¹
2303 1114 2653 1197 compitum

1595 1227 1690 1292 VI
1739 1224 1840 1313 (5)

1085 1391 1096 1402 .
1187 1341 1294 1404 hic
1340 1341 1494 1407 dum
1541 1342 1704 1426 abit,
1748 1342 1875 1407 huc
1923 1345 2313 1408 concessere.

1479 1482 1995 1549 TRIVMPHVS

1630 1599 1662 1663 Ι
1711 1594 1813 1685 (1)

753 1710 1090 1775 Hierocles
1136 1712 1373 1797 hospes
1420 1714 1519 1776 est
1563 1714 1651 1778 mi
1700 1713 2077 1779 adulescens
2126 1713 2466 1797 adprobuS.

1629 1827 1695 1893 Π
1744 1824 1845 1915 (2)

753 1939 945 2004 Nunc
976 1944 1155 2005 meae
1185 1942 1499 2027 malitiae,
1544 1941 1834 2027 Astutia‚
1885 1939 1996 2029 [te]
2048 1965 2209 2026 opus
2240 1945 2339 2006 est
2374 1943 2872 2007 subcenturiare.

577 2135 886 2185 Titthae:
928 2139 1091 2199 egon’
1133 2152 1177 2188 e.
1216 2152 1265 2200 q,
1306 2152 1350 2188 s.
1389 2134 1671 2199 (thieste
1711 2136 1907 2187 Urbin.
1943 2138 2064 2197 308)
2287 2137 2374 2187 111
2411 2137 2622 2187 Nonius
2660 2138 2773 2198 118,
2813 2139 2871 2185 11

576 2203 1030 2265 ‘grauidauit,
1068 2202 1338 2267 impleuit.
1424 2204 1702 2255 Caecilius
1739 2204 1948 2255 Titte:
1998 2208 2117 2270 per'
2158 2221 2206 2256 e.
2244 2220 2296 2269 q.
2335 2221 2378 2254 s.
2550 2205 2628 2256 IV
2665 2204 2874 2254 Nonius

579 2273 694 2332 183,
741 2272 807 2320 25
854 2274 911 2319 ‘u
928 2275 1209 2334 tresque
1258 2287 1354 2336 pro
1400 2272 1670 2335 utrimque
1718 2272 1810 2321 uel
1855 2276 2135 2337 utrosque.
2223 2272 2460 2321 Hemina
2505 2272 2872 2321 Historiarum

578 2337 671 2387 lib.
712 2337 814 2388 IV:
852 2338 909 2386 in
945 2338 1221 2401 Hispania
1258 2344 1559 2403 pugnatum
1600 2340 1709 2389 bis:
1749 2344 2077 2404 utrasque
2116 2339 2288 2389 nostri
2325 2339 2446 2388 loeo
2484 2340 2635 2390 moti.
2708 2338 2874 2388 Cae-

578 2405 723 2455 leus
769 2405 963 2455 Tibe:
1014 2410 1203 2467 atque’
1252 2424 1298 2456 c.
1349 2422 1397 2471 q.
1443 2424 1486 2456 s.
1559 2404 1968 2470 (Lachmannus
2015 2407 2072 2456 in
2112 2407 2273 2458 Lucr.
2312 2409 2410 2456 104
2447 2407 2648 2470 corrigi
2695 2406 2874 2455 iubet:

578 2478 866 2536 utraque
903 2487 1018 2536 pro
1064 2475 1400 2537 utrimque
1448 2473 1557 2523 uel
1605 2474 1993 2539 utrobique,
2043 2488 2152 2523 non
2199 2479 2376 2525 recte:
2412 2478 2715 2546 ‘intraque
2765 2474 2874 2522 iam

576 2540 766 2589 Aldus.
837 2539 1117 2591 Disseruit
1162 2541 1229 2591 de
1275 2542 1359 2591 his
1406 2542 1681 2606 genetiuis
1719 2542 2089 2593 Buechelerus
2125 2541 2224 2593 lat.
2274 2542 2410 2593 decl.
2495 2578 2507 2589 .
2544 2545 2610 2593 32
2650 2548 2707 2592 et
2742 2557 2871 2591 ann.

580 2607 791 2671 philoll.
833 2609 961 2660 1867
1002 2625 1054 2673 p.
1092 2610 1158 2657 68
1280 2609 1633 2660 Caecilius
1670 2608 1907 2660 Titthe
1935 2608 2232 2672 Mercerus)
2371 2612 2418 2662 V
2506 2610 2663 2659 onius
2694 2611 2807 2671 196,
2844 2611 2876 2660 9

580 2676 896 2739 ‘compita
942 2712 955 2726 .
993 2712 1003 2724 .
1042 2712 1053 2725 .
1097 2716 1109 2729 .
1155 2675 1458 2726 masculino
1505 2677 1676 2727 Varro
1725 2677 1791 2726 de
1839 2677 2077 2727 scenicis
2123 2676 2428 2741 originibus
2473 2675 2569 2729 lib.
2608 2677 2716 2729 111:
2766 2678 2875 2726 ubi

581 2744 852 2806 compitus
889 2748 1012 2792 erat
1048 2742 1269 2807 aliquiS.
1341 2743 1619 2794 Caecilius
1645 2744 1864 2795 Titthe:
1902 2743 2015 2794 ubi
2052 2760 2102 2794 a.
2145 2748 2215 2796 c.’
2355 2745 2430 2795 v1
2466 2743 2678 2794 Nonius
2702 2747 2821 2807 270,
2846 2745 2878 2794 6

583 2810 1006 2873 ‘concedere,
1047 2809 1303 2861 recedere
1340 2811 1431 2862 uel
1467 2811 1663 2862 cedere
1691 2854 1705 2865 .
1736 2851 1746 2860 .
1779 2852 1792 2865 .
1821 2811 2099 2862 Caecilius
2134 2811 2322 2861 Tithe:
2367 2812 2480 2861 hic'
2521 2828 2570 2864 e.
2608 2827 2662 2876 q.
2698 2826 2742 2863 s.

719 2879 1052 2927 'l'mvurnvs
1120 2878 1147 2926 1
1188 2877 1402 2929 Gellius
1427 2879 1499 2928 v1
1539 2877 1690 2943 (VII)
1731 2882 1780 2941 7,
1813 2882 1844 2929 9
1881 2879 2238 2945 ‘adprobus
2277 2884 2486 2939 tamen,
2528 2879 2674 2942 quod
2711 2880 2878 2943 signi-

580 2944 712 2994 ficat
746 2945 912 2994 ualde
948 2945 1177 3010 probus,
1216 2962 1322 2995 non
1350 2944 1556 2996 infitias
1586 2962 1650 2997 eo
1677 2948 1808 3012 quin
1834 2946 2009 3011 prima
2034 2945 2254 3009 syllaba
2279 2947 2404 2995 acui
2442 2946 2661 2996 debeat.
2737 2945 2878 2996 Cae-

581 3012 740 3062 cilius
786 3014 844 3061 in
891 3011 1200 3074 comoedia,
1252 3029 1392 3079 quae
1438 3014 1763 3064 inscribitur
1805 3014 2164 3078 Triumphus,
2217 3013 2484 3064 uocabulo
2529 3015 2637 3064 isto
2682 3014 2877 3064 utitur:

580 3078 897 3130 Hierocles·
936 3097 983 3130 c.
1025 3096 1074 3144 q.
1114 3095 1159 3132 s.
1295 3082 1350 3130 11
1388 3081 1590 3131 Festus
1625 3097 1677 3146 p.
1717 3084 1814 3132 306
1850 3081 1922 3131 M.
1951 3073 2504 3131 ‘succenturiare
2532 3086 2618 3131 est
2653 3082 2876 3145 explen-

580 3147 682 3196 dae
723 3148 1005 3198 centuriae
1046 3148 1228 3212 gratia
1252 3146 1523 3212 supplere,
1559 3148 1815 3199 subicere
1852 3176 1916 3185 --
1955 3148 2230 3199 Caecilius
2266 3150 2322 3197 in
2346 3148 2670 3213 Triumpho:
2710 3152 2877 3197 nunc'

581 3229 624 3263 e.
664 3230 713 3278 q.
751 3230 793 3267 s.
865 3215 1069 3264 Paulus
1106 3218 1203 3266 307
1232 3214 1305 3268 Μ.
1339 3206 1884 3266 ‘succenturiare
1920 3241 1989 3252 -—-
2023 3217 2300 3281 supplere.
2374 3215 2677 3267 Caecilius:
2715 3219 2878 3265 nunc’

582 3298 627 3335 e.
667 3298 721 3344 q.
764 3297 807 3336 s.

752 3461 874 3518 223
906 3462 1141 3517 misteria
1177 3459 1380 3516 Bamb.
1498 3462 1786 3517 inhonesto
1820 3465 2038 3518 mauult
2069 3462 2468 3517 Buecheler-us
2597 3459 2877 3514 honestam

586 3547 858 3616 Bothius,
917 3565 1019 3602 om.
1065 3545 1224 3613 libri,
1284 3563 1427 3617 quos
1484 3551 1581 3616 qui
1624 3550 1789 3618 sequi
1831 3548 2005 3601 malet
2053 3548 2299 3616 primum
2340 3545 2544 3617 pedem
2591 3544 2878 3600 excidisse

582 3637 794 3686 statuet
965 3628 1137 3703 probo
1199 3630 1270 3683 W
1459 3629 1580 3686 225
1626 3638 1680 3685 te
1727 3630 2034 3686 Mer-cerus
2077 3638 2133 3684 et
2184 3629 2320 3685 libri
2487 3627 2879 3683 sull'arcinatam

585 3715 888 3770 Mer-cerus
918 3713 1341 3786 subfraginatam
1369 3715 1505 3770 libri
1687 3713 1809 3770 226
1855 3713 1944 3769 ubi
1991 3713 2308 3768 adicientem
2353 3713 2516 3782 libri,
2563 3713 2644 3783 cf.
2694 3727 2880 3782 supra

584 3798 664 3853 abi
719 3799 771 3852 in
834 3797 1162 3853 adiacentem
1216 3802 1483 3854 conicere
1534 3801 1739 3869 possis.
1802 3796 1890 3852 ubi
1937 3798 2262 3851 adiacentem
2321 3801 2413 3852 uir
2468 3797 2670 3852 doctus
2726 3798 2887 3867 apud

586 3883 782 3954 Steph.
815 3881 897 3937 abi
946 3880 1057 3955 (uel
1088 3881 1214 3936 ubi?
1264 3881 1363 3952 —-)
1408 3881 1471 3936 ad
1503 3881 1820 3937 adicientem
1856 3881 2100 3937 Bothius
2135 3884 2164 3936 1
2200 3880 2272 3937 ibi
2305 3880 2633 3936 adiacentem
2664 3881 2811 3935 idem
2844 3879 2880 3934 2

587 3967 671 4021 ubi
705 3966 789 4022 adi
819 3965 882 4021 ad
915 3966 1243 4022 adiacentem
1278 3965 1618 4038 Spenqelius
1791 3965 1912 4021 228
1961 3963 2239 4023 [Lerocles
2289 3966 2410 4021 Vnt.
2452 3963 2709 4020 Herocles
2739 3966 2882 4037 Rey.

755 4086 823 4139 mi
869 4085 1114 4141 Bothius
1158 4052 1207 4138 ti]
1255 4084 1395 4156 Rey.
1443 4083 1569 4138 mihi
1616 4086 1787 4157 uulyo
1968 4082 2284 4139 adulescens
2353 4085 2473 4139 Val.
2523 4084 2681 4139 Rott.
2737 4081 2878 4135 adol.

589 4173 756 4242 uulgo
929 4167 1049 4231 229
1095 4182 1365 4224 nanterus
1410 4166 1704 4241 Berylcius
1761 4168 1980 4239 ephem.
2038 4168 2284 4224 Halens.
2338 4166 2497 4224 1842
2543 4166 2618 4222 ΙΙ
2645 4184 2709 4236 p.
2759 4163 2879 4219 239

581 4257 891 4327 perspexit
1060 4251 1276 4309 militiae
1332 4251 1493 4308 Festi
1548 4252 1673 4309 cod.
1849 4252 2082 4322 astutia,
2137 4270 2241 4313 om.
2303 4261 2384 4324 te,
2448 4252 2582 4307 libri
2633 4249 2882 4304 astutiam
