<?xml version="1.0" encoding="UTF-8"?>
<!DOCTYPE html PUBLIC "-//W3C//DTD XHTML 1.0 Transitional//EN"
    "http://www.w3.org/TR/xhtml1/DTD/xhtml1-transitional.dtd">
<html xmlns="http://www.w3.org/1999/xhtml" xml:lang="en" lang="en">
 <head>
  <title>
</title>
<meta http-equiv="Content-Type" content="text/html;charset=utf-8" />
  <meta name='ocr-system' content='tesseract 3.04.00' />
  <meta name='ocr-capabilities' content='ocr_page ocr_carea ocr_par ocr_line ocrx_word'/>
</head>
<body>
  <div class='ocr_page' id='page_1' title='image "./comicorumromano00teregoog_0214.png"; bbox 0 0 3400 5075; ppageno 0'>
   <div class='ocr_carea' id='block_1_1' title="bbox 701 350 2218 415">
    <p class='ocr_par' dir='ltr' id='par_1_1' title="bbox 701 350 2218 415">
     <span class='ocr_line' id='line_1_1' title="bbox 701 350 2218 415; baseline -0.003 -10"><span class='ocrx_word' id='word_1_1' title='bbox 701 351 781 415; x_wconf 82' lang='grc'><strong>76</strong></span> <span class='ocrx_word' id='word_1_2' title='bbox 1494 350 1883 403; x_wconf 78' lang='lat' dir='ltr'>CAECILIVS</span> <span class='ocrx_word' id='word_1_3' title='bbox 1919 350 2218 403; x_wconf 78' lang='lat' dir='ltr'>STATIVS</span> 
     </span>
    </p>
   </div>
   <div class='ocr_carea' id='block_1_2' title="bbox 705 504 2654 1380">
    <p class='ocr_par' dir='ltr' id='par_1_2' title="bbox 705 504 2654 1380">
     <span class='ocr_line' id='line_1_2' title="bbox 1705 504 1992 592; baseline -0.003 -20"><span class='ocrx_word' id='word_1_4' title='bbox 1705 506 1801 572; x_wconf 89' lang='lat' dir='ltr'><strong>XI</strong></span> <span class='ocrx_word' id='word_1_5' title='bbox 1848 504 1992 592; x_wconf 84' lang='lat'>(18)</span> 
     </span>
     <span class='ocr_line' id='line_1_3' title="bbox 880 617 2654 707; baseline -0.002 -20"><span class='ocrx_word' id='word_1_6' title='bbox 880 674 1317 687; x_wconf 90' lang='grc'><strong>.....</strong></span> <span class='ocrx_word' id='word_1_7' title='bbox 1412 624 1726 707; x_wconf 72' lang='lat' dir='ltr'><strong>quantum</strong></span> <span class='ocrx_word' id='word_1_8' title='bbox 1774 626 2108 687; x_wconf 82' lang='lat' dir='ltr'><strong>amantum</strong></span> <span class='ocrx_word' id='word_1_9' title='bbox 2155 623 2224 686; x_wconf 90' lang='lat' dir='ltr'><strong>in</strong></span> <span class='ocrx_word' id='word_1_10' title='bbox 2270 617 2508 685; x_wconf 82' lang='lat' dir='ltr'><strong>&#39;Attica</strong></span> <span class='ocrx_word' id='word_1_11' title='bbox 2557 625 2654 684; x_wconf 84' lang='lat' dir='ltr'><strong>est</strong></span> 
     </span>
     <span class='ocr_line' id='line_1_4' title="bbox 1705 736 1982 823; baseline 0.004 -21"><span class='ocrx_word' id='word_1_12' title='bbox 1705 737 1835 802; x_wconf 91' lang='lat' dir='ltr'><strong>XII</strong></span> <span class='ocrx_word' id='word_1_13' title='bbox 1883 736 1982 823; x_wconf 83' lang='lat'><strong>(8)</strong></span> 
     </span>
     <span class='ocr_line' id='line_1_5' title="bbox 1977 841 2558 928; baseline -0.003 -21"><span class='ocrx_word' id='word_1_14' title='bbox 1977 865 2217 908; x_wconf 87' lang='lat' dir='ltr'><strong>nomen</strong></span> <span class='ocrx_word' id='word_1_15' title='bbox 2264 841 2558 928; x_wconf 75' lang='lat' dir='ltr'><strong>uirginiS,</strong></span> 
     </span>
     <span class='ocr_line' id='line_1_6' title="bbox 705 948 1981 1035; baseline 0.001 -22"><span class='ocrx_word' id='word_1_16' title='bbox 705 950 836 1013; x_wconf 80' lang='lat'><strong>255</strong></span> <span class='ocrx_word' id='word_1_17' title='bbox 883 948 1028 1014; x_wconf 84' lang='lat' dir='ltr'><strong>Nisi</strong></span> <span class='ocrx_word' id='word_1_18' title='bbox 1072 948 1312 1015; x_wconf 77' lang='lat' dir='ltr'><strong>mirum</strong></span> <span class='ocrx_word' id='word_1_19' title='bbox 1360 955 1483 1033; x_wconf 82' lang='lat' dir='ltr'><strong>est,</strong></span> <span class='ocrx_word' id='word_1_20' title='bbox 1529 951 1981 1035; x_wconf 73' lang='lat' dir='ltr'><strong>deintegraeiuit.</strong></span> 
     </span>
     <span class='ocr_line' id='line_1_7' title="bbox 1674 1063 2031 1150; baseline -0.003 -20"><span class='ocrx_word' id='word_1_21' title='bbox 1674 1064 1839 1130; x_wconf 88' lang='lat' dir='ltr'>XIII</span> <span class='ocrx_word' id='word_1_22' title='bbox 1886 1063 2031 1150; x_wconf 88' lang='lat'><strong>(31)</strong></span> 
     </span>
     <span class='ocr_line' id='line_1_8' title="bbox 877 1181 2134 1265; baseline -0.002 -19"><span class='ocrx_word' id='word_1_23' title='bbox 877 1181 1158 1246; x_wconf 74' lang='lat' dir='ltr'><strong>Venerio</strong></span> <span class='ocrx_word' id='word_1_24' title='bbox 1207 1202 1398 1246; x_wconf 85' lang='lat' dir='ltr'><strong>cursu</strong></span> <span class='ocrx_word' id='word_1_25' title='bbox 1445 1181 1621 1265; x_wconf 72' lang='lat' dir='ltr'><strong>ueni,</strong></span> <span class='ocrx_word' id='word_1_26' title='bbox 1674 1182 1927 1265; x_wconf 78' lang='lat' dir='ltr'><strong>prolat6</strong></span> <span class='ocrx_word' id='word_1_27' title='bbox 1974 1181 2134 1264; x_wconf 87' lang='lat' dir='ltr'><strong>pede</strong></span> 
     </span>
     <span class='ocr_line' id='line_1_9' title="bbox 876 1295 1665 1380; baseline 0 -21"><span class='ocrx_word' id='word_1_28' title='bbox 876 1295 1096 1380; x_wconf 82' lang='lat' dir='ltr'><strong>Vsq‘ue</strong></span> <span class='ocrx_word' id='word_1_29' title='bbox 1148 1295 1228 1359; x_wconf 69' lang='lat' dir='ltr'><strong>ad</strong></span> <span class='ocrx_word' id='word_1_30' title='bbox 1275 1295 1665 1379; x_wconf 85' lang='lat' dir='ltr'><strong>scaphonem</strong></span> 
     </span>
    </p>
   </div>
   <div class='ocr_carea' id='block_1_3' title="bbox 878 1383 2665 1804">
    <p class='ocr_par' dir='ltr' id='par_1_3' title="bbox 878 1383 2665 1804">
     <span class='ocr_line' id='line_1_10' title="bbox 1764 1383 1921 1448; baseline 0 0"><span class='ocrx_word' id='word_1_31' title='bbox 1764 1383 1921 1448; x_wconf 91' lang='lat' dir='ltr'><strong>XIV</strong></span> 
     </span>
     <span class='ocr_line' id='line_1_11' title="bbox 1461 1497 2665 1594; baseline 0 -31"><span class='ocrx_word' id='word_1_32' title='bbox 1461 1550 1474 1564; x_wconf 91' lang='lat'><strong>.</strong></span> <span class='ocrx_word' id='word_1_33' title='bbox 1538 1521 1730 1563; x_wconf 87' lang='lat' dir='ltr'><strong>mane</strong></span> <span class='ocrx_word' id='word_1_34' title='bbox 1778 1502 1851 1563; x_wconf 89' lang='lat' dir='ltr'><strong>ut</strong></span> <span class='ocrx_word' id='word_1_35' title='bbox 1896 1500 1972 1563; x_wconf 73' lang='lat' dir='ltr'><strong>ex</strong></span> <span class='ocrx_word' id='word_1_36' title='bbox 2018 1501 2210 1583; x_wconf 87' lang='lat' dir='ltr'><strong>portu</strong></span> <span class='ocrx_word' id='word_1_37' title='bbox 2257 1498 2325 1562; x_wconf 89' lang='lat' dir='ltr'><strong>in</strong></span> <span class='ocrx_word' id='word_1_38' title='bbox 2371 1497 2665 1594; x_wconf 70' lang='lat' dir='ltr'><strong>Piraeum</strong></span> 
     </span>
     <span class='ocr_line' id='line_1_12' title="bbox 1781 1612 1907 1678; baseline 0.008 -1"><span class='ocrx_word' id='word_1_39' title='bbox 1781 1612 1907 1678; x_wconf 88' lang='lat' dir='ltr'><strong>XV</strong></span> 
     </span>
     <span class='ocr_line' id='line_1_13' title="bbox 878 1720 2556 1804; baseline -0.002 -18"><span class='ocrx_word' id='word_1_40' title='bbox 878 1772 1320 1786; x_wconf 91' lang='grc'><strong>.....</strong></span> <span class='ocrx_word' id='word_1_41' title='bbox 1412 1721 1601 1785; x_wconf 75' lang='lat' dir='ltr'><strong>deum</strong></span> <span class='ocrx_word' id='word_1_42' title='bbox 1649 1720 1759 1804; x_wconf 88' lang='lat' dir='ltr'><strong>qui</strong></span> <span class='ocrx_word' id='word_1_43' title='bbox 1805 1742 1941 1784; x_wconf 91' lang='lat' dir='ltr'><strong>non</strong></span> <span class='ocrx_word' id='word_1_44' title='bbox 1988 1724 2307 1784; x_wconf 77' lang='lat' dir='ltr'><strong>summum</strong></span> <span class='ocrx_word' id='word_1_45' title='bbox 2355 1722 2556 1804; x_wconf 84' lang='lat' dir='ltr'><strong>putet,</strong></span> 
     </span>
    </p>
   </div>
   <div class='ocr_carea' id='block_1_4' title="bbox 708 1832 2789 1919">
    <p class='ocr_par' dir='ltr' id='par_1_4' title="bbox 708 1832 2789 1919">
     <span class='ocr_line' id='line_1_14' title="bbox 708 1832 2789 1919; baseline -0.001 -18"><span class='ocrx_word' id='word_1_46' title='bbox 708 1836 837 1901; x_wconf 77' lang='lat'><strong>260</strong></span> <span class='ocrx_word' id='word_1_47' title='bbox 884 1837 1020 1900; x_wconf 84' lang='lat' dir='ltr'><strong>Aut</strong></span> <span class='ocrx_word' id='word_1_48' title='bbox 1066 1836 1336 1900; x_wconf 75' lang='lat' dir='ltr'><strong>stultum</strong></span> <span class='ocrx_word' id='word_1_49' title='bbox 1384 1838 1497 1899; x_wconf 83' lang='lat' dir='ltr'><strong>aut</strong></span> <span class='ocrx_word' id='word_1_50' title='bbox 1541 1856 1756 1900; x_wconf 88' lang='lat' dir='ltr'><strong>rerum</strong></span> <span class='ocrx_word' id='word_1_51' title='bbox 1802 1857 1938 1899; x_wconf 86' lang='lat' dir='ltr'><strong>esse</strong></span> <span class='ocrx_word' id='word_1_52' title='bbox 1988 1832 2338 1919; x_wconf 80' lang='lat' dir='ltr'><strong>inperitum</strong></span> <span class='ocrx_word' id='word_1_53' title='bbox 2385 1832 2789 1899; x_wconf 70' lang='lat' dir='ltr'>existumem:</span> 
     </span>
    </p>
   </div>
   <div class='ocr_carea' id='block_1_5' title="bbox 694 2012 3049 3378">
    <p class='ocr_par' dir='ltr' id='par_1_5' title="bbox 694 2012 2994 2835">
     <span class='ocr_line' id='line_1_15' title="bbox 698 2012 2994 2093; baseline 0 -14"><span class='ocrx_word' id='word_1_54' title='bbox 698 2012 824 2080; x_wconf 85' lang='lat' dir='ltr'><strong>tiis</strong></span> <span class='ocrx_word' id='word_1_55' title='bbox 852 2030 1103 2080; x_wconf 89' lang='lat' dir='ltr'><strong>laetus’</strong></span> <span class='ocrx_word' id='word_1_56' title='bbox 1131 2027 1459 2093; x_wconf 88' lang='lat' dir='ltr'><strong>(laetitiis</strong></span> <span class='ocrx_word' id='word_1_57' title='bbox 1495 2028 2011 2093; x_wconf 79' lang='lat' dir='ltr'><strong>laetusMartyni-</strong></span> <span class='ocrx_word' id='word_1_58' title='bbox 1993 2030 2246 2093; x_wconf 77' lang='lat' dir='ltr'><strong>-Laguna</strong></span> <span class='ocrx_word' id='word_1_59' title='bbox 2272 2028 2607 2089; x_wconf 83' lang='lat' dir='ltr'><strong>laetitiis,</strong></span> <span class='ocrx_word' id='word_1_60' title='bbox 2635 2044 2736 2077; x_wconf 90' lang='lat' dir='ltr'><strong>om.</strong></span> <span class='ocrx_word' id='word_1_61' title='bbox 2765 2028 2994 2079; x_wconf 87' lang='lat' dir='ltr'><strong>laetus</strong></span> 
     </span>
     <span class='ocr_line' id='line_1_16' title="bbox 695 2094 2992 2162; baseline 0 -16"><span class='ocrx_word' id='word_1_62' title='bbox 695 2098 863 2147; x_wconf 56' lang='grc' dir='ltr'><strong>Μαι·</strong></span> <span class='ocrx_word' id='word_1_63' title='bbox 902 2098 1151 2159; x_wconf 76' lang='lat' dir='ltr'><strong>laetuS,</strong></span> <span class='ocrx_word' id='word_1_64' title='bbox 1188 2112 1289 2146; x_wconf 88' lang='lat' dir='ltr'><strong>om.</strong></span> <span class='ocrx_word' id='word_1_65' title='bbox 1329 2096 1637 2148; x_wconf 86' lang='lat' dir='ltr'><strong>laetitiis</strong></span> <span class='ocrx_word' id='word_1_66' title='bbox 1661 2096 1808 2148; x_wconf 79' lang='lat' dir='ltr'><strong>Med.</strong></span> <span class='ocrx_word' id='word_1_67' title='bbox 1814 2094 1865 2160; x_wconf 79' lang='lat' dir='ltr'><strong>b)</strong></span> <span class='ocrx_word' id='word_1_68' title='bbox 1913 2096 2002 2148; x_wconf 88' lang='lat' dir='ltr'><strong>Cf.</strong></span> <span class='ocrx_word' id='word_1_69' title='bbox 2029 2096 2208 2162; x_wconf 80' lang='lat' dir='ltr'><strong>Epist.</strong></span> <span class='ocrx_word' id='word_1_70' title='bbox 2234 2096 2288 2145; x_wconf 88' lang='lat'><strong>11</strong></span> <span class='ocrx_word' id='word_1_71' title='bbox 2313 2094 2560 2150; x_wconf 87' lang='lat' dir='ltr'><strong>Obolost.</strong></span> <span class='ocrx_word' id='word_1_72' title='bbox 2584 2097 2632 2146; x_wconf 91' lang='lat' dir='ltr'>V</span> <span class='ocrx_word' id='word_1_73' title='bbox 2735 2097 2813 2147; x_wconf 81' lang='lat' dir='ltr'><strong>XI</strong></span> <span class='ocrx_word' id='word_1_74' title='bbox 2851 2096 2992 2146; x_wconf 82' lang='lat' dir='ltr'><strong>Cha-</strong></span> 
     </span>
     <span class='ocr_line' id='line_1_17' title="bbox 699 2135 2990 2230; baseline 0 -16"><span class='ocrx_word' id='word_1_75' title='bbox 699 2165 862 2215; x_wconf 85' lang='lat' dir='ltr'><strong>risius</strong></span> <span class='ocrx_word' id='word_1_76' title='bbox 888 2165 912 2214; x_wconf 95' lang='lat' dir='ltr'><strong>I</strong></span> <span class='ocrx_word' id='word_1_77' title='bbox 953 2181 986 2230; x_wconf 91' lang='lat' dir='ltr'>p</span> <span class='ocrx_word' id='word_1_78' title='bbox 1034 2166 1099 2215; x_wconf 82' lang='lat'><strong>98</strong></span> <span class='ocrx_word' id='word_1_79' title='bbox 1124 2135 1185 2214; x_wconf 85' lang='lat' dir='ltr'><strong>P.</strong></span> <span class='ocrx_word' id='word_1_80' title='bbox 1219 2155 1573 2214; x_wconf 80' lang='lat' dir='ltr'><strong>amantum</strong></span> <span class='ocrx_word' id='word_1_81' title='bbox 1611 2164 1924 2226; x_wconf 75' lang='lat' dir='ltr'><strong>Caecilius,</strong></span> <span class='ocrx_word' id='word_1_82' title='bbox 1961 2168 2020 2212; x_wconf 88' lang='lat' dir='ltr'><strong>ut</strong></span> <span class='ocrx_word' id='word_1_83' title='bbox 2054 2164 2219 2213; x_wconf 81' lang='lat' dir='ltr'><strong>etiam</strong></span> <span class='ocrx_word' id='word_1_84' title='bbox 2246 2163 2458 2214; x_wconf 75' lang='lat' dir='ltr'>Plinius</span> <span class='ocrx_word' id='word_1_85' title='bbox 2485 2168 2666 2213; x_wconf 86' lang='lat' dir='ltr'><strong>notat:</strong></span> <span class='ocrx_word' id='word_1_86' title='bbox 2705 2169 2990 2228; x_wconf 79' lang='lat' dir='ltr'><strong>quantum’</strong></span> 
     </span>
     <span class='ocr_line' id='line_1_18' title="bbox 696 2227 2989 2297; baseline 0 -15"><span class='ocrx_word' id='word_1_87' title='bbox 696 2249 740 2283; x_wconf 88' lang='lat' dir='ltr'><strong>c.</strong></span> <span class='ocrx_word' id='word_1_88' title='bbox 780 2248 828 2297; x_wconf 88' lang='lat' dir='ltr'><strong>q.</strong></span> <span class='ocrx_word' id='word_1_89' title='bbox 867 2249 910 2282; x_wconf 85' lang='lat' dir='ltr'><strong>s.</strong></span> <span class='ocrx_word' id='word_1_90' title='bbox 1048 2233 1153 2283; x_wconf 85' lang='lat' dir='ltr'>XII</span> <span class='ocrx_word' id='word_1_91' title='bbox 1189 2232 1401 2281; x_wconf 88' lang='lat' dir='ltr'><strong>Nonius</strong></span> <span class='ocrx_word' id='word_1_92' title='bbox 1441 2234 1562 2293; x_wconf 85' lang='lat'>101,</span> <span class='ocrx_word' id='word_1_93' title='bbox 1600 2235 1668 2283; x_wconf 78' lang='lat'><strong>25</strong></span> <span class='ocrx_word' id='word_1_94' title='bbox 1697 2227 2185 2295; x_wconf 77' lang='lat' dir='ltr'><strong>‘deintegrare,</strong></span> <span class='ocrx_word' id='word_1_95' title='bbox 2219 2230 2530 2281; x_wconf 78' lang='lat' dir='ltr'>deminuere</span> <span class='ocrx_word' id='word_1_96' title='bbox 2568 2268 2581 2281; x_wconf 92' lang='lat'><strong>.</strong></span> <span class='ocrx_word' id='word_1_97' title='bbox 2651 2231 2989 2283; x_wconf 78' lang='lat' dir='ltr'><strong>‚Caecilius-</strong></span> 
     </span>
     <span class='ocr_line' id='line_1_19' title="bbox 696 2291 2993 2377; baseline 0 -28"><span class='ocrx_word' id='word_1_98' title='bbox 696 2291 908 2351; x_wconf 85' lang='lat' dir='ltr'><strong>nomen&#39;</strong></span> <span class='ocrx_word' id='word_1_99' title='bbox 947 2314 991 2354; x_wconf 88' lang='lat' dir='ltr'><strong>e.</strong></span> <span class='ocrx_word' id='word_1_100' title='bbox 1019 2315 1071 2364; x_wconf 90' lang='lat' dir='ltr'><strong>q.</strong></span> <span class='ocrx_word' id='word_1_101' title='bbox 1100 2315 1141 2350; x_wconf 86' lang='lat' dir='ltr'><strong>s.</strong></span> <span class='ocrx_word' id='word_1_102' title='bbox 1280 2299 1412 2350; x_wconf 84' lang='lat' dir='ltr'>XIII</span> <span class='ocrx_word' id='word_1_103' title='bbox 1437 2299 1678 2350; x_wconf 78' lang='lat' dir='ltr'>Isidorus</span> <span class='ocrx_word' id='word_1_104' title='bbox 1705 2300 1870 2377; x_wconf 82' lang='lat' dir='ltr'><strong>Orig.</strong></span> <span class='ocrx_word' id='word_1_105' title='bbox 1884 2298 2014 2348; x_wconf 82' lang='lat' dir='ltr'>XIX</span> <span class='ocrx_word' id='word_1_106' title='bbox 2049 2301 2099 2360; x_wconf 98' lang='lat'><strong>4,</strong></span> <span class='ocrx_word' id='word_1_107' title='bbox 2135 2302 2166 2348; x_wconf 85' lang='lat'><strong>5</strong></span> <span class='ocrx_word' id='word_1_108' title='bbox 2193 2291 2518 2363; x_wconf 77' lang='lat' dir='ltr'><strong>scaphon</strong></span> <span class='ocrx_word' id='word_1_109' title='bbox 2556 2298 2702 2349; x_wconf 87' lang='lat' dir='ltr'><strong>funis</strong></span> <span class='ocrx_word' id='word_1_110' title='bbox 2738 2300 2796 2348; x_wconf 90' lang='lat' dir='ltr'><strong>in</strong></span> <span class='ocrx_word' id='word_1_111' title='bbox 2830 2315 2993 2365; x_wconf 84' lang='lat' dir='ltr'><strong>prora</strong></span> 
     </span>
     <span class='ocr_line' id='line_1_20' title="bbox 694 2357 2992 2434; baseline 0 -16"><span class='ocrx_word' id='word_1_112' title='bbox 694 2369 923 2434; x_wconf 82' lang='lat' dir='ltr'><strong>positus.</strong></span> <span class='ocrx_word' id='word_1_113' title='bbox 993 2367 1059 2417; x_wconf 89' lang='lat' dir='ltr'><strong>de</strong></span> <span class='ocrx_word' id='word_1_114' title='bbox 1107 2382 1212 2431; x_wconf 91' lang='lat' dir='ltr'><strong>quo</strong></span> <span class='ocrx_word' id='word_1_115' title='bbox 1260 2366 1570 2417; x_wconf 78' lang='lat' dir='ltr'><strong>Caecilius.</strong></span> <span class='ocrx_word' id='word_1_116' title='bbox 1615 2357 1870 2417; x_wconf 86' lang='lat' dir='ltr'><strong>Venerio</strong></span> <span class='ocrx_word' id='word_1_117' title='bbox 1915 2382 1962 2417; x_wconf 94' lang='lat' dir='ltr'><strong>e.</strong></span> <span class='ocrx_word' id='word_1_118' title='bbox 2009 2381 2062 2431; x_wconf 90' lang='lat' dir='ltr'><strong>q.</strong></span> <span class='ocrx_word' id='word_1_119' title='bbox 2109 2381 2151 2416; x_wconf 88' lang='lat' dir='ltr'><strong>s.</strong></span> <span class='ocrx_word' id='word_1_120' title='bbox 2204 2364 2500 2429; x_wconf 89' lang='lat' dir='ltr'><strong>(cicilius</strong></span> <span class='ocrx_word' id='word_1_121' title='bbox 2544 2365 2822 2416; x_wconf 82' lang='lat' dir='ltr'><strong>wolfenb.</strong></span> <span class='ocrx_word' id='word_1_122' title='bbox 2872 2371 2929 2417; x_wconf 87' lang='lat' dir='ltr'><strong>et</strong></span> <span class='ocrx_word' id='word_1_123' title='bbox 2962 2386 2992 2419; x_wconf 87' lang='lat' dir='ltr'><strong>e</strong></span> 
     </span>
     <span class='ocr_line' id='line_1_21' title="bbox 694 2433 2988 2499; baseline 0 -15"><span class='ocrx_word' id='word_1_124' title='bbox 694 2452 765 2488; x_wconf 86' lang='lat' dir='ltr'><strong>m.</strong></span> <span class='ocrx_word' id='word_1_125' title='bbox 790 2437 821 2484; x_wconf 89' lang='grc'><strong>2</strong></span> <span class='ocrx_word' id='word_1_126' title='bbox 861 2450 1130 2499; x_wconf 74' lang='lat' dir='ltr'><strong>suprascr.</strong></span> <span class='ocrx_word' id='word_1_127' title='bbox 1157 2434 1441 2499; x_wconf 83' lang='lat' dir='ltr'><strong>Sangerm.</strong></span> <span class='ocrx_word' id='word_1_128' title='bbox 1476 2437 1576 2485; x_wconf 85' lang='lat'><strong>805</strong></span> <span class='ocrx_word' id='word_1_129' title='bbox 1615 2433 1941 2495; x_wconf 77' lang='lat' dir='ltr'><strong>cecilius,</strong></span> <span class='ocrx_word' id='word_1_130' title='bbox 1976 2448 2045 2483; x_wconf 90' lang='lat' dir='ltr'><strong>m.</strong></span> <span class='ocrx_word' id='word_1_131' title='bbox 2072 2434 2104 2482; x_wconf 90' lang='grc'><strong>2</strong></span> <span class='ocrx_word' id='word_1_132' title='bbox 2140 2448 2415 2497; x_wconf 85' lang='lat' dir='ltr'><strong>suprascr.</strong></span> <span class='ocrx_word' id='word_1_133' title='bbox 2455 2433 2736 2483; x_wconf 74' lang='lat' dir='ltr'><strong>lucilius</strong></span> <span class='ocrx_word' id='word_1_134' title='bbox 2772 2434 2988 2485; x_wconf 85' lang='lat' dir='ltr'><strong>Monac.</strong></span> 
     </span>
     <span class='ocr_line' id='line_1_22' title="bbox 695 2499 2991 2570; baseline 0 -18"><span class='ocrx_word' id='word_1_135' title='bbox 695 2501 1009 2564; x_wconf 76' lang='lat' dir='ltr'><strong>liciniae,</strong></span> <span class='ocrx_word' id='word_1_136' title='bbox 1042 2517 1311 2569; x_wconf 82' lang='lat' dir='ltr'><strong>suprascr.</strong></span> <span class='ocrx_word' id='word_1_137' title='bbox 1353 2501 1542 2570; x_wconf 81' lang='lat' dir='ltr'><strong>eadem</strong></span> <span class='ocrx_word' id='word_1_138' title='bbox 1580 2518 1646 2552; x_wconf 90' lang='lat' dir='ltr'><strong>m.</strong></span> <span class='ocrx_word' id='word_1_139' title='bbox 1685 2500 1793 2552; x_wconf 90' lang='lat' dir='ltr'><strong>uel</strong></span> <span class='ocrx_word' id='word_1_140' title='bbox 1834 2499 2120 2551; x_wconf 85' lang='lat' dir='ltr'><strong>cecilius</strong></span> <span class='ocrx_word' id='word_1_141' title='bbox 2157 2501 2438 2565; x_wconf 64' lang='lat' dir='ltr'><strong>TegernS„</strong></span> <span class='ocrx_word' id='word_1_142' title='bbox 2475 2500 2617 2551; x_wconf 87' lang='lat' dir='ltr'><strong>unde</strong></span> <span class='ocrx_word' id='word_1_143' title='bbox 2662 2499 2729 2552; x_wconf 88' lang='lat' dir='ltr'><strong>de</strong></span> <span class='ocrx_word' id='word_1_144' title='bbox 2768 2506 2991 2552; x_wconf 87' lang='lat' dir='ltr'><strong>auctore</strong></span> 
     </span>
     <span class='ocr_line' id='line_1_23' title="bbox 695 2539 2994 2649; baseline -0 -29"><span class='ocrx_word' id='word_1_145' title='bbox 695 2571 857 2620; x_wconf 88' lang='lat' dir='ltr'><strong>huius</strong></span> <span class='ocrx_word' id='word_1_146' title='bbox 893 2539 1009 2620; x_wconf 68' lang='lat' dir='ltr'><strong>loci</strong></span> <span class='ocrx_word' id='word_1_147' title='bbox 1041 2570 1291 2620; x_wconf 75' lang='lat' dir='ltr'><strong>dubitari</strong></span> <span class='ocrx_word' id='word_1_148' title='bbox 1319 2585 1480 2636; x_wconf 84' lang='lat' dir='ltr'><strong>posse</strong></span> <span class='ocrx_word' id='word_1_149' title='bbox 1516 2575 1703 2620; x_wconf 87' lang='lat' dir='ltr'><strong>monet</strong></span> <span class='ocrx_word' id='word_1_150' title='bbox 1740 2566 2098 2649; x_wconf 82' lang='lat' dir='ltr'><strong>Spengelius)</strong></span> <span class='ocrx_word' id='word_1_151' title='bbox 2126 2569 2336 2618; x_wconf 82' lang='lat' dir='ltr'><strong>Extant</strong></span> <span class='ocrx_word' id='word_1_152' title='bbox 2361 2568 2553 2618; x_wconf 86' lang='lat' dir='ltr'><strong>eadem</strong></span> <span class='ocrx_word' id='word_1_153' title='bbox 2588 2570 2644 2618; x_wconf 90' lang='lat' dir='ltr'><strong>in</strong></span> <span class='ocrx_word' id='word_1_154' title='bbox 2672 2570 2835 2634; x_wconf 83' lang='lat' dir='ltr'><strong>gloss.</strong></span> <span class='ocrx_word' id='word_1_155' title='bbox 2861 2570 2994 2620; x_wconf 87' lang='lat' dir='ltr'><strong>Ber-</strong></span> 
     </span>
     <span class='ocr_line' id='line_1_24' title="bbox 696 2629 2992 2702; baseline -0.001 -13"><span class='ocrx_word' id='word_1_156' title='bbox 696 2639 853 2689; x_wconf 82' lang='lat' dir='ltr'><strong>nenei</strong></span> <span class='ocrx_word' id='word_1_157' title='bbox 990 2637 1117 2687; x_wconf 85' lang='lat' dir='ltr'>XIV</span> <span class='ocrx_word' id='word_1_158' title='bbox 1155 2637 1350 2688; x_wconf 88' lang='lat' dir='ltr'><strong>Cicero</strong></span> <span class='ocrx_word' id='word_1_159' title='bbox 1378 2638 1448 2687; x_wconf 86' lang='lat' dir='ltr'><strong>ad</strong></span> <span class='ocrx_word' id='word_1_160' title='bbox 1484 2638 1601 2690; x_wconf 68' lang='grc' dir='ltr'><strong>ΑΜ..</strong></span> <span class='ocrx_word' id='word_1_161' title='bbox 1628 2637 1730 2688; x_wconf 86' lang='lat' dir='ltr'><strong>vn</strong></span> <span class='ocrx_word' id='word_1_162' title='bbox 1755 2641 1816 2700; x_wconf 88' lang='grc'><strong>3,</strong></span> <span class='ocrx_word' id='word_1_163' title='bbox 1858 2629 1965 2687; x_wconf 83' lang='lat'><strong>10‘</strong></span> <span class='ocrx_word' id='word_1_164' title='bbox 1972 2650 2137 2686; x_wconf 83' lang='lat' dir='ltr'><strong>nemo</strong></span> <span class='ocrx_word' id='word_1_165' title='bbox 2174 2634 2239 2684; x_wconf 86' lang='lat' dir='ltr'><strong>ad</strong></span> <span class='ocrx_word' id='word_1_166' title='bbox 2279 2636 2541 2698; x_wconf 83' lang='lat' dir='ltr'><strong>Piraeea,</strong></span> <span class='ocrx_word' id='word_1_167' title='bbox 2577 2638 2636 2685; x_wconf 89' lang='lat' dir='ltr'><strong>in</strong></span> <span class='ocrx_word' id='word_1_168' title='bbox 2673 2652 2779 2700; x_wconf 89' lang='lat' dir='ltr'><strong>quo</strong></span> <span class='ocrx_word' id='word_1_169' title='bbox 2818 2639 2992 2702; x_wconf 83' lang='lat' dir='ltr'><strong>magis</strong></span> 
     </span>
     <span class='ocr_line' id='line_1_25' title="bbox 699 2674 2995 2770; baseline -0.001 -15"><span class='ocrx_word' id='word_1_170' title='bbox 699 2704 1175 2770; x_wconf 84' lang='lat' dir='ltr'><strong>reprehendendus</strong></span> <span class='ocrx_word' id='word_1_171' title='bbox 1211 2721 1326 2757; x_wconf 88' lang='lat' dir='ltr'><strong>sum</strong></span> <span class='ocrx_word' id='word_1_172' title='bbox 1365 2704 1512 2770; x_wconf 87' lang='lat' dir='ltr'><strong>quod</strong></span> <span class='ocrx_word' id='word_1_173' title='bbox 1558 2705 1718 2755; x_wconf 87' lang='lat' dir='ltr'><strong>homo</strong></span> <span class='ocrx_word' id='word_1_174' title='bbox 1764 2674 2046 2753; x_wconf 67' lang='lat' dir='ltr'><strong>R’omsnus</strong></span> <span class='ocrx_word' id='word_1_175' title='bbox 2080 2703 2312 2753; x_wconf 86' lang='lat' dir='ltr'><strong>Piraeea</strong></span> <span class='ocrx_word' id='word_1_176' title='bbox 2359 2703 2694 2767; x_wconf 81' lang='lat' dir='ltr'><strong>scripserim,</strong></span> <span class='ocrx_word' id='word_1_177' title='bbox 2743 2720 2853 2755; x_wconf 89' lang='lat' dir='ltr'><strong>non</strong></span> <span class='ocrx_word' id='word_1_178' title='bbox 2887 2705 2995 2754; x_wconf 93' lang='lat' dir='ltr'><strong>Pi-</strong></span> 
     </span>
     <span class='ocr_line' id='line_1_26' title="bbox 696 2770 2992 2835; baseline -0.001 -12"><span class='ocrx_word' id='word_1_179' title='bbox 696 2788 922 2823; x_wconf 84' lang='lat' dir='ltr'><strong>raeum</strong></span> <span class='ocrx_word' id='word_1_180' title='bbox 959 2799 1023 2807; x_wconf 94' lang='lat'><strong>—-</strong></span> <span class='ocrx_word' id='word_1_181' title='bbox 1062 2774 1143 2823; x_wconf 89' lang='lat' dir='ltr'><strong>sic</strong></span> <span class='ocrx_word' id='word_1_182' title='bbox 1170 2774 1314 2823; x_wconf 88' lang='lat' dir='ltr'><strong>enim</strong></span> <span class='ocrx_word' id='word_1_183' title='bbox 1340 2786 1521 2822; x_wconf 88' lang='lat' dir='ltr'><strong>omnes</strong></span> <span class='ocrx_word' id='word_1_184' title='bbox 1547 2772 1722 2822; x_wconf 86' lang='lat' dir='ltr'><strong>nostri</strong></span> <span class='ocrx_word' id='word_1_185' title='bbox 1759 2770 1929 2821; x_wconf 87' lang='lat' dir='ltr'><strong>locuti</strong></span> <span class='ocrx_word' id='word_1_186' title='bbox 1953 2775 2082 2820; x_wconf 87' lang='lat' dir='ltr'><strong>sunt</strong></span> <span class='ocrx_word' id='word_1_187' title='bbox 2114 2803 2179 2811; x_wconf 91' lang='lat'>—</span> <span class='ocrx_word' id='word_1_188' title='bbox 2218 2785 2380 2835; x_wconf 89' lang='lat' dir='ltr'><strong>quam</strong></span> <span class='ocrx_word' id='word_1_189' title='bbox 2418 2771 2485 2819; x_wconf 89' lang='lat' dir='ltr'><strong>in</strong></span> <span class='ocrx_word' id='word_1_190' title='bbox 2504 2771 2663 2834; x_wconf 76' lang='lat' dir='ltr'><strong>,quod</strong></span> <span class='ocrx_word' id='word_1_191' title='bbox 2694 2771 2992 2822; x_wconf 84' lang='lat' dir='ltr'><strong>addiderim</strong></span> 
     </span>
    </p>

    <p class='ocr_par' dir='ltr' id='par_1_6' title="bbox 695 2837 3049 3378">
     <span class='ocr_line' id='line_1_27' title="bbox 824 2837 2992 2918; baseline -0.001 -27.963"><span class='ocrx_word' id='word_1_192' title='bbox 824 2845 1107 2890; x_wconf 87' lang='lat' dir='ltr'><strong>.nostrum</strong></span> <span class='ocrx_word' id='word_1_193' title='bbox 1147 2839 1366 2905; x_wconf 89' lang='lat' dir='ltr'><strong>quidem</strong></span> <span class='ocrx_word' id='word_1_194' title='bbox 1403 2839 1451 2889; x_wconf 91' lang='lat' dir='ltr'><strong>si</strong></span> <span class='ocrx_word' id='word_1_195' title='bbox 1490 2844 1576 2889; x_wconf 91' lang='lat' dir='ltr'><strong>est</strong></span> <span class='ocrx_word' id='word_1_196' title='bbox 1612 2843 1921 2904; x_wconf 84' lang='lat' dir='ltr'><strong>peccatum,</strong></span> <span class='ocrx_word' id='word_1_197' title='bbox 1960 2839 2015 2887; x_wconf 92' lang='lat' dir='ltr'><strong>in</strong></span> <span class='ocrx_word' id='word_1_198' title='bbox 2052 2853 2116 2888; x_wconf 92' lang='lat' dir='ltr'><strong>eo</strong></span> <span class='ocrx_word' id='word_1_199' title='bbox 2153 2842 2238 2887; x_wconf 87' lang='lat' dir='ltr'><strong>est</strong></span> <span class='ocrx_word' id='word_1_200' title='bbox 2274 2837 2415 2901; x_wconf 91' lang='lat' dir='ltr'><strong>quod</strong></span> <span class='ocrx_word' id='word_1_201' title='bbox 2451 2853 2560 2887; x_wconf 89' lang='lat' dir='ltr'><strong>non</strong></span> <span class='ocrx_word' id='word_1_202' title='bbox 2585 2844 2648 2888; x_wconf 91' lang='lat' dir='ltr'><strong>ut</strong></span> <span class='ocrx_word' id='word_1_203' title='bbox 2684 2838 2751 2887; x_wconf 85' lang='lat' dir='ltr'><strong>de</strong></span> <span class='ocrx_word' id='word_1_204' title='bbox 2790 2839 2992 2918; x_wconf 84' lang='lat' dir='ltr'><strong>oppido</strong></span> 
     </span>
     <span class='ocr_line' id='line_1_28' title="bbox 697 2877 3049 2970; baseline -0.001 -13"><span class='ocrx_word' id='word_1_205' title='bbox 697 2877 912 2957; x_wconf 82' lang='lat' dir='ltr'><strong>locutus</strong></span> <span class='ocrx_word' id='word_1_206' title='bbox 950 2923 1081 2967; x_wconf 89' lang='lat' dir='ltr'><strong>sum,</strong></span> <span class='ocrx_word' id='word_1_207' title='bbox 1118 2907 1213 2958; x_wconf 89' lang='lat' dir='ltr'><strong>sed</strong></span> <span class='ocrx_word' id='word_1_208' title='bbox 1238 2913 1301 2957; x_wconf 91' lang='lat' dir='ltr'><strong>ut</strong></span> <span class='ocrx_word' id='word_1_209' title='bbox 1326 2904 1575 2965; x_wconf 87' lang='lat' dir='ltr'><strong>deloco,</strong></span> <span class='ocrx_word' id='word_1_210' title='bbox 1607 2917 1930 2970; x_wconf 86' lang='lat' dir='ltr'><strong>secutusque</strong></span> <span class='ocrx_word' id='word_1_211' title='bbox 1966 2920 2111 2964; x_wconf 87' lang='lat' dir='ltr'><strong>sum,</strong></span> <span class='ocrx_word' id='word_1_212' title='bbox 2149 2921 2254 2955; x_wconf 90' lang='lat' dir='ltr'><strong>non</strong></span> <span class='ocrx_word' id='word_1_213' title='bbox 2292 2905 2416 2954; x_wconf 88' lang='lat' dir='ltr'><strong>dico</strong></span> <span class='ocrx_word' id='word_1_214' title='bbox 2451 2898 2992 2956; x_wconf 80' lang='lat' dir='ltr'><strong>Caecilium.n1ane&#39;</strong></span> <span class='ocrx_word' id='word_1_215' title='bbox 3041 2929 3049 2936; x_wconf 95' lang='lat'><em>·</em></span> 
     </span>
     <span class='ocr_line' id='line_1_29' title="bbox 695 2941 2990 3041; baseline -0.001 -16"><span class='ocrx_word' id='word_1_216' title='bbox 695 2991 740 3025; x_wconf 88' lang='lat' dir='ltr'><strong>e.</strong></span> <span class='ocrx_word' id='word_1_217' title='bbox 769 2991 819 3041; x_wconf 91' lang='lat' dir='ltr'><strong>q.</strong></span> <span class='ocrx_word' id='word_1_218' title='bbox 846 2990 888 3027; x_wconf 88' lang='lat' dir='ltr'><strong>s.</strong></span> <span class='ocrx_word' id='word_1_219' title='bbox 923 2944 1119 3026; x_wconf 82' lang='lat' dir='ltr'><strong>‘malus</strong></span> <span class='ocrx_word' id='word_1_220' title='bbox 1153 2977 1294 3025; x_wconf 87' lang='lat' dir='ltr'><strong>enim</strong></span> <span class='ocrx_word' id='word_1_221' title='bbox 1320 2979 1511 3024; x_wconf 82' lang='lat' dir='ltr'><strong>auctor</strong></span> <span class='ocrx_word' id='word_1_222' title='bbox 1534 2974 1861 3024; x_wconf 81' lang='lat' dir='ltr'><strong>Latinitatis</strong></span> <span class='ocrx_word' id='word_1_223' title='bbox 1897 2978 2011 3034; x_wconf 86' lang='lat' dir='ltr'><strong>est,</strong></span> <span class='ocrx_word' id='word_1_224' title='bbox 2049 2941 2145 3024; x_wconf 60' lang='lat' dir='ltr'><strong>se⁹d</strong></span> <span class='ocrx_word' id='word_1_225' title='bbox 2170 2971 2515 3034; x_wconf 86' lang='lat' dir='ltr'><strong>Terentium,</strong></span> <span class='ocrx_word' id='word_1_226' title='bbox 2556 2974 2712 3022; x_wconf 88' lang='lat' dir='ltr'><strong>cuius</strong></span> <span class='ocrx_word' id='word_1_227' title='bbox 2747 2973 2990 3023; x_wconf 82' lang='lat' dir='ltr'><strong>fabellae</strong></span> 
     </span>
     <span class='ocr_line' id='line_1_30' title="bbox 695 3027 2994 3109; baseline -0.001 -16"><span class='ocrx_word' id='word_1_228' title='bbox 695 3048 922 3109; x_wconf 89' lang='lat' dir='ltr'><strong>propter</strong></span> <span class='ocrx_word' id='word_1_229' title='bbox 958 3043 1288 3104; x_wconf 82' lang='lat' dir='ltr'><strong>elegantiam</strong></span> <span class='ocrx_word' id='word_1_230' title='bbox 1326 3042 1593 3091; x_wconf 87' lang='lat' dir='ltr'><strong>sermonis</strong></span> <span class='ocrx_word' id='word_1_231' title='bbox 1628 3027 1968 3106; x_wconf 70' lang='lat' dir='ltr'><strong>putabantur</strong></span> <span class='ocrx_word' id='word_1_232' title='bbox 2006 3056 2039 3090; x_wconf 87' lang='lat' dir='ltr'><strong>a</strong></span> <span class='ocrx_word' id='word_1_233' title='bbox 2076 3040 2137 3091; x_wconf 87' lang='lat' dir='ltr'><strong>C.</strong></span> <span class='ocrx_word' id='word_1_234' title='bbox 2163 3039 2360 3089; x_wconf 87' lang='lat' dir='ltr'><strong>Laelio</strong></span> <span class='ocrx_word' id='word_1_235' title='bbox 2394 3039 2590 3089; x_wconf 89' lang='lat' dir='ltr'><strong>scribi·</strong></span> <span class='ocrx_word' id='word_1_236' title='bbox 2627 3040 2746 3089; x_wconf 87' lang='lat' dir='ltr'><strong>heri</strong></span> <span class='ocrx_word' id='word_1_237' title='bbox 2783 3040 2994 3105; x_wconf 77' lang='lat' dir='ltr'><strong>aliquot</strong></span> 
     </span>
     <span class='ocr_line' id='line_1_31' title="bbox 697 3106 2992 3172; baseline 0 -14"><span class='ocrx_word' id='word_1_238' title='bbox 697 3109 1101 3160; x_wconf 84' lang='lat' dir='ltr'><strong>adulescentuli</strong></span> <span class='ocrx_word' id='word_1_239' title='bbox 1138 3110 1345 3159; x_wconf 86' lang='lat' dir='ltr'><strong>coimus</strong></span> <span class='ocrx_word' id='word_1_240' title='bbox 1377 3108 1435 3156; x_wconf 89' lang='lat' dir='ltr'><strong>in</strong></span> <span class='ocrx_word' id='word_1_241' title='bbox 1466 3108 1743 3159; x_wconf 88' lang='lat' dir='ltr'><strong>Piraeum.</strong></span> <span class='ocrx_word' id='word_1_242' title='bbox 1752 3113 1768 3139; x_wconf 93' lang='lat'>’</span> <span class='ocrx_word' id='word_1_243' title='bbox 1827 3107 1912 3158; x_wconf 77' lang='lat' dir='ltr'><strong>cf.</strong></span> <span class='ocrx_word' id='word_1_244' title='bbox 1939 3107 2120 3161; x_wconf 85' lang='lat' dir='ltr'><strong>Aethr.</strong></span> <span class='ocrx_word' id='word_1_245' title='bbox 2147 3106 2174 3156; x_wconf 94' lang='lat'>1</span> <span class='ocrx_word' id='word_1_246' title='bbox 2309 3107 2412 3156; x_wconf 83' lang='lat' dir='ltr'><strong>XV</strong></span> <span class='ocrx_word' id='word_1_247' title='bbox 2437 3106 2628 3157; x_wconf 88' lang='lat' dir='ltr'><strong>Cicero</strong></span> <span class='ocrx_word' id='word_1_248' title='bbox 2654 3108 2816 3158; x_wconf 85' lang='lat' dir='ltr'><strong>Tusc.</strong></span> <span class='ocrx_word' id='word_1_249' title='bbox 2854 3107 2992 3172; x_wconf 82' lang='lat' dir='ltr'><strong>disp.</strong></span> 
     </span>
     <span class='ocr_line' id='line_1_32' title="bbox 697 3167 2991 3242; baseline -0.001 -16"><span class='ocrx_word' id='word_1_250' title='bbox 697 3178 773 3228; x_wconf 90' lang='lat' dir='ltr'><strong>IV</strong></span> <span class='ocrx_word' id='word_1_251' title='bbox 798 3180 879 3237; x_wconf 85' lang='grc'><strong>32,</strong></span> <span class='ocrx_word' id='word_1_252' title='bbox 904 3179 969 3227; x_wconf 89' lang='grc'><strong>68</strong></span> <span class='ocrx_word' id='word_1_253' title='bbox 990 3167 1160 3226; x_wconf 81' lang='lat' dir='ltr'><strong>‘totus</strong></span> <span class='ocrx_word' id='word_1_254' title='bbox 1185 3191 1312 3226; x_wconf 89' lang='lat' dir='ltr'><strong>uero</strong></span> <span class='ocrx_word' id='word_1_255' title='bbox 1336 3177 1444 3225; x_wconf 83' lang='lat' dir='ltr'><strong>iste</strong></span> <span class='ocrx_word' id='word_1_256' title='bbox 1471 3177 1562 3240; x_wconf 89' lang='lat' dir='ltr'><strong>qui</strong></span> <span class='ocrx_word' id='word_1_257' title='bbox 1589 3176 1752 3242; x_wconf 83' lang='lat' dir='ltr'><strong>uolgo</strong></span> <span class='ocrx_word' id='word_1_258' title='bbox 1780 3175 2089 3241; x_wconf 84' lang='lat' dir='ltr'><strong>appellatur</strong></span> <span class='ocrx_word' id='word_1_259' title='bbox 2113 3189 2298 3225; x_wconf 87' lang='lat' dir='ltr'><strong>amor.</strong></span> <span class='ocrx_word' id='word_1_260' title='bbox 2359 3177 2593 3227; x_wconf 82' lang='lat' dir='ltr'><strong>,tantae</strong></span> <span class='ocrx_word' id='word_1_261' title='bbox 2619 3174 2862 3225; x_wconf 83' lang='lat' dir='ltr'><strong>leuitatis</strong></span> <span class='ocrx_word' id='word_1_262' title='bbox 2889 3181 2991 3237; x_wconf 89' lang='lat' dir='ltr'><strong>est,</strong></span> 
     </span>
     <span class='ocr_line' id='line_1_33' title="bbox 697 3234 2991 3310; baseline -0 -17"><span class='ocrx_word' id='word_1_263' title='bbox 697 3251 757 3293; x_wconf 88' lang='lat' dir='ltr'><strong>ut</strong></span> <span class='ocrx_word' id='word_1_264' title='bbox 793 3244 930 3293; x_wconf 85' lang='lat' dir='ltr'><strong>nihil</strong></span> <span class='ocrx_word' id='word_1_265' title='bbox 969 3243 1182 3294; x_wconf 85' lang='lat' dir='ltr'><strong>uideam</strong></span> <span class='ocrx_word' id='word_1_266' title='bbox 1221 3242 1361 3310; x_wconf 89' lang='lat' dir='ltr'><strong>quod</strong></span> <span class='ocrx_word' id='word_1_267' title='bbox 1400 3248 1587 3308; x_wconf 87' lang='lat' dir='ltr'><strong>putem</strong></span> <span class='ocrx_word' id='word_1_268' title='bbox 1626 3242 2034 3296; x_wconf 78' lang='lat' dir='ltr'><strong>conferendum.</strong></span> <span class='ocrx_word' id='word_1_269' title='bbox 2107 3256 2263 3308; x_wconf 80' lang='lat' dir='ltr'><strong>quem</strong></span> <span class='ocrx_word' id='word_1_270' title='bbox 2290 3241 2570 3295; x_wconf 81' lang='lat' dir='ltr'><strong>Caecilius</strong></span> <span class='ocrx_word' id='word_1_271' title='bbox 2603 3234 2777 3293; x_wconf 87' lang='lat' dir='ltr'><strong>deum’</strong></span> <span class='ocrx_word' id='word_1_272' title='bbox 2807 3259 2853 3294; x_wconf 91' lang='lat' dir='ltr'><strong>e.</strong></span> <span class='ocrx_word' id='word_1_273' title='bbox 2881 3260 2932 3307; x_wconf 92' lang='grc'><strong>(1.</strong></span> <span class='ocrx_word' id='word_1_274' title='bbox 2950 3258 2991 3292; x_wconf 89' lang='lat' dir='ltr'><strong>s.</strong></span> 
     </span>
     <span class='ocr_line' id='line_1_34' title="bbox 698 3308 2987 3378; baseline -0.002 -16"><span class='ocrx_word' id='word_1_275' title='bbox 698 3313 925 3362; x_wconf 84' lang='lat' dir='ltr'><strong>Versum</strong></span> <span class='ocrx_word' id='word_1_276' title='bbox 974 3314 1073 3362; x_wconf 84' lang='grc'><strong>259</strong></span> <span class='ocrx_word' id='word_1_277' title='bbox 1119 3326 1200 3378; x_wconf 90' lang='lat' dir='ltr'><strong>sq.</strong></span> <span class='ocrx_word' id='word_1_278' title='bbox 1252 3326 1555 3376; x_wconf 83' lang='lat' dir='ltr'><strong>congruere</strong></span> <span class='ocrx_word' id='word_1_279' title='bbox 1604 3326 1729 3361; x_wconf 88' lang='lat' dir='ltr'><strong>cum</strong></span> <span class='ocrx_word' id='word_1_280' title='bbox 1773 3310 2091 3376; x_wconf 86' lang='lat' dir='ltr'><strong>Euripideis</strong></span> <span class='ocrx_word' id='word_1_281' title='bbox 2135 3310 2193 3360; x_wconf 88' lang='lat' dir='ltr'><strong>in</strong></span> <span class='ocrx_word' id='word_1_282' title='bbox 2240 3308 2468 3361; x_wconf 84' lang='lat' dir='ltr'><strong>Stobaei</strong></span> <span class='ocrx_word' id='word_1_283' title='bbox 2511 3309 2879 3375; x_wconf 85' lang='lat' dir='ltr'><strong>florileg.63,</strong></span> <span class='ocrx_word' id='word_1_284' title='bbox 2931 3312 2987 3358; x_wconf 90' lang='lat'><strong>11</strong></span> 
     </span>
    </p>
   </div>
   <div class='ocr_carea' id='block_1_6' title="bbox 704 3426 1127 3434">
    <p class='ocr_par' dir='ltr' id='par_1_7' title="bbox 704 3426 1127 3434">
     <span class='ocr_line' id='line_1_35' title="bbox 704 3426 1127 3434; baseline 0 1641"><span class='ocrx_word' id='word_1_285' title='bbox 704 3426 1127 3434; x_wconf 95' lang='lat' dir='ltr'><strong> </strong></span> 
     </span>
    </p>
   </div>
   <div class='ocr_carea' id='block_1_7' title="bbox 698 3487 2995 4068">
    <p class='ocr_par' dir='ltr' id='par_1_8' title="bbox 698 3487 2995 4068">
     <span class='ocr_line' id='line_1_36' title="bbox 868 3487 2992 3561; baseline -0 -18"><span class='ocrx_word' id='word_1_286' title='bbox 868 3488 990 3546; x_wconf 84' lang='lat'><strong>253</strong></span> <span class='ocrx_word' id='word_1_287' title='bbox 1034 3497 1301 3561; x_wconf 76' lang='lat' dir='ltr'><strong>praestat</strong></span> <span class='ocrx_word' id='word_1_288' title='bbox 1352 3490 1615 3561; x_wconf 76' lang='lat' dir='ltr'><strong>fortasse</strong></span> <span class='ocrx_word' id='word_1_289' title='bbox 1667 3493 1828 3546; x_wconf 78' lang='lat' dir='ltr'><strong>initio</strong></span> <span class='ocrx_word' id='word_1_290' title='bbox 1882 3491 2204 3561; x_wconf 76' lang='lat' dir='ltr'><strong>septenarii</strong></span> <span class='ocrx_word' id='word_1_291' title='bbox 2257 3490 2547 3545; x_wconf 79' lang='lat' dir='ltr'><strong>collocare</strong></span> <span class='ocrx_word' id='word_1_292' title='bbox 2717 3488 2772 3543; x_wconf 85' lang='lat' dir='ltr'><strong>in</strong></span> <span class='ocrx_word' id='word_1_293' title='bbox 2817 3487 2992 3542; x_wconf 77' lang='lat' dir='ltr'><strong>Attica</strong></span> 
     </span>
     <span class='ocr_line' id='line_1_37' title="bbox 698 3570 2992 3646; baseline -0.001 -16"><span class='ocrx_word' id='word_1_294' title='bbox 698 3578 910 3646; x_wconf 73' lang='lat' dir='ltr'><strong>scripse·</strong></span> <span class='ocrx_word' id='word_1_295' title='bbox 964 3574 1018 3630; x_wconf 87' lang='lat' dir='ltr'><strong>in</strong></span> <span class='ocrx_word' id='word_1_296' title='bbox 1062 3576 1232 3630; x_wconf 76' lang='lat' dir='ltr'><strong>natica</strong></span> <span class='ocrx_word' id='word_1_297' title='bbox 1279 3577 1404 3631; x_wconf 81' lang='lat' dir='ltr'><strong>cod.</strong></span> <span class='ocrx_word' id='word_1_298' title='bbox 1449 3575 1502 3630; x_wconf 86' lang='lat' dir='ltr'><strong>in</strong></span> <span class='ocrx_word' id='word_1_299' title='bbox 1558 3575 1743 3630; x_wconf 77' lang='lat' dir='ltr'><strong>riatica</strong></span> <span class='ocrx_word' id='word_1_300' title='bbox 1789 3574 1875 3629; x_wconf 79' lang='lat' dir='ltr'><strong>ed.</strong></span> <span class='ocrx_word' id='word_1_301' title='bbox 1925 3590 2022 3645; x_wconf 80' lang='lat' dir='ltr'><strong>pr.</strong></span> <span class='ocrx_word' id='word_1_302' title='bbox 2068 3573 2322 3628; x_wconf 79' lang='lat' dir='ltr'><strong>uiaticum</strong></span> <span class='ocrx_word' id='word_1_303' title='bbox 2368 3572 2615 3629; x_wconf 77' lang='lat' dir='ltr'><strong>Botln&#39;us</strong></span> <span class='ocrx_word' id='word_1_304' title='bbox 2869 3570 2992 3628; x_wconf 84' lang='lat'><strong>255</strong></span> 
     </span>
     <span class='ocr_line' id='line_1_38' title="bbox 698 3654 2991 3736; baseline -0.001 -23"><span class='ocrx_word' id='word_1_305' title='bbox 698 3660 803 3714; x_wconf 85' lang='lat' dir='ltr'><strong>nisi</strong></span> <span class='ocrx_word' id='word_1_306' title='bbox 849 3660 1043 3713; x_wconf 87' lang='lat' dir='ltr'><strong>mirum</strong></span> <span class='ocrx_word' id='word_1_307' title='bbox 1089 3654 1198 3736; x_wconf 73' lang='lat' dir='ltr'><strong>cst]</strong></span> <span class='ocrx_word' id='word_1_308' title='bbox 1248 3659 1329 3731; x_wconf 84' lang='lat' dir='ltr'><strong>cf.</strong></span> <span class='ocrx_word' id='word_1_309' title='bbox 1375 3659 1575 3716; x_wconf 74' lang='lat' dir='ltr'><strong>Plauti</strong></span> <span class='ocrx_word' id='word_1_310' title='bbox 1614 3658 1825 3715; x_wconf 82' lang='lat' dir='ltr'><strong>Pseud.</strong></span> <span class='ocrx_word' id='word_1_311' title='bbox 1880 3657 2039 3714; x_wconf 83' lang='grc'><strong>1213</strong></span> <span class='ocrx_word' id='word_1_312' title='bbox 2079 3664 2134 3712; x_wconf 81' lang='lat' dir='ltr'><strong>et</strong></span> <span class='ocrx_word' id='word_1_313' title='bbox 2177 3657 2469 3730; x_wconf 79' lang='lat' dir='ltr'><strong>symbolae</strong></span> <span class='ocrx_word' id='word_1_314' title='bbox 2512 3672 2673 3712; x_wconf 86' lang='lat' dir='ltr'><strong>meae</strong></span> <span class='ocrx_word' id='word_1_315' title='bbox 2716 3659 2796 3712; x_wconf 82' lang='lat' dir='ltr'><strong>ad</strong></span> <span class='ocrx_word' id='word_1_316' title='bbox 2832 3663 2991 3728; x_wconf 79' lang='lat' dir='ltr'><strong>part.</strong></span> 
     </span>
     <span class='ocr_line' id='line_1_39' title="bbox 700 3741 2822 3817; baseline -0.001 -20"><span class='ocrx_word' id='word_1_317' title='bbox 700 3744 825 3798; x_wconf 82' lang='lat' dir='ltr'><strong>Lat.</strong></span> <span class='ocrx_word' id='word_1_318' title='bbox 878 3760 941 3814; x_wconf 83' lang='lat' dir='ltr'><strong>p.</strong></span> <span class='ocrx_word' id='word_1_319' title='bbox 994 3742 1069 3798; x_wconf 82' lang='lat'><strong>17</strong></span> <span class='ocrx_word' id='word_1_320' title='bbox 1127 3741 1486 3817; x_wconf 80' lang='lat' dir='ltr'><strong>deintcgrabit</strong></span> <span class='ocrx_word' id='word_1_321' title='bbox 1543 3746 1671 3800; x_wconf 80' lang='lat' dir='ltr'><strong>olim</strong></span> <span class='ocrx_word' id='word_1_322' title='bbox 1728 3745 1979 3813; x_wconf 77' lang='lat' dir='ltr'><strong>conieci,</strong></span> <span class='ocrx_word' id='word_1_323' title='bbox 2035 3744 2189 3813; x_wconf 81' lang='lat' dir='ltr'><strong>quod</strong></span> <span class='ocrx_word' id='word_1_324' title='bbox 2241 3758 2356 3798; x_wconf 81' lang='lat' dir='ltr'><strong>non</strong></span> <span class='ocrx_word' id='word_1_325' title='bbox 2411 3744 2822 3798; x_wconf 83' lang='lat' dir='ltr'><strong>necessarium.</strong></span> 
     </span>
     <span class='ocr_line' id='line_1_40' title="bbox 700 3818 2990 3900; baseline -0.001 -18"><span class='ocrx_word' id='word_1_326' title='bbox 700 3826 823 3883; x_wconf 82' lang='lat'><strong>256</strong></span> <span class='ocrx_word' id='word_1_327' title='bbox 878 3843 1094 3882; x_wconf 84' lang='lat' dir='ltr'><strong>cursum</strong></span> <span class='ocrx_word' id='word_1_328' title='bbox 1166 3827 1448 3899; x_wconf 79' lang='lat' dir='ltr'><strong>Wolfenb.</strong></span> <span class='ocrx_word' id='word_1_329' title='bbox 1676 3824 1948 3900; x_wconf 75' lang='lat' dir='ltr'><strong>prolatum</strong></span> <span class='ocrx_word' id='word_1_330' title='bbox 2018 3826 2296 3898; x_wconf 82' lang='lat' dir='ltr'><strong>Wolfenb.</strong></span> <span class='ocrx_word' id='word_1_331' title='bbox 2524 3824 2660 3899; x_wconf 86' lang='lat' dir='ltr'><strong>pede</strong></span> <span class='ocrx_word' id='word_1_332' title='bbox 2714 3840 2796 3880; x_wconf 86' lang='lat' dir='ltr'><strong>sc.</strong></span> <span class='ocrx_word' id='word_1_333' title='bbox 2857 3818 2990 3900; x_wconf 79' lang='lat' dir='ltr'><strong>aeli]</strong></span> 
     </span>
     <span class='ocr_line' id='line_1_41' title="bbox 700 3904 2992 3985; baseline -0 -22"><span class='ocrx_word' id='word_1_334' title='bbox 700 3904 908 3984; x_wconf 78' lang='lat' dir='ltr'><strong>pedolll</strong></span> <span class='ocrx_word' id='word_1_335' title='bbox 963 3907 1164 3982; x_wconf 78' lang='lat' dir='ltr'><strong>(erasa</strong></span> <span class='ocrx_word' id='word_1_336' title='bbox 1223 3909 1272 3981; x_wconf 88' lang='lat' dir='ltr'><strong>s)</strong></span> <span class='ocrx_word' id='word_1_337' title='bbox 1330 3911 1562 3967; x_wconf 85' lang='lat' dir='ltr'><strong>Monac.</strong></span> <span class='ocrx_word' id='word_1_338' title='bbox 1618 3911 1784 3985; x_wconf 82' lang='lat' dir='ltr'><strong>pedes</strong></span> <span class='ocrx_word' id='word_1_339' title='bbox 1844 3910 2142 3984; x_wconf 71' lang='lat' dir='ltr'><strong>Sanqerm.</strong></span> <span class='ocrx_word' id='word_1_340' title='bbox 2207 3908 2328 3966; x_wconf 88' lang='lat'><strong>805</strong></span> <span class='ocrx_word' id='word_1_341' title='bbox 2386 3917 2442 3965; x_wconf 78' lang='lat' dir='ltr'><strong>et</strong></span> <span class='ocrx_word' id='word_1_342' title='bbox 2500 3926 2617 3965; x_wconf 81' lang='lat' dir='ltr'><strong>scr.</strong></span> <span class='ocrx_word' id='word_1_343' title='bbox 2673 3926 2700 3964; x_wconf 87' lang='lat' dir='ltr'><strong>s</strong></span> <span class='ocrx_word' id='word_1_344' title='bbox 2754 3912 2810 3964; x_wconf 80' lang='lat' dir='ltr'><strong>in</strong></span> <span class='ocrx_word' id='word_1_345' title='bbox 2870 3924 2992 3964; x_wconf 78' lang='lat' dir='ltr'><strong>ras,</strong></span> 
     </span>
     <span class='ocr_line' id='line_1_42' title="bbox 703 3992 2995 4068; baseline -0.002 -18"><span class='ocrx_word' id='word_1_346' title='bbox 703 3996 1003 4068; x_wconf 73' lang='lat' dir='ltr'><strong>Sanyerm.</strong></span> <span class='ocrx_word' id='word_1_347' title='bbox 1038 3994 1159 4052; x_wconf 83' lang='lat'><strong>806</strong></span> <span class='ocrx_word' id='word_1_348' title='bbox 1320 3993 1439 4051; x_wconf 79' lang='lat'><strong>257</strong></span> <span class='ocrx_word' id='word_1_349' title='bbox 1487 3995 1814 4068; x_wconf 80' lang='lat' dir='ltr'><strong>scaphonem</strong></span> <span class='ocrx_word' id='word_1_350' title='bbox 1847 3995 2176 4051; x_wconf 80' lang='lat' dir='ltr'><strong>Emeranus</strong></span> <span class='ocrx_word' id='word_1_351' title='bbox 2205 3992 2447 4049; x_wconf 68' lang='lat' dir='ltr'><strong>saionem</strong></span> <span class='ocrx_word' id='word_1_352' title='bbox 2477 3994 2712 4050; x_wconf 80' lang='lat' dir='ltr'><strong>Monac.</strong></span> <span class='ocrx_word' id='word_1_353' title='bbox 2746 3993 2995 4066; x_wconf 73' lang='lat' dir='ltr'><strong>Sanqer-</strong></span> 
     </span>
    </p>
   </div>
   <div class='ocr_carea' id='block_1_8' title="bbox 698 4076 2993 4321">
    <p class='ocr_par' dir='ltr' id='par_1_9' title="bbox 698 4076 2993 4321">
     <span class='ocr_line' id='line_1_43' title="bbox 700 4076 2992 4153; baseline -0.001 -18"><span class='ocrx_word' id='word_1_354' title='bbox 700 4097 893 4135; x_wconf 83' lang='lat' dir='ltr'><strong>mann.</strong></span> <span class='ocrx_word' id='word_1_355' title='bbox 941 4078 1189 4135; x_wconf 72' lang='lat' dir='ltr'><strong>rabonem</strong></span> <span class='ocrx_word' id='word_1_356' title='bbox 1248 4078 1532 4149; x_wconf 83' lang='lat' dir='ltr'><strong>Wolfenb.</strong></span> <span class='ocrx_word' id='word_1_357' title='bbox 1577 4079 1873 4153; x_wconf 82' lang='lat' dir='ltr'><strong>saphonem</strong></span> <span class='ocrx_word' id='word_1_358' title='bbox 1932 4081 2036 4136; x_wconf 77' lang='lat' dir='ltr'><strong>alii</strong></span> <span class='ocrx_word' id='word_1_359' title='bbox 2087 4079 2241 4134; x_wconf 74' lang='lat' dir='ltr'><strong>saron</strong></span> <span class='ocrx_word' id='word_1_360' title='bbox 2294 4081 2468 4151; x_wconf 75' lang='lat' dir='ltr'><strong>yloss.</strong></span> <span class='ocrx_word' id='word_1_361' title='bbox 2516 4078 2696 4134; x_wconf 81' lang='lat' dir='ltr'><strong>Bern.</strong></span> <span class='ocrx_word' id='word_1_362' title='bbox 2871 4076 2992 4133; x_wconf 83' lang='lat'><strong>258</strong></span> 
     </span>
     <span class='ocr_line' id='line_1_44' title="bbox 700 4163 2993 4238; baseline -0.002 -20"><span class='ocrx_word' id='word_1_363' title='bbox 700 4180 809 4219; x_wconf 90' lang='lat' dir='ltr'><strong>non</strong></span> <span class='ocrx_word' id='word_1_364' title='bbox 855 4179 1041 4234; x_wconf 84' lang='lat' dir='ltr'><strong>manc,</strong></span> <span class='ocrx_word' id='word_1_365' title='bbox 1096 4164 1205 4238; x_wconf 72' lang='lat' dir='ltr'><strong>del.</strong></span> <span class='ocrx_word' id='word_1_366' title='bbox 1265 4178 1406 4226; x_wconf 87' lang='lat' dir='ltr'><strong>non,</strong></span> <span class='ocrx_word' id='word_1_367' title='bbox 1466 4163 1617 4219; x_wconf 81' lang='lat' dir='ltr'><strong>Med.</strong></span> <span class='ocrx_word' id='word_1_368' title='bbox 1677 4179 1834 4219; x_wconf 79' lang='lat' dir='ltr'><strong>manu</strong></span> <span class='ocrx_word' id='word_1_369' title='bbox 1881 4164 2121 4220; x_wconf 74' lang='lat' dir='ltr'><strong>Boetius</strong></span> <span class='ocrx_word' id='word_1_370' title='bbox 2177 4166 2371 4219; x_wconf 81' lang='lat' dir='ltr'><strong>nescio</strong></span> <span class='ocrx_word' id='word_1_371' title='bbox 2422 4181 2501 4220; x_wconf 85' lang='lat' dir='ltr'><strong>an</strong></span> <span class='ocrx_word' id='word_1_372' title='bbox 2543 4164 2775 4219; x_wconf 80' lang='lat' dir='ltr'><strong>librarii</strong></span> <span class='ocrx_word' id='word_1_373' title='bbox 2816 4163 2993 4231; x_wconf 81' lang='lat' dir='ltr'><strong>culpa</strong></span> 
     </span>
     <span class='ocr_line' id='line_1_45' title="bbox 698 4246 2824 4321; baseline -0.001 -19"><span class='ocrx_word' id='word_1_374' title='bbox 698 4246 973 4303; x_wconf 81' lang='lat' dir='ltr'><strong>Piraeeum</strong></span> <span class='ocrx_word' id='word_1_375' title='bbox 1036 4249 1181 4302; x_wconf 78' lang='lat' dir='ltr'><strong>idem</strong></span> <span class='ocrx_word' id='word_1_376' title='bbox 1352 4246 1473 4304; x_wconf 84' lang='lat'><strong>259</strong></span> <span class='ocrx_word' id='word_1_377' title='bbox 1520 4263 1624 4321; x_wconf 84' lang='lat' dir='ltr'><strong>ego</strong></span> <span class='ocrx_word' id='word_1_378' title='bbox 1684 4263 1815 4303; x_wconf 85' lang='lat' dir='ltr'><strong>uero</strong></span> <span class='ocrx_word' id='word_1_379' title='bbox 1874 4249 2121 4303; x_wconf 82' lang='lat' dir='ltr'><strong>Amorem</strong></span> <span class='ocrx_word' id='word_1_380' title='bbox 2177 4250 2470 4319; x_wconf 77' lang='lat' dir='ltr'><strong>suppleuit</strong></span> <span class='ocrx_word' id='word_1_381' title='bbox 2525 4247 2824 4302; x_wconf 78' lang='lat' dir='ltr'><strong>Bentleae&#39;us</strong></span> 
     </span>
    </p>
   </div>
   <div class='ocr_carea' id='block_1_9' title="bbox 695 4325 2994 4405">
    <p class='ocr_par' dir='ltr' id='par_1_10' title="bbox 695 4325 2994 4405">
     <span class='ocr_line' id='line_1_46' title="bbox 695 4325 2994 4405; baseline -0.002 -18"><span class='ocrx_word' id='word_1_382' title='bbox 695 4330 827 4387; x_wconf 84' lang='grc'><strong>260</strong></span> <span class='ocrx_word' id='word_1_383' title='bbox 869 4326 1077 4405; x_wconf 86' lang='lat' dir='ltr'><strong>rerum]</strong></span> <span class='ocrx_word' id='word_1_384' title='bbox 1125 4347 1383 4386; x_wconf 82' lang='lat' dir='ltr'><strong>ueneram</strong></span> <span class='ocrx_word' id='word_1_385' title='bbox 1429 4335 1673 4389; x_wconf 77' lang='lat' dir='ltr'><strong>coniecit</strong></span> <span class='ocrx_word' id='word_1_386' title='bbox 1717 4332 2040 4389; x_wconf 80' lang='lat' dir='ltr'><strong>Meinelcius</strong></span> <span class='ocrx_word' id='word_1_387' title='bbox 2210 4331 2499 4387; x_wconf 80' lang='lat' dir='ltr'><strong>existumet</strong></span> <span class='ocrx_word' id='word_1_388' title='bbox 2556 4329 2656 4399; x_wconf 78' lang='lat' dir='ltr'><strong>(ex</strong></span> <span class='ocrx_word' id='word_1_389' title='bbox 2702 4325 2994 4385; x_wconf 75' lang='lat' dir='ltr'><strong>Ciceronis</strong></span> 
     </span>
    </p>
   </div>
  </div>
 </body>
</html>
