<?xml version="1.0" encoding="UTF-8"?>
<!DOCTYPE html PUBLIC "-//W3C//DTD XHTML 1.0 Transitional//EN"
    "http://www.w3.org/TR/xhtml1/DTD/xhtml1-transitional.dtd">
<html xmlns="http://www.w3.org/1999/xhtml" xml:lang="en" lang="en">
 <head>
  <title>
</title>
<meta http-equiv="Content-Type" content="text/html;charset=utf-8" />
  <meta name='ocr-system' content='tesseract 3.04.00' />
  <meta name='ocr-capabilities' content='ocr_page ocr_carea ocr_par ocr_line ocrx_word'/>
</head>
<body>
  <div class='ocr_page' id='page_1' title='image "./comicorumromano00teregoog_0035.png"; bbox 0 0 3400 5075; ppageno 0'>
   <div class='ocr_carea' id='block_1_1' title="bbox 1328 266 2737 331">
    <p class='ocr_par' dir='ltr' id='par_1_1' title="bbox 1328 266 2737 331">
     <span class='ocr_line' id='line_1_1' title="bbox 1328 266 2737 331; baseline -0.009 0"><span class='ocrx_word' id='word_1_1' title='bbox 1328 272 1854 331; x_wconf 72' lang='lat' dir='ltr'>COROLLARJVM</span> <span class='ocrx_word' id='word_1_2' title='bbox 2503 266 2737 321; x_wconf 83' lang='lat' dir='ltr'>XXXIII</span> 
     </span>
    </p>
   </div>
   <div class='ocr_carea' id='block_1_2' title="bbox 444 433 2756 1806">
    <p class='ocr_par' dir='ltr' id='par_1_2' title="bbox 444 433 2756 1806">
     <span class='ocr_line' id='line_1_2' title="bbox 446 433 2738 525; baseline -0.008 -12"><span class='ocrx_word' id='word_1_3' title='bbox 446 451 546 514; x_wconf 79' lang='lat' dir='ltr'>vis</span> <span class='ocrx_word' id='word_1_4' title='bbox 596 449 859 512; x_wconf 84' lang='lat' dir='ltr'>brevem</span> <span class='ocrx_word' id='word_1_5' title='bbox 909 465 1151 525; x_wconf 89' lang='lat' dir='ltr'>eorum,</span> <span class='ocrx_word' id='word_1_6' title='bbox 1199 462 1361 525; x_wconf 86' lang='lat' dir='ltr'>quae</span> <span class='ocrx_word' id='word_1_7' title='bbox 1416 439 1621 502; x_wconf 88' lang='lat' dir='ltr'>musei</span> <span class='ocrx_word' id='word_1_8' title='bbox 1670 435 1968 500; x_wconf 85' lang='lat' dir='ltr'>Rhenani</span> <span class='ocrx_word' id='word_1_9' title='bbox 2015 435 2055 497; x_wconf 93' lang='grc'>1.</span> <span class='ocrx_word' id='word_1_10' title='bbox 2101 434 2141 496; x_wconf 96' lang='lat' dir='ltr'>l.</span> <span class='ocrx_word' id='word_1_11' title='bbox 2189 456 2247 515; x_wconf 88' lang='lat' dir='ltr'>p.</span> <span class='ocrx_word' id='word_1_12' title='bbox 2300 434 2419 497; x_wconf 80' lang='lat'>181</span> <span class='ocrx_word' id='word_1_13' title='bbox 2473 456 2563 515; x_wconf 89' lang='lat' dir='ltr'>sq.</span> <span class='ocrx_word' id='word_1_14' title='bbox 2612 433 2738 496; x_wconf 82' lang='lat' dir='ltr'>dis-</span> 
     </span>
     <span class='ocr_line' id='line_1_3' title="bbox 444 541 2739 639; baseline -0.009 -18"><span class='ocrx_word' id='word_1_15' title='bbox 444 557 636 639; x_wconf 86' lang='lat' dir='ltr'>serui,</span> <span class='ocrx_word' id='word_1_16' title='bbox 682 551 1068 618; x_wconf 87' lang='lat' dir='ltr'>memoriam</span> <span class='ocrx_word' id='word_1_17' title='bbox 1105 549 1212 612; x_wconf 92' lang='lat' dir='ltr'>hic</span> <span class='ocrx_word' id='word_1_18' title='bbox 1250 548 1547 611; x_wconf 88' lang='lat' dir='ltr'>inserere.</span> <span class='ocrx_word' id='word_1_19' title='bbox 1630 566 1783 608; x_wconf 87' lang='lat' dir='ltr'>nam</span> <span class='ocrx_word' id='word_1_20' title='bbox 1831 564 1994 626; x_wconf 90' lang='lat' dir='ltr'>quae</span> <span class='ocrx_word' id='word_1_21' title='bbox 2041 542 2236 624; x_wconf 86' lang='lat' dir='ltr'>paulo</span> <span class='ocrx_word' id='word_1_22' title='bbox 2285 563 2480 623; x_wconf 89' lang='lat' dir='ltr'>supra</span> <span class='ocrx_word' id='word_1_23' title='bbox 2525 541 2739 604; x_wconf 89' lang='lat' dir='ltr'>locum</span> 
     </span>
     <span class='ocr_line' id='line_1_4' title="bbox 445 649 2740 731; baseline -0.009 -3"><span class='ocrx_word' id='word_1_24' title='bbox 445 664 639 728; x_wconf 87' lang='lat' dir='ltr'>modo</span> <span class='ocrx_word' id='word_1_25' title='bbox 697 661 1051 725; x_wconf 83' lang='lat' dir='ltr'>tractatum</span> <span class='ocrx_word' id='word_1_26' title='bbox 1108 656 1177 720; x_wconf 88' lang='lat' dir='ltr'>in</span> <span class='ocrx_word' id='word_1_27' title='bbox 1231 654 1547 718; x_wconf 79' lang='lat' dir='ltr'>Varronis</span> <span class='ocrx_word' id='word_1_28' title='bbox 1604 652 1772 715; x_wconf 90' lang='lat' dir='ltr'>libro</span> <span class='ocrx_word' id='word_1_29' title='bbox 1829 649 1954 713; x_wconf 85' lang='lat' dir='ltr'>VII</span> <span class='ocrx_word' id='word_1_30' title='bbox 2017 650 2143 713; x_wconf 81' lang='lat'>104</span> <span class='ocrx_word' id='word_1_31' title='bbox 2199 649 2531 731; x_wconf 82' lang='lat' dir='ltr'>leguntur,</span> <span class='ocrx_word' id='word_1_32' title='bbox 2596 669 2740 709; x_wconf 91' lang='lat' dir='ltr'>cum</span> 
     </span>
     <span class='ocr_line' id='line_1_5' title="bbox 446 754 2744 851; baseline -0.009 -17"><span class='ocrx_word' id='word_1_33' title='bbox 446 772 620 834; x_wconf 86' lang='lat' dir='ltr'>inter</span> <span class='ocrx_word' id='word_1_34' title='bbox 674 767 985 851; x_wconf 78' lang='lat' dir='ltr'>palliatae</span> <span class='ocrx_word' id='word_1_35' title='bbox 1040 763 1301 827; x_wconf 87' lang='lat' dir='ltr'>fabulae</span> <span class='ocrx_word' id='word_1_36' title='bbox 1346 761 1558 824; x_wconf 87' lang='lat' dir='ltr'>frusta</span> <span class='ocrx_word' id='word_1_37' title='bbox 1605 756 1885 843; x_wconf 76' lang='lat' dir='ltr'><strong>(XVIII)</strong></span> <span class='ocrx_word' id='word_1_38' title='bbox 1934 757 2091 821; x_wconf 92' lang='lat' dir='ltr'>olim</span> <span class='ocrx_word' id='word_1_39' title='bbox 2139 754 2518 837; x_wconf 78' lang='lat' dir='ltr'>receperim,</span> <span class='ocrx_word' id='word_1_40' title='bbox 2573 774 2744 816; x_wconf 86' lang='lat' dir='ltr'>nunc</span> 
     </span>
     <span class='ocr_line' id='line_1_6' title="bbox 451 859 2742 953; baseline -0.009 -13"><span class='ocrx_word' id='word_1_41' title='bbox 451 875 810 940; x_wconf 85' lang='lat' dir='ltr'>Ritschelio</span> <span class='ocrx_word' id='word_1_42' title='bbox 859 871 1209 951; x_wconf 79' lang='lat' dir='ltr'>adsentior,</span> <span class='ocrx_word' id='word_1_43' title='bbox 1244 869 1354 953; x_wconf 91' lang='lat' dir='ltr'>qui</span> <span class='ocrx_word' id='word_1_44' title='bbox 1392 868 1652 951; x_wconf 84' lang='lat' dir='ltr'>Parerg.</span> <span class='ocrx_word' id='word_1_45' title='bbox 1692 889 1751 949; x_wconf 87' lang='lat' dir='ltr'>p.</span> <span class='ocrx_word' id='word_1_46' title='bbox 1781 866 1868 929; x_wconf 82' lang='lat'>30</span> <span class='ocrx_word' id='word_1_47' title='bbox 1918 863 2152 929; x_wconf 74' lang='lat' dir='ltr'>Suevio</span> <span class='ocrx_word' id='word_1_48' title='bbox 2193 862 2326 925; x_wconf 85' lang='lat' dir='ltr'>sive</span> <span class='ocrx_word' id='word_1_49' title='bbox 2367 859 2560 923; x_wconf 81' lang='lat' dir='ltr'>Sueio</span> <span class='ocrx_word' id='word_1_50' title='bbox 2607 859 2742 922; x_wconf 85' lang='lat' dir='ltr'>vin-</span> 
     </span>
     <span class='ocr_line' id='line_1_7' title="bbox 452 967 2744 1047; baseline -0.008 1"><span class='ocrx_word' id='word_1_51' title='bbox 452 984 711 1047; x_wconf 76' lang='lat' dir='ltr'>dicavit.</span> <span class='ocrx_word' id='word_1_52' title='bbox 805 979 915 1043; x_wconf 86' lang='lat' dir='ltr'>sed</span> <span class='ocrx_word' id='word_1_53' title='bbox 964 977 1056 1041; x_wconf 86' lang='lat' dir='ltr'>sic</span> <span class='ocrx_word' id='word_1_54' title='bbox 1105 974 1503 1040; x_wconf 83' lang='lat' dir='ltr'>emendanda</span> <span class='ocrx_word' id='word_1_55' title='bbox 1552 995 1691 1037; x_wconf 89' lang='lat' dir='ltr'>esse</span> <span class='ocrx_word' id='word_1_56' title='bbox 1740 970 2206 1036; x_wconf 84' lang='lat' dir='ltr'>demonstravi:</span> <span class='ocrx_word' id='word_1_57' title='bbox 2253 968 2401 1033; x_wconf 61' lang='lat' dir='ltr'>Sicci</span> <span class='ocrx_word' id='word_1_58' title='bbox 2447 967 2523 1031; x_wconf 78' lang='lat' dir='ltr'>ab</span> <span class='ocrx_word' id='word_1_59' title='bbox 2569 968 2744 1030; x_wconf 61' lang='lat' dir='ltr'>‘irun-</span> 
     </span>
     <span class='ocr_line' id='line_1_8' title="bbox 455 1077 2745 1168; baseline -0.008 -15"><span class='ocrx_word' id='word_1_60' title='bbox 455 1092 628 1153; x_wconf 74' lang='lat' dir='ltr'>dine:</span> <span class='ocrx_word' id='word_1_61' title='bbox 675 1087 926 1162; x_wconf 77' lang='lat' dir='ltr'>irundO,</span> <span class='ocrx_word' id='word_1_62' title='bbox 973 1084 1041 1148; x_wconf 67' lang='grc' dir='ltr'>τά</span> <span class='ocrx_word' id='word_1_63' title='bbox 1076 1081 1208 1167; x_wconf 82' lang='lat' dir='ltr'>(vel</span> <span class='ocrx_word' id='word_1_64' title='bbox 1246 1088 1303 1145; x_wconf 72' lang='lat' dir='ltr'>et</span> <span class='ocrx_word' id='word_1_65' title='bbox 1339 1083 1439 1168; x_wconf 62' lang='lat' dir='ltr'>tei)</span> <span class='ocrx_word' id='word_1_66' title='bbox 1483 1082 1771 1161; x_wconf 72' lang='lat' dir='ltr'>fritinnis</span> <span class='ocrx_word' id='word_1_67' title='bbox 1806 1079 2090 1145; x_wconf 58' lang='lat' dir='ltr'>suaviter.</span> <span class='ocrx_word' id='word_1_68' title='bbox 2156 1077 2480 1158; x_wconf 81' lang='lat' dir='ltr'>Excerpta</span> <span class='ocrx_word' id='word_1_69' title='bbox 2530 1077 2745 1137; x_wconf 87' lang='lat' dir='ltr'>autem</span> 
     </span>
     <span class='ocr_line' id='line_1_9' title="bbox 458 1182 2747 1272; baseline -0.006 -14"><span class='ocrx_word' id='word_1_70' title='bbox 458 1197 615 1258; x_wconf 88' lang='lat' dir='ltr'>haec</span> <span class='ocrx_word' id='word_1_71' title='bbox 665 1197 816 1256; x_wconf 86' lang='lat' dir='ltr'>sunt</span> <span class='ocrx_word' id='word_1_72' title='bbox 871 1213 946 1253; x_wconf 85' lang='lat' dir='ltr'>ex</span> <span class='ocrx_word' id='word_1_73' title='bbox 983 1190 1303 1272; x_wconf 75' lang='lat' dir='ltr'>pullorum</span> <span class='ocrx_word' id='word_1_74' title='bbox 1360 1188 1670 1252; x_wconf 84' lang='lat' dir='ltr'>carmine:</span> <span class='ocrx_word' id='word_1_75' title='bbox 1721 1187 1797 1250; x_wconf 87' lang='lat' dir='ltr'>cf.</span> <span class='ocrx_word' id='word_1_76' title='bbox 1839 1184 2152 1249; x_wconf 79' lang='lat' dir='ltr'>Varronis</span> <span class='ocrx_word' id='word_1_77' title='bbox 2212 1205 2243 1244; x_wconf 88' lang='lat' dir='ltr'>e</span> <span class='ocrx_word' id='word_1_78' title='bbox 2301 1182 2539 1246; x_wconf 87' lang='lat' dir='ltr'>saturis</span> <span class='ocrx_word' id='word_1_79' title='bbox 2594 1182 2747 1246; x_wconf 86' lang='lat' dir='ltr'>hen-</span> 
     </span>
     <span class='ocr_line' id='line_1_10' title="bbox 457 1289 2750 1383; baseline -0.006 -19"><span class='ocrx_word' id='word_1_80' title='bbox 457 1299 946 1383; x_wconf 85' lang='lat' dir='ltr'>decasyllabum</span> <span class='ocrx_word' id='word_1_81' title='bbox 993 1320 1053 1380; x_wconf 87' lang='lat' dir='ltr'>p.</span> <span class='ocrx_word' id='word_1_82' title='bbox 1092 1296 1223 1361; x_wconf 84' lang='grc'>235</span> <span class='ocrx_word' id='word_1_83' title='bbox 1269 1296 1345 1359; x_wconf 85' lang='lat' dir='ltr'>fr.</span> <span class='ocrx_word' id='word_1_84' title='bbox 1383 1295 1446 1358; x_wconf 93' lang='lat' dir='ltr'>II</span> <span class='ocrx_word' id='word_1_85' title='bbox 1486 1296 1569 1359; x_wconf 82' lang='lat' dir='ltr'>R:</span> <span class='ocrx_word' id='word_1_86' title='bbox 1616 1300 1675 1359; x_wconf 76' lang='lat' dir='ltr'>et</span> <span class='ocrx_word' id='word_1_87' title='bbox 1706 1294 1914 1376; x_wconf 75' lang='lat' dir='ltr'>pullos</span> <span class='ocrx_word' id='word_1_88' title='bbox 1946 1291 2188 1373; x_wconf 55' lang='lat' dir='ltr'>peperit</span> <span class='ocrx_word' id='word_1_89' title='bbox 2226 1289 2640 1368; x_wconf 71' lang='lat' dir='ltr'>fritinnientis</span> <span class='ocrx_word' id='word_1_90' title='bbox 2687 1292 2750 1350; x_wconf 87' lang='lat' dir='ltr'>et</span> 
     </span>
     <span class='ocr_line' id='line_1_11' title="bbox 458 1392 2751 1487; baseline -0.006 -16"><span class='ocrx_word' id='word_1_91' title='bbox 458 1406 752 1471; x_wconf 83' lang='lat' dir='ltr'>Suetonii</span> <span class='ocrx_word' id='word_1_92' title='bbox 801 1408 1063 1487; x_wconf 86' lang='lat' dir='ltr'>pratum</span> <span class='ocrx_word' id='word_1_93' title='bbox 1112 1427 1170 1486; x_wconf 83' lang='lat' dir='ltr'>p.</span> <span class='ocrx_word' id='word_1_94' title='bbox 1202 1403 1332 1467; x_wconf 80' lang='grc'>253</span> <span class='ocrx_word' id='word_1_95' title='bbox 1372 1403 1456 1466; x_wconf 81' lang='lat' dir='ltr'>R:</span> <span class='ocrx_word' id='word_1_96' title='bbox 1506 1401 1945 1465; x_wconf 57' lang='lat' dir='ltr'>‘hir-mulinum</span> <span class='ocrx_word' id='word_1_97' title='bbox 1991 1396 2314 1478; x_wconf 74' lang='lat' dir='ltr'>fintinnire</span> <span class='ocrx_word' id='word_1_98' title='bbox 2359 1392 2587 1478; x_wconf 89' lang='lat' dir='ltr'>(immo</span> <span class='ocrx_word' id='word_1_99' title='bbox 2632 1394 2751 1473; x_wconf 79' lang='lat' dir='ltr'>fri-</span> 
     </span>
     <span class='ocr_line' id='line_1_12' title="bbox 458 1501 2752 1597; baseline -0.007 -18"><span class='ocrx_word' id='word_1_100' title='bbox 458 1514 717 1597; x_wconf 73' lang='lat' dir='ltr'>tinnire)</span> <span class='ocrx_word' id='word_1_101' title='bbox 764 1512 856 1576; x_wconf 76' lang='lat' dir='ltr'>vel</span> <span class='ocrx_word' id='word_1_102' title='bbox 900 1511 1265 1587; x_wconf 76' lang='lat' dir='ltr'>minu-rrire‚</span> <span class='ocrx_word' id='word_1_103' title='bbox 1325 1531 1720 1593; x_wconf 81' lang='lat' dir='ltr'>quamquam</span> <span class='ocrx_word' id='word_1_104' title='bbox 1767 1506 1928 1570; x_wconf 88' lang='lat' dir='ltr'>alibi</span> <span class='ocrx_word' id='word_1_105' title='bbox 1975 1505 2232 1568; x_wconf 79' lang='lat' dir='ltr'>cicadae</span> <span class='ocrx_word' id='word_1_106' title='bbox 2290 1503 2589 1565; x_wconf 85' lang='lat' dir='ltr'>dicuntur</span> <span class='ocrx_word' id='word_1_107' title='bbox 2643 1501 2752 1563; x_wconf 89' lang='lat' dir='ltr'>fri-</span> 
     </span>
     <span class='ocr_line' id='line_1_13' title="bbox 460 1607 2754 1702; baseline -0.007 -17"><span class='ocrx_word' id='word_1_108' title='bbox 460 1619 701 1684; x_wconf 85' lang='lat' dir='ltr'>tiunire</span> <span class='ocrx_word' id='word_1_109' title='bbox 749 1616 976 1702; x_wconf 81' lang='lat' dir='ltr'>(etiam</span> <span class='ocrx_word' id='word_1_110' title='bbox 1023 1618 1093 1680; x_wconf 89' lang='lat' dir='ltr'>in</span> <span class='ocrx_word' id='word_1_111' title='bbox 1140 1616 1384 1681; x_wconf 89' lang='lat' dir='ltr'>anthol.</span> <span class='ocrx_word' id='word_1_112' title='bbox 1432 1616 1572 1679; x_wconf 85' lang='lat' dir='ltr'>Lat.</span> <span class='ocrx_word' id='word_1_113' title='bbox 1620 1639 1680 1680; x_wconf 89' lang='lat' dir='ltr'>n.</span> <span class='ocrx_word' id='word_1_114' title='bbox 1723 1616 1869 1696; x_wconf 82' lang='grc'>762,</span> <span class='ocrx_word' id='word_1_115' title='bbox 1899 1613 1983 1676; x_wconf 80' lang='grc'>35</span> <span class='ocrx_word' id='word_1_116' title='bbox 2015 1610 2137 1694; x_wconf 66' lang='lat' dir='ltr'>R),</span> <span class='ocrx_word' id='word_1_117' title='bbox 2183 1609 2561 1672; x_wconf 79' lang='lat' dir='ltr'>hirundines</span> <span class='ocrx_word' id='word_1_118' title='bbox 2606 1607 2754 1669; x_wconf 89' lang='lat' dir='ltr'>tris-</span> 
     </span>
     <span class='ocr_line' id='line_1_14' title="bbox 459 1712 2756 1806; baseline -0.006 -18"><span class='ocrx_word' id='word_1_119' title='bbox 459 1749 606 1790; x_wconf 83' lang='lat' dir='ltr'>sare</span> <span class='ocrx_word' id='word_1_120' title='bbox 654 1724 752 1788; x_wconf 81' lang='lat' dir='ltr'>vel</span> <span class='ocrx_word' id='word_1_121' title='bbox 802 1724 1124 1786; x_wconf 86' lang='lat' dir='ltr'>trissitare</span> <span class='ocrx_word' id='word_1_122' title='bbox 1172 1722 1355 1806; x_wconf 87' lang='lat' dir='ltr'>(item</span> <span class='ocrx_word' id='word_1_123' title='bbox 1405 1723 1471 1785; x_wconf 89' lang='lat' dir='ltr'>in</span> <span class='ocrx_word' id='word_1_124' title='bbox 1512 1722 1756 1785; x_wconf 86' lang='lat' dir='ltr'>anthol.</span> <span class='ocrx_word' id='word_1_125' title='bbox 1796 1721 1938 1783; x_wconf 78' lang='lat' dir='ltr'>Lat.</span> <span class='ocrx_word' id='word_1_126' title='bbox 1977 1742 2035 1782; x_wconf 87' lang='grc'>11.</span> <span class='ocrx_word' id='word_1_127' title='bbox 2071 1718 2216 1797; x_wconf 82' lang='grc'>733,</span> <span class='ocrx_word' id='word_1_128' title='bbox 2255 1717 2314 1778; x_wconf 76' lang='grc'>5.</span> <span class='ocrx_word' id='word_1_129' title='bbox 2366 1715 2510 1796; x_wconf 78' lang='grc'>762,</span> <span class='ocrx_word' id='word_1_130' title='bbox 2541 1714 2623 1776; x_wconf 92' lang='grc'>26</span> <span class='ocrx_word' id='word_1_131' title='bbox 2655 1712 2756 1775; x_wconf 65' lang='lat' dir='ltr'>R:</span> 
     </span>
    </p>
   </div>
   <div class='ocr_carea' id='block_1_3' title="bbox 460 1823 2108 1914">
    <p class='ocr_par' dir='ltr' id='par_1_3' title="bbox 460 1823 2108 1914">
     <span class='ocr_line' id='line_1_15' title="bbox 460 1823 2108 1914; baseline -0.005 -18"><span class='ocrx_word' id='word_1_132' title='bbox 460 1834 544 1897; x_wconf 87' lang='lat' dir='ltr'>cf.</span> <span class='ocrx_word' id='word_1_133' title='bbox 591 1824 876 1914; x_wconf 77' lang='grc' dir='ltr'><strong><em>χελιδὼν</em></strong></span> <span class='ocrx_word' id='word_1_134' title='bbox 920 1831 1240 1911; x_wconf 81' lang='grc' dir='ltr'><em>τετιβίςει,</em></span> <span class='ocrx_word' id='word_1_135' title='bbox 1288 1825 1630 1911; x_wconf 76' lang='grc' dir='ltr'><strong><em>χελιδόνος</em></strong></span> <span class='ocrx_word' id='word_1_136' title='bbox 1677 1823 2108 1910; x_wconf 78' lang='grc' dir='ltr'><em>ψιθυρίζειν).</em></span> 
     </span>
    </p>
   </div>
   <div class='ocr_carea' id='block_1_4' title="bbox 464 2162 2767 2998">
    <p class='ocr_par' dir='ltr' id='par_1_4' title="bbox 464 2162 2760 2362">
     <span class='ocr_line' id='line_1_16' title="bbox 648 2162 2760 2254; baseline -0.005 -20"><span class='ocrx_word' id='word_1_137' title='bbox 648 2171 839 2254; x_wconf 88' lang='lat' dir='ltr'>Apud</span> <span class='ocrx_word' id='word_1_138' title='bbox 867 2166 1355 2231; x_wconf 83' lang='lat' dir='ltr'>TVRPILIVM</span> <span class='ocrx_word' id='word_1_139' title='bbox 1396 2189 1450 2229; x_wconf 91' lang='lat' dir='ltr'>v.</span> <span class='ocrx_word' id='word_1_140' title='bbox 1481 2167 1520 2227; x_wconf 88' lang='lat'>3</span> <span class='ocrx_word' id='word_1_141' title='bbox 1552 2186 1800 2227; x_wconf 62' lang='lat' dir='ltr'>uxorem</span> <span class='ocrx_word' id='word_1_142' title='bbox 1829 2166 2042 2228; x_wconf 61' lang='lat' dir='ltr'>cliwere</span> <span class='ocrx_word' id='word_1_143' title='bbox 2072 2164 2258 2227; x_wconf 72' lang='lat' dir='ltr'>audio</span> <span class='ocrx_word' id='word_1_144' title='bbox 2289 2162 2760 2243; x_wconf 72' lang='lat' dir='ltr'>QuicheratiuS,</span> 
     </span>
     <span class='ocr_line' id='line_1_17' title="bbox 464 2279 764 2362; baseline -0.017 -18"><span class='ocrx_word' id='word_1_145' title='bbox 464 2279 764 2362; x_wconf 78' lang='lat' dir='ltr'>inperite.</span> 
     </span>
    </p>

    <p class='ocr_par' dir='ltr' id='par_1_5' title="bbox 649 2378 1362 2446">
     <span class='ocr_line' id='line_1_18' title="bbox 649 2378 1362 2446; baseline -0.007 0"><span class='ocrx_word' id='word_1_146' title='bbox 649 2385 690 2446; x_wconf 89' lang='grc'>5</span> <span class='ocrx_word' id='word_1_147' title='bbox 736 2382 1078 2445; x_wconf 74' lang='lat' dir='ltr'>amrscedat</span> <span class='ocrx_word' id='word_1_148' title='bbox 1122 2379 1263 2443; x_wconf 86' lang='lat' dir='ltr'>Par.</span> <span class='ocrx_word' id='word_1_149' title='bbox 1310 2378 1362 2441; x_wconf 91' lang='lat' dir='ltr'>P</span> 
     </span>
    </p>

    <p class='ocr_par' dir='ltr' id='par_1_6' title="bbox 470 2483 2767 2998">
     <span class='ocr_line' id='line_1_19' title="bbox 649 2483 2762 2570; baseline -0.003 -16"><span class='ocrx_word' id='word_1_150' title='bbox 649 2492 688 2554; x_wconf 78' lang='lat'>9</span> <span class='ocrx_word' id='word_1_151' title='bbox 736 2488 911 2552; x_wconf 87' lang='lat' dir='ltr'>Olim</span> <span class='ocrx_word' id='word_1_152' title='bbox 967 2487 1174 2550; x_wconf 85' lang='lat' dir='ltr'>delevi</span> <span class='ocrx_word' id='word_1_153' title='bbox 1228 2486 1510 2569; x_wconf 88' lang='lat' dir='ltr'>primum</span> <span class='ocrx_word' id='word_1_154' title='bbox 1568 2491 1678 2570; x_wconf 74' lang='lat' dir='ltr'>est,</span> <span class='ocrx_word' id='word_1_155' title='bbox 1737 2484 1906 2569; x_wconf 89' lang='lat' dir='ltr'>quod</span> <span class='ocrx_word' id='word_1_156' title='bbox 1962 2484 2136 2547; x_wconf 88' lang='lat' dir='ltr'>intra</span> <span class='ocrx_word' id='word_1_157' title='bbox 2191 2483 2351 2547; x_wconf 89' lang='lat' dir='ltr'>duos</span> <span class='ocrx_word' id='word_1_158' title='bbox 2409 2484 2762 2548; x_wconf 84' lang='lat' dir='ltr'>versiculos</span> 
     </span>
     <span class='ocr_line' id='line_1_20' title="bbox 470 2592 2762 2683; baseline -0.004 -21"><span class='ocrx_word' id='word_1_159' title='bbox 470 2602 702 2683; x_wconf 88' lang='lat' dir='ltr'>quater</span> <span class='ocrx_word' id='word_1_160' title='bbox 748 2595 1047 2675; x_wconf 81' lang='lat' dir='ltr'>recurrit,</span> <span class='ocrx_word' id='word_1_161' title='bbox 1104 2596 1176 2656; x_wconf 89' lang='lat' dir='ltr'>ut</span> <span class='ocrx_word' id='word_1_162' title='bbox 1221 2593 1564 2656; x_wconf 79' lang='lat' dir='ltr'>trochaeos</span> <span class='ocrx_word' id='word_1_163' title='bbox 1620 2592 1878 2676; x_wconf 78' lang='lat' dir='ltr'>utrique</span> <span class='ocrx_word' id='word_1_164' title='bbox 1926 2592 2361 2673; x_wconf 76' lang='lat' dir='ltr'>restituerem,</span> <span class='ocrx_word' id='word_1_165' title='bbox 2417 2613 2621 2674; x_wconf 86' lang='lat' dir='ltr'>neque</span> <span class='ocrx_word' id='word_1_166' title='bbox 2668 2613 2762 2653; x_wconf 83' lang='lat' dir='ltr'>re-</span> 
     </span>
     <span class='ocr_line' id='line_1_21' title="bbox 471 2697 2767 2790; baseline -0.003 -22"><span class='ocrx_word' id='word_1_167' title='bbox 471 2727 765 2790; x_wconf 82' lang='lat' dir='ltr'>pugnare</span> <span class='ocrx_word' id='word_1_168' title='bbox 820 2700 1136 2766; x_wconf 81' lang='lat' dir='ltr'>sermonis</span> <span class='ocrx_word' id='word_1_169' title='bbox 1196 2699 1471 2762; x_wconf 82' lang='lat' dir='ltr'>scaenici</span> <span class='ocrx_word' id='word_1_170' title='bbox 1530 2698 1980 2763; x_wconf 85' lang='lat' dir='ltr'>consuetudini</span> <span class='ocrx_word' id='word_1_171' title='bbox 2034 2698 2274 2762; x_wconf 81' lang='lat' dir='ltr'>nudum</span> <span class='ocrx_word' id='word_1_172' title='bbox 2322 2699 2415 2761; x_wconf 69' lang='lat' dir='ltr'>ita</span> <span class='ocrx_word' id='word_1_173' title='bbox 2471 2697 2767 2780; x_wconf 82' lang='lat' dir='ltr'>exempla</span> 
     </span>
     <span class='ocr_line' id='line_1_22' title="bbox 472 2805 2767 2890; baseline -0.004 -15"><span class='ocrx_word' id='word_1_174' title='bbox 472 2814 543 2875; x_wconf 89' lang='lat' dir='ltr'>in</span> <span class='ocrx_word' id='word_1_175' title='bbox 589 2810 835 2874; x_wconf 87' lang='lat' dir='ltr'>Holtzii</span> <span class='ocrx_word' id='word_1_176' title='bbox 897 2807 1160 2890; x_wconf 80' lang='lat' dir='ltr'>syntaxi</span> <span class='ocrx_word' id='word_1_177' title='bbox 1208 2805 1270 2868; x_wconf 85' lang='lat' dir='ltr'>II</span> <span class='ocrx_word' id='word_1_178' title='bbox 1318 2808 1447 2869; x_wconf 75' lang='grc'>285</span> <span class='ocrx_word' id='word_1_179' title='bbox 1495 2806 1771 2870; x_wconf 87' lang='lat' dir='ltr'>collecta</span> <span class='ocrx_word' id='word_1_180' title='bbox 1826 2806 2290 2869; x_wconf 84' lang='lat' dir='ltr'>demonstrant.</span> <span class='ocrx_word' id='word_1_181' title='bbox 2379 2806 2526 2885; x_wconf 75' lang='lat' dir='ltr'>sita]</span> <span class='ocrx_word' id='word_1_182' title='bbox 2575 2805 2632 2868; x_wconf 72' lang='lat' dir='ltr'>si</span> <span class='ocrx_word' id='word_1_183' title='bbox 2677 2805 2767 2867; x_wconf 73' lang='lat' dir='ltr'>ita</span> 
     </span>
     <span class='ocr_line' id='line_1_23' title="bbox 470 2912 1839 2998; baseline -0.003 -18"><span class='ocrx_word' id='word_1_184' title='bbox 470 2917 666 2980; x_wconf 88' lang='lat' dir='ltr'>Bern.</span> <span class='ocrx_word' id='word_1_185' title='bbox 712 2913 874 2998; x_wconf 88' lang='lat' dir='ltr'>(non</span> <span class='ocrx_word' id='word_1_186' title='bbox 920 2912 1097 2998; x_wconf 70' lang='lat' dir='ltr'>Bas)</span> <span class='ocrx_word' id='word_1_187' title='bbox 1143 2912 1353 2978; x_wconf 87' lang='lat' dir='ltr'>indice</span> <span class='ocrx_word' id='word_1_188' title='bbox 1403 2912 1839 2987; x_wconf 83' lang='lat' dir='ltr'>QuicheratiO.</span> 
     </span>
    </p>
   </div>
   <div class='ocr_carea' id='block_1_5' title="bbox 662 3013 2742 3138">
    <p class='ocr_par' dir='ltr' id='par_1_7' title="bbox 662 3013 2742 3138">
     <span class='ocr_line' id='line_1_24' title="bbox 662 3013 2742 3138; baseline -0.003 -17"><span class='ocrx_word' id='word_1_189' title='bbox 662 3059 742 3121; x_wconf 85' lang='lat'>13</span> <span class='ocrx_word' id='word_1_190' title='bbox 791 3057 1059 3120; x_wconf 86' lang='lat' dir='ltr'>Lemma</span> <span class='ocrx_word' id='word_1_191' title='bbox 1105 3058 1178 3117; x_wconf 92' lang='lat' dir='ltr'>ut</span> <span class='ocrx_word' id='word_1_192' title='bbox 1224 3075 1344 3138; x_wconf 81' lang='lat' dir='ltr'>ego</span> <span class='ocrx_word' id='word_1_193' title='bbox 1392 3055 1734 3118; x_wconf 87' lang='lat' dir='ltr'>constituit</span> <span class='ocrx_word' id='word_1_194' title='bbox 1767 3053 2239 3129; x_wconf 79' lang='lat' dir='ltr'>Quioheratius.</span> <span class='ocrx_word' id='word_1_195' title='bbox 2287 3013 2522 3135; x_wconf 62' lang='grc' dir='ltr'>91·ιωίἶὲ</span> <span class='ocrx_word' id='word_1_196' title='bbox 2563 3053 2742 3115; x_wconf 86' lang='lat' dir='ltr'>Harl.</span> 
     </span>
    </p>
   </div>
   <div class='ocr_carea' id='block_1_6' title="bbox 469 3177 2774 3670">
    <p class='ocr_par' dir='ltr' id='par_1_8' title="bbox 469 3177 2774 3670">
     <span class='ocr_line' id='line_1_25' title="bbox 666 3177 2774 3261; baseline -0.004 -16"><span class='ocrx_word' id='word_1_197' title='bbox 666 3184 743 3245; x_wconf 80' lang='lat'>14</span> <span class='ocrx_word' id='word_1_198' title='bbox 790 3187 860 3245; x_wconf 77' lang='lat' dir='ltr'>ut</span> <span class='ocrx_word' id='word_1_199' title='bbox 903 3199 1000 3242; x_wconf 75' lang='lat' dir='ltr'>res</span> <span class='ocrx_word' id='word_1_200' title='bbox 1045 3180 1149 3242; x_wconf 75' lang='lat' dir='ltr'>e‘st</span> <span class='ocrx_word' id='word_1_201' title='bbox 1186 3184 1359 3260; x_wconf 54' lang='lat' dir='ltr'>qesta.</span> <span class='ocrx_word' id='word_1_202' title='bbox 1403 3179 1505 3241; x_wconf 82' lang='lat' dir='ltr'>vol</span> <span class='ocrx_word' id='word_1_203' title='bbox 1553 3179 1772 3261; x_wconf 87' lang='lat' dir='ltr'>potius</span> <span class='ocrx_word' id='word_1_204' title='bbox 1818 3180 1913 3241; x_wconf 72' lang='lat' dir='ltr'>uti</span> <span class='ocrx_word' id='word_1_205' title='bbox 1955 3200 2054 3241; x_wconf 73' lang='lat' dir='ltr'>res</span> <span class='ocrx_word' id='word_1_206' title='bbox 2092 3181 2318 3260; x_wconf 70' lang='lat' dir='ltr'>ye&#39;stast</span> <span class='ocrx_word' id='word_1_207' title='bbox 2363 3177 2526 3261; x_wconf 85' lang='lat' dir='ltr'>(sive</span> <span class='ocrx_word' id='word_1_208' title='bbox 2571 3197 2668 3238; x_wconf 76' lang='lat' dir='ltr'>res</span> <span class='ocrx_word' id='word_1_209' title='bbox 2703 3180 2774 3237; x_wconf 75' lang='lat' dir='ltr'>ut</span> 
     </span>
     <span class='ocr_line' id='line_1_26' title="bbox 469 3284 1975 3373; baseline -0.005 -19"><span class='ocrx_word' id='word_1_210' title='bbox 469 3286 730 3373; x_wconf 57' lang='lat' dir='ltr'>(lostost)</span> <span class='ocrx_word' id='word_1_211' title='bbox 778 3287 1037 3371; x_wconf 81' lang='lat' dir='ltr'>flagitat</span> <span class='ocrx_word' id='word_1_212' title='bbox 1083 3286 1200 3350; x_wconf 78' lang='lat' dir='ltr'>Ed.</span> <span class='ocrx_word' id='word_1_213' title='bbox 1248 3285 1496 3348; x_wconf 88' lang='lat' dir='ltr'>Becker</span> <span class='ocrx_word' id='word_1_214' title='bbox 1541 3285 1704 3347; x_wconf 80' lang='lat' dir='ltr'>stud.</span> <span class='ocrx_word' id='word_1_215' title='bbox 1752 3284 1799 3346; x_wconf 83' lang='lat' dir='ltr'>I.</span> <span class='ocrx_word' id='word_1_216' title='bbox 1855 3285 1975 3347; x_wconf 73' lang='lat'>158</span> 
     </span>
     <span class='ocr_line' id='line_1_27' title="bbox 536 3391 1724 3458; baseline -0.004 0"><span class='ocrx_word' id='word_1_217' title='bbox 536 3403 549 3420; x_wconf 85' lang='lat'><strong><em>¹</em></strong></span> <span class='ocrx_word' id='word_1_218' title='bbox 659 3397 747 3458; x_wconf 88' lang='grc'>25</span> <span class='ocrx_word' id='word_1_219' title='bbox 791 3393 1115 3456; x_wconf 74' lang='lat' dir='ltr'>demetrius</span> <span class='ocrx_word' id='word_1_220' title='bbox 1159 3393 1264 3454; x_wconf 75' lang='lat' dir='ltr'>secl</span> <span class='ocrx_word' id='word_1_221' title='bbox 1304 3393 1435 3454; x_wconf 76' lang='lat' dir='ltr'>iam</span> <span class='ocrx_word' id='word_1_222' title='bbox 1482 3391 1625 3454; x_wconf 84' lang='lat' dir='ltr'>Par.</span> <span class='ocrx_word' id='word_1_223' title='bbox 1671 3391 1724 3453; x_wconf 91' lang='lat' dir='ltr'>P</span> 
     </span>
     <span class='ocr_line' id='line_1_28' title="bbox 661 3494 2770 3571; baseline -0.003 -8"><span class='ocrx_word' id='word_1_224' title='bbox 661 3503 745 3563; x_wconf 85' lang='grc'>26</span> <span class='ocrx_word' id='word_1_225' title='bbox 792 3521 878 3563; x_wconf 72' lang='grc' dir='ltr'>πα</span> <span class='ocrx_word' id='word_1_226' title='bbox 932 3519 1084 3562; x_wconf 77' lang='lat' dir='ltr'>nam</span> <span class='ocrx_word' id='word_1_227' title='bbox 1139 3498 1338 3561; x_wconf 88' lang='lat' dir='ltr'>etiam</span> <span class='ocrx_word' id='word_1_228' title='bbox 1394 3497 1575 3562; x_wconf 86' lang='lat' dir='ltr'>Harl.</span> <span class='ocrx_word' id='word_1_229' title='bbox 1621 3500 1788 3559; x_wconf 86' lang='lat' dir='ltr'>teste</span> <span class='ocrx_word' id='word_1_230' title='bbox 1846 3495 2280 3571; x_wconf 80' lang='lat' dir='ltr'>Quicheratio.</span> <span class='ocrx_word' id='word_1_231' title='bbox 2373 3494 2523 3558; x_wconf 92' lang='lat' dir='ltr'>Non</span> <span class='ocrx_word' id='word_1_232' title='bbox 2586 3494 2770 3557; x_wconf 85' lang='lat' dir='ltr'>dissi-</span> 
     </span>
     <span class='ocr_line' id='line_1_29' title="bbox 480 3599 2669 3670; baseline -0.003 0"><span class='ocrx_word' id='word_1_233' title='bbox 480 3608 659 3670; x_wconf 86' lang='lat' dir='ltr'>milis</span> <span class='ocrx_word' id='word_1_234' title='bbox 709 3607 774 3670; x_wconf 91' lang='lat' dir='ltr'>in</span> <span class='ocrx_word' id='word_1_235' title='bbox 825 3603 1050 3669; x_wconf 82' lang='lat' dir='ltr'>Sticho</span> <span class='ocrx_word' id='word_1_236' title='bbox 1100 3603 1230 3666; x_wconf 80' lang='lat'>345</span> <span class='ocrx_word' id='word_1_237' title='bbox 1279 3604 1449 3667; x_wconf 88' lang='lat' dir='ltr'>inter</span> <span class='ocrx_word' id='word_1_238' title='bbox 1498 3604 1898 3667; x_wconf 79' lang='lat' dir='ltr'>Gelasimum</span> <span class='ocrx_word' id='word_1_239' title='bbox 1947 3606 2011 3664; x_wconf 88' lang='lat' dir='ltr'>et</span> <span class='ocrx_word' id='word_1_240' title='bbox 2047 3599 2382 3664; x_wconf 85' lang='lat' dir='ltr'>Pinacium</span> <span class='ocrx_word' id='word_1_241' title='bbox 2431 3622 2669 3664; x_wconf 88' lang='lat' dir='ltr'>sermo:</span> 
     </span>
    </p>
   </div>
   <div class='ocr_carea' id='block_1_7' title="bbox 618 3723 2667 3920">
    <p class='ocr_par' dir='ltr' id='par_1_9' title="bbox 618 3723 2667 3920">
     <span class='ocr_line' id='line_1_30' title="bbox 618 3723 2667 3813; baseline -0.004 -19"><span class='ocrx_word' id='word_1_242' title='bbox 618 3729 971 3794; x_wconf 67' lang='lat' dir='ltr'>iaindudum</span> <span class='ocrx_word' id='word_1_243' title='bbox 1020 3749 1140 3813; x_wconf 89' lang='lat' dir='ltr'>ego</span> <span class='ocrx_word' id='word_1_244' title='bbox 1188 3728 1401 3792; x_wconf 87' lang='lat' dir='ltr'>istunc</span> <span class='ocrx_word' id='word_1_245' title='bbox 1448 3730 1637 3811; x_wconf 71' lang='lat' dir='ltr'>aegre</span> <span class='ocrx_word' id='word_1_246' title='bbox 1684 3728 1903 3810; x_wconf 89' lang='lat' dir='ltr'>patior</span> <span class='ocrx_word' id='word_1_247' title='bbox 1949 3723 2157 3788; x_wconf 77' lang='lat' dir='ltr'>dicere</span> <span class='ocrx_word' id='word_1_248' title='bbox 2205 3723 2443 3787; x_wconf 73' lang='lat' dir='ltr'>iniuste</span> <span class='ocrx_word' id='word_1_249' title='bbox 2487 3723 2667 3811; x_wconf 76' lang='lat' dir='ltr'>mihi.</span> 
     </span>
     <span class='ocr_line' id='line_1_31' title="bbox 620 3830 2580 3920; baseline -0.003 -21"><span class='ocrx_word' id='word_1_250' title='bbox 620 3836 877 3920; x_wconf 66' lang='lat' dir='ltr'>praeter</span> <span class='ocrx_word' id='word_1_251' title='bbox 923 3836 1045 3901; x_wconf 86' lang='lat' dir='ltr'>hac</span> <span class='ocrx_word' id='word_1_252' title='bbox 1095 3836 1149 3898; x_wconf 91' lang='lat' dir='ltr'>si</span> <span class='ocrx_word' id='word_1_253' title='bbox 1195 3857 1300 3898; x_wconf 90' lang='lat' dir='ltr'>me</span> <span class='ocrx_word' id='word_1_254' title='bbox 1344 3833 1669 3898; x_wconf 71' lang='lat' dir='ltr'>inritassis</span> <span class='ocrx_word' id='word_1_255' title='bbox 1720 3835 1752 3908; x_wconf 73' lang='lat' dir='ltr'>ss·</span> <span class='ocrx_word' id='word_1_256' title='bbox 1797 3833 2024 3916; x_wconf 77' lang='lat' dir='ltr'>edepol</span> <span class='ocrx_word' id='word_1_257' title='bbox 2073 3831 2344 3895; x_wconf 72' lang='lat' dir='ltr'>essuries</span> <span class='ocrx_word' id='word_1_258' title='bbox 2392 3830 2580 3894; x_wconf 85' lang='lat' dir='ltr'>male.</span> 
     </span>
    </p>
   </div>
   <div class='ocr_carea' id='block_1_8' title="bbox 484 3955 2773 4364">
    <p class='ocr_par' dir='ltr' id='par_1_10' title="bbox 484 3955 2538 4042">
     <span class='ocr_line' id='line_1_32' title="bbox 484 3955 2538 4042; baseline -0.003 -17"><span class='ocrx_word' id='word_1_259' title='bbox 484 3960 792 4025; x_wconf 68' lang='lat' dir='ltr'>Pel-deret</span> <span class='ocrx_word' id='word_1_260' title='bbox 834 3960 1044 4024; x_wconf 89' lang='lat' dir='ltr'>nostri</span> <span class='ocrx_word' id='word_1_261' title='bbox 1091 3960 1389 4042; x_wconf 84' lang='lat' dir='ltr'>responsi</span> <span class='ocrx_word' id='word_1_262' title='bbox 1437 3958 1605 4021; x_wconf 89' lang='lat' dir='ltr'>sales</span> <span class='ocrx_word' id='word_1_263' title='bbox 1653 3956 1763 4040; x_wconf 91' lang='lat' dir='ltr'>qui</span> <span class='ocrx_word' id='word_1_264' title='bbox 1810 3956 2034 4021; x_wconf 78' lang='lat' dir='ltr'>dolebis</span> <span class='ocrx_word' id='word_1_265' title='bbox 2081 3956 2278 4019; x_wconf 85' lang='lat' dir='ltr'>scribi</span> <span class='ocrx_word' id='word_1_266' title='bbox 2327 3955 2538 4018; x_wconf 87' lang='lat' dir='ltr'>vellet.</span> 
     </span>
    </p>

    <p class='ocr_par' dir='ltr' id='par_1_11' title="bbox 666 4059 2597 4148">
     <span class='ocr_line' id='line_1_33' title="bbox 666 4059 2597 4148; baseline -0.004 -19"><span class='ocrx_word' id='word_1_267' title='bbox 666 4066 748 4129; x_wconf 86' lang='lat'>31</span> <span class='ocrx_word' id='word_1_268' title='bbox 797 4067 1075 4148; x_wconf 73' lang='lat' dir='ltr'>cliyitulis</span> <span class='ocrx_word' id='word_1_269' title='bbox 1118 4067 1250 4129; x_wconf 88' lang='lat' dir='ltr'>iam</span> <span class='ocrx_word' id='word_1_270' title='bbox 1298 4064 1718 4129; x_wconf 82' lang='lat' dir='ltr'>Passeratius,</span> <span class='ocrx_word' id='word_1_271' title='bbox 1785 4060 1881 4126; x_wconf 84' lang='lat' dir='ltr'>Of.</span> <span class='ocrx_word' id='word_1_272' title='bbox 1919 4061 2138 4125; x_wconf 86' lang='lat' dir='ltr'>Plauti</span> <span class='ocrx_word' id='word_1_273' title='bbox 2175 4061 2410 4124; x_wconf 85' lang='lat' dir='ltr'>Bacch.</span> <span class='ocrx_word' id='word_1_274' title='bbox 2451 4059 2597 4122; x_wconf 82' lang='grc'>675.</span> 
     </span>
    </p>

    <p class='ocr_par' dir='ltr' id='par_1_12' title="bbox 488 4161 2773 4364">
     <span class='ocr_line' id='line_1_34' title="bbox 669 4161 2773 4253; baseline -0.006 -16"><span class='ocrx_word' id='word_1_275' title='bbox 669 4174 753 4237; x_wconf 83' lang='grc'>32</span> <span class='ocrx_word' id='word_1_276' title='bbox 799 4192 959 4237; x_wconf 84' lang='lat' dir='ltr'>meos</span> <span class='ocrx_word' id='word_1_277' title='bbox 1005 4169 1185 4235; x_wconf 87' lang='lat' dir='ltr'>Colb.</span> <span class='ocrx_word' id='word_1_278' title='bbox 1216 4195 1276 4253; x_wconf 86' lang='lat' dir='ltr'>p.</span> <span class='ocrx_word' id='word_1_279' title='bbox 1304 4172 1434 4235; x_wconf 89' lang='grc'>466</span> <span class='ocrx_word' id='word_1_280' title='bbox 1512 4174 1804 4253; x_wconf 72' lang='lat' dir='ltr'>parentes</span> <span class='ocrx_word' id='word_1_281' title='bbox 1840 4169 2020 4232; x_wconf 88' lang='lat' dir='ltr'>Harl.</span> <span class='ocrx_word' id='word_1_282' title='bbox 2053 4165 2234 4230; x_wconf 85' lang='lat' dir='ltr'>Colb.</span> <span class='ocrx_word' id='word_1_283' title='bbox 2261 4169 2520 4248; x_wconf 73' lang='lat' dir='ltr'>parente</span> <span class='ocrx_word' id='word_1_284' title='bbox 2547 4165 2691 4226; x_wconf 90' lang='lat' dir='ltr'>Par.</span> <span class='ocrx_word' id='word_1_285' title='bbox 2720 4161 2773 4224; x_wconf 93' lang='lat' dir='ltr'>P</span> 
     </span>
     <span class='ocr_line' id='line_1_35' title="bbox 488 4279 863 4364; baseline -0.011 -20"><span class='ocrx_word' id='word_1_286' title='bbox 488 4305 550 4364; x_wconf 89' lang='lat' dir='ltr'>p.</span> <span class='ocrx_word' id='word_1_287' title='bbox 605 4279 733 4343; x_wconf 84' lang='grc'>466</span> <span class='ocrx_word' id='word_1_288' title='bbox 860 4295 863 4300; x_wconf 73' lang='grc'><strong><em>’</em></strong></span> 
     </span>
    </p>
   </div>
   <div class='ocr_carea' id='block_1_9' title="bbox 597 4391 2354 4441">
    <p class='ocr_par' dir='ltr' id='par_1_13' title="bbox 597 4391 2354 4441">
     <span class='ocr_line' id='line_1_36' title="bbox 597 4391 2354 4441; baseline 0 -2"><span class='ocrx_word' id='word_1_289' title='bbox 597 4401 712 4441; x_wconf 70' lang='lat' dir='ltr'>Con.</span> <span class='ocrx_word' id='word_1_290' title='bbox 742 4400 857 4440; x_wconf 56' lang='lat' dir='ltr'>Lux</span> <span class='ocrx_word' id='word_1_291' title='bbox 888 4399 1003 4439; x_wconf 62' lang='lat' dir='ltr'>Ru..</span> <span class='ocrx_word' id='word_1_292' title='bbox 2325 4391 2354 4428; x_wconf 82' lang='lat'><em>0</em></span> 
     </span>
    </p>
   </div>
  </div>
 </body>
</html>
