3400 5075
709 347 835 415 292
1487 351 1811 405 nEcmvs
1854 354 2216 406 LAssEmvs

801 592 812 598 ‚
1608 510 2108 576 SALINATOR

762 628 848 690 80
893 625 1045 689 Nou
1093 649 1479 711 mammosa,
1524 630 1656 690 nou
1707 650 1979 712 annosa,
2025 629 2156 690 non
2205 627 2458 711 bibosa,
2505 628 2637 691 :1611
2687 649 2923 711 procax

884 815 890 828 ¹
1577 741 2144 807 SATVRNALIA

657 895 668 901 -
767 854 876 920 80¹
899 857 1175 920 botulus,
1267 858 1461 921 homo
1508 857 1801 920 leuenna.

1696 971 2039 1037 SCYLAX

1223 1139 1234 1150 .
1326 1085 1738 1151 lubidinitate
1786 1083 2026 1163 labitur

1309 1200 1316 1204 ’
1416 1188 1431 1204 ’
1630 1201 2093 1266 SEDIGITVS

894 1317 1357 1382 Grundientem
1404 1318 1621 1402 aspexi
1669 1317 1947 1380 scrofam
2040 1367 2697 1382 .......

1669 1430 2057 1497 SORORES

1603 1521 1608 1526 ⁴
1779 1538 1809 1602 I
1860 1537 1961 1624 (2)

892 1645 1035 1710 Hoc
1081 1645 1291 1709 uoluit
1337 1646 1611 1728 elipeum
1660 1647 1889 1708 contra
1933 1645 2186 1729 peluem
2232 1646 2453 1729 proici.

1762 1759 1827 1822 II
1877 1758 1978 1846 (3)

607 1921 610 1924 ι
715 1878 863 1960 84ῐὸ
1319 1875 1488 1939 Laus
1535 1875 1797 1938 nomine
1845 1875 2053 1959 gloria
2098 1874 2336 1938 alescit.

852 2071 1170 2121 Sarma-on
1241 2068 1450 2118 Gellius
1489 2068 1572 2118 111
1612 2069 1699 2130 12,
1734 2072 1766 2119 4
1805 2067 2137 2119 ‘bibonum
2184 2068 2388 2118 dictum
2430 2069 2666 2119 nondum
2716 2069 2879 2118 etiam
2917 2085 3005 2120 us·

714 2154 875 2203 quam
913 2139 1151 2203 repperi,
1199 2138 1304 2186 nisi
1352 2136 1496 2200 apud
1537 2136 1861 2198 Laberium3
1907 2152 2087 2201 neque
2133 2137 2284 2187 aliud
2326 2143 2411 2187 est
2457 2138 2596 2201 quod
2641 2137 2807 2188 simili
2852 2137 3006 2187 incli-

714 2212 847 2256 natu
883 2206 1116 2255 dicatur.
1188 2205 1308 2254 Non
1356 2205 1498 2254 euim
1547 2203 1727 2252 simile
1775 2211 1858 2254 est
1904 2210 1965 2253 ut
2010 2205 2235 2254 uinosus
2273 2210 2370 2253 aut
2414 2206 2654 2254 uitiosus
2692 2212 3005 2269 ceteraque,

713 2290 853 2338 quae
891 2274 994 2324 hoc
1040 2273 1198 2322 modo
1245 2273 1524 2321 dicuntur:
1573 2272 1829 2337 quoniam
1867 2288 1901 2321 a
1936 2271 2253 2334 uocabulis,
2305 2288 2413 2321 non
2451 2288 2485 2323 a
2533 2272 2701 2322 uerbo
2739 2271 3007 2322 inclinata

712 2346 854 2391 sunt.
924 2340 1198 2390 Laberius
1245 2341 1302 2389 in
1348 2340 1540 2402 mium,
1589 2340 1681 2403 qui
1730 2339 2012 2389 Salinator
2057 2340 2360 2404 inscriptus
2406 2345 2515 2401 eet,
2565 2341 2735 2390 uerbo
2781 2340 2886 2390 hoc
2922 2342 3005 2390 ita

716 2409 920 2458 utitur:
957 2413 1088 2457 non’
1129 2423 1174 2458 e.
1214 2423 1264 2471 q.
1303 2423 1345 2456 s.

847 2476 1200 2526 SA‘rvmumA
1271 2473 1485 2525 Gellius
1522 2472 1666 2535 XVI,
1707 2477 1754 2539 7,
1796 2477 1852 2523 11
1885 2469 2182 2524 ‘Laberius
2211 2510 2223 2522 .
2254 2512 2268 2525 .
2300 2513 2311 2524 .
2351 2479 2518 2540 atque
2556 2474 2689 2524 item
2727 2475 2783 2523 in
2820 2475 3003 2537 mimo,

715 2545 808 2609 qni
848 2544 1170 2593 Saturnalia
1206 2543 1502 2607 inscriptus
1543 2549 1657 2605 est,
1694 2543 2004 2593 botulum
2045 2559 2142 2608 pro
2180 2543 2470 2593 sarcimine
2505 2544 2765 2608 appellat,
2803 2548 2859 2593 et
2892 2543 3005 2593 hc-

619 2624 630 2631 *
712 2612 941 2660 minem
978 2609 1336 2661 leuennam
1382 2625 1479 2674 pro
1528 2609 1684 2659 leui.'
1757 2609 2115 2675 (bortulum
2153 2610 2328 2664 Paris.
2468 2611 2820 2662 leuennem
2856 2625 3001 2677 susp.

721 2679 1080 2794 Bonggaemx.
1153 2744 1400 2794 Eundem
1450 2744 1666 2793 mimum
1714 2760 1836 2795 esse
1884 2760 2045 2810 quem
2093 2743 2443 2795 Catularium
2495 2747 2695 2794 statuit
2739 2745 3002 2811 Scaliger,

710 2828 808 2862 nec
855 2813 1183 2862 aduersatur
1218 2811 1550 2862 Ritscheliue
1603 2813 1827 2877 Parerg.
1867 2814 1891 2862 1
1930 2815 2042 2863 158.
2114 2811 2199 2862 cf.
2239 2813 2533 2863 Petronius
2571 2829 2620 2864 c.
2657 2815 2722 2862 64
2791 2814 3004 2863 Nonius

707 2883 823 2941 491,
852 2883 885 2930 4
921 2879 1368 2929 ‘lubidinitas
1404 2895 1501 2944 pro
1538 2879 1805 2932 lubidine.
1875 2880 2149 2930 Laberius
2184 2880 2241 2929 in
2269 2880 2529 2944 Scylace:
2567 2880 2603 2934 l.
2628 2880 2690 2929 l.’
2729 2878 3002 2945 (Colace

711 2949 851 2999 coni.
888 2948 1104 3008 Iunius)

845 3015 1144 3065 Sunion-vs
1215 3014 1423 3064 Nonius
1463 3017 1577 3078 114,
1616 3016 1682 3065 29
1729 3016 2080 3079 ‘grunnire
2118 3014 2373 3064 dicuntur
2408 3015 2587 3079 porci,
2634 3016 2777 3078 quod
2817 3031 3000 3066 eorum

710 3085 984 3149 proprium
1033 3082 1190 3131 uocis
1236 3088 1330 3131 est‘
1357 3118 1369 3131 .
1402 3119 1414 3132 .
1443 3117 1455 3130 .
1493 3083 1760 3133 Laberius
1807 3083 1862 3132 in
1910 3082 2244 3132 Sedicito:
2290 3098 2342 3199 ξ.
2384 3098 2433 3131 a.
2474 3087 2538 3132 ε)
2621 3083 2772 3133 Idem
2808 3085 2934 3145 465,
2974 3086 2999 3132 1

711 3152 1055 3215 ‘grundire
1090 3165 1211 3198 cum
1248 3150 1321 3198 sit
1358 3151 1573 3214 proprie
1601 3164 1780 3213 suum,
1819 3155 1878 3199 ut
1902 3149 2170 3200 Laberius
2195 3151 2250 3198 in
2338 3149 2576 3200 edicit:
2617 3150 3000 3215 grundientem

715 3234 767 3271 a.
809 3223 874 3268 s.'
937 3218 1278 3282 (Sedigito
1317 3215 1397 3270 ed.
1439 3217 1591 3279 1526)

842 3280 1094 3335 Sononss
1164 3284 1191 3333 1
1228 3285 1438 3335 Nonius
1479 3286 1591 3343 196,
1629 3287 1696 3334 24
1742 3285 2032 3350 ‘clipeus
2078 3285 2298 3350 generis
2341 3283 2667 3338 masculini.
2704 3323 2717 3336 .
2758 3324 2768 3335 .
2808 3290 3000 3335 neutro

706 3353 1002 3417 Virgilius:
1048 3358 1102 3401 et
1147 3352 1383 3417 clipeum
1432 3366 1598 3416 super
1641 3353 1861 3402 intonat
1911 3353 2126 3416 ingens.
2207 3353 2458 3402 Licinius
2513 3353 2568 3400 in
2615 3354 2822 3402 Marte:
2871 3368 3000 3418 pars

707 3436 909 3485 magna
948 3419 1124 3469 leuius
1164 3420 1349 3484 clipea
1387 3426 1625 3484 portant.
1699 3420 2034 3470 Lauerius
2072 3419 2388 3470 Sororibus:
2429 3420 2551 3469 lnoc'
2593 3435 2639 3469 e.
2677 3436 2727 3484 q.
2766 3436 2807 3472 e.
2944 3421 2999 3470 11

705 3488 915 3538 Nonius
949 3490 1070 3550 248,
1105 3490 1138 3537 4
1175 3486 1625 3549 ‘adolescere,
1664 3502 1942 3543 crescere.
1980 3487 2124 3536 unde
2149 3486 2555 3538 adulescentem
2593 3487 2862 3537 dicimus)
2900 3489 3001 3550 (sic

977 3601 1133 3609 --—.—-

706 3665 912 3721 uideam
960 3681 1082 3720 esse
1127 3663 1334 3721 Petau.
1384 3666 1523 3738 Rey.
1576 3665 1765 3720 Germ.
1814 3664 1990 3737 Mayl.
2037 3665 2214 3737 Luyd.
2268 3665 2491 3721 Thuan.
2540 3666 2718 3721 Bern.
2840 3682 2997 3739 quam

704 3749 882 3822 [τερα.
934 3750 1154 3805 Thuan.
1205 3749 1385 3805 Bern.
1558 3748 1641 3805 80
1684 3743 1915 3824 annosa]
1966 3749 2055 3820 Cf.
2102 3750 2182 3805 M.
2225 3749 2504 3805 Herezius
2546 3752 2753 3820 exped.
2797 3752 2997 3821 philol.

704 3837 836 3890 elin.
874 3834 950 3890 13
1123 3833 1201 3890 81
1250 3831 1569 3888 libidinilate
1601 3833 1804 3887 Bamb.
1852 3829 2046 3906 (etiam
2079 3837 2137 3888 in
2179 3833 2461 3903 lemmate)
2635 3833 2713 3890 82
2759 3833 2998 3890 scrofum

707 3918 910 3974 Bamb.
952 3935 1011 3989 p.
1044 3917 1168 3975 465
1344 3916 1422 3973 83
1468 3916 1716 3989 clypeum
1750 3917 1872 3972 edd.
1907 3916 2112 3990 clipeus
2150 3919 2287 3973 libri
2456 3917 2535 3974 84
2564 3921 2995 3988 paroemiacum

704 4006 937 4077 aynow‘t
981 4002 1391 4058 Lachmannus
1428 4002 1601 4056 Lucr.
1647 4007 1716 4072 p.'
1750 3999 1869 4057 140
2038 4004 2254 4075 nomine
2298 4003 2435 4058 libri
2467 4005 2737 4075 plerique
2782 4004 2997 4058 nomine

702 4087 895 4160 agendi
943 4088 1157 4142 nominc
1190 4087 1403 4142 Genea.
1438 4101 1632 4140 nomen
1667 4085 2103 4151 Lac-lemannus,
2151 4101 2314 4158 quem
2345 4096 2580 4142 secutus
2624 4088 2752 4142 alim
2783 4089 2999 4143 iambos
3024 4134 3039 4149 .

703 4172 817 4226 laus
849 4187 1044 4226 nomen
1076 4169 1246 4244 gloria
1280 4169 1550 4225 Adolescit
1579 4171 1872 4226 metiebar.
1935 4171 2168 4225 momine
2203 4170 2493 4243 Berylcius
2524 4173 2744 4226 annale.
2775 4172 2994 4242 philoll.

707 4256 871 4313 1870
907 4273 966 4327 p.
1017 4254 1168 4311 845:
1216 4273 1292 4311 an
1340 4254 1599 4309 nomini'?
1783 4253 1968 4309 alescit
2013 4254 2456 4325 Lachmannu8‚
2515 4256 2669 4327 quod
2709 4255 2999 4312 Leidensis

703 4359 773 4396 m.
826 4341 855 4395 1
907 4341 1248 4410 confirmari
1290 4346 1536 4395 testatur
1581 4338 1643 4393 L.
1688 4338 1944 4394 Mueller
1985 4354 2127 4394 mus,
2177 4340 2362 4399 Rhea.
2408 4337 2665 4395 XXVII
2701 4338 2821 4396 287
2870 4340 2997 4399 ado·
