3400 5075
616 226 952 285 LXXXVIII
1500 217 2029 275 COR-OLLARWM

612 394 683 456 in
731 390 944 455 medio
973 410 1162 452 versu
1210 383 1491 468 reliquit,
1536 382 1641 447 his
1687 381 1849 446 fere:
1895 383 1965 445 in
2011 382 2205 464 curia,
2252 381 2499 465 expleri
2540 408 2735 470 posse
2783 390 2910 451 sta-

615 498 761 582 tuit,
806 495 934 561 nisi
979 495 1150 559 forte
1196 492 1390 577 plane
1436 493 1613 555 retro
1658 488 1936 574 legenda
1984 492 2200 553 essent
2244 490 2514 558 tradita:
2558 494 2915 560 sente'ntiast

605 603 831 688 pedari
873 604 1006 668 sine
1054 598 1272 683 linqua
1316 602 1517 680 caput.
1605 599 1907 661 neutrum
1957 596 2165 663 cred0.

798 728 922 792 126
968 726 1135 791 Item
1183 727 1258 788 ut
1304 723 1475 807 apud
1510 720 2066 787 Pseudosenecam
2113 723 2191 788 de
2238 724 2527 790 moribus
2574 725 2643 790 in
2691 727 2909 791 codice

621 834 880 901 Cusano
927 856 989 917 p.
1040 831 1165 896 113
1212 830 1471 916 legitur.

801 957 924 1022 139
991 954 1157 1020 Cum
1232 954 1611 1037 contemptu
1673 954 2076 1036 sufflolitoras
2149 955 2579 1039 appellantur.
2670 957 2915 1041 politor

619 1064 792 1129 enim
839 1085 984 1128 cum
1032 1062 1412 1127 conduxerit
1459 1082 1689 1145 agrum
1738 1058 1828 1124 ‘in
1875 1082 2215 1126 commune
2261 1063 2644 1146 quaerendis
2690 1064 2912 1128 fructi-

620 1169 771 1236 bus'
819 1166 1004 1255 (Dig.
1048 1168 1243 1234 XVH
1289 1170 1357 1252 2,
1405 1168 1489 1232 52
1547 1169 1587 1248 ξ
1635 1169 1693 1231 2.
1751 1167 1830 1231 cf.
1878 1164 2043 1232 Cato
2091 1168 2168 1231 de
2225 1191 2294 1232 re
2342 1191 2388 1233 r.
2440 1168 2622 1255 136),
2677 1193 2912 1253 suppo-

617 1279 774 1344 litor
801 1277 1050 1341 fructus
1083 1272 1165 1341 ab
1200 1275 1328 1341 hoc
1366 1274 1714 1358 capiendos
1744 1274 2125 1339 conduxisse
2153 1276 2478 1357 putandus
2519 1276 2621 1360 sit,
2660 1276 2912 1341 moechi

621 1388 687 1448 et
733 1382 1010 1449 adulteri
1056 1382 1164 1447 hic
1209 1381 1489 1447 fortasse
1534 1380 1955 1465 intellegendi
2004 1384 2168 1445 sunt.

796 1506 1071 1589 Versu8‚
1127 1506 1239 1591 qui
1286 1505 1354 1570 in
1410 1505 1629 1570 codice
1674 1504 2004 1569 Martialis
2050 1505 2357 1570 Modiano
2415 1508 2495 1570 ad
2541 1506 2635 1570 VI
2683 1506 2768 1569 55
2822 1507 2910 1569 le-

619 1615 878 1697 guntur,
925 1613 1300 1697 suppositos
1347 1633 1487 1675 esse
1535 1610 1814 1678 Laberio
1863 1612 2024 1676 satis
2072 1611 2513 1677 demonstravi
2560 1614 2628 1678 in
2674 1613 2910 1699 prioris

623 1718 926 1785 editionis
973 1718 1175 1804 praef.
1221 1742 1282 1803 p.
1326 1717 1486 1784 XIV
1534 1740 1627 1802 sq.

798 2054 1242 2122 VALERIVS
1297 2055 1699 2120 Phormio-nis
1754 2061 1950 2140 poeta
2005 2055 2263 2121 facilius
2319 2057 2464 2141 quis
2513 2081 2644 2123 non
2700 2059 2915 2141 fuerit,

622 2187 817 2248 quam
866 2162 1013 2247 quis
1068 2162 1269 2226 fuerit
1313 2162 1440 2226 dici
1498 2165 1734 2245 potest.
1822 2163 2092 2226 Putavit
2148 2163 2464 2228 Valerium
2520 2164 2917 2229 Valentinum

623 2270 822 2334 fuisse
887 2269 1221 2334 Falsterus
1289 2291 1478 2333 mem.
1540 2270 1713 2334 obsc.
1775 2291 1835 2351 p.
1886 2269 2038 2351 117,
2099 2269 2305 2334 iocosi
2364 2271 2551 2334 illum
2612 2272 2916 2335 carminis

626 2381 977 2458 auctorem,
1005 2397 1132 2459 quo
1180 2376 1332 2439 ficto
1380 2374 1640 2439 nomine
1669 2374 1966 2457 Tappula
2009 2373 2113 2437 lex
2144 2375 2499 2442 convivalis
2548 2378 2919 2461 conscripta

624 2482 780 2567 fuit,
825 2482 1008 2548 cuius
1054 2480 1345 2546 Lucilius
1394 2481 1694 2546 meminit
1737 2479 1863 2546 hoc
1910 2481 2127 2546 modo:

611 2675 619 2684 ,
1056 2605 1391 2687 Ταράῑῑωη
1435 2607 1639 2671 rident
1683 2606 1871 2688 le'qem
1913 2627 2236 2689 oonyerrae
2280 2606 2496 2689 optimi

626 2728 887 2816 (Festus
934 2753 994 2813 p.
1042 2730 1171 2794 363
1202 2727 1333 2816 M..)
1427 2731 1739 2813 eiusdem,
1788 2730 1897 2814 qui
1946 2728 2014 2794 G.
2062 2728 2453 2796 Cosconium
2500 2714 2731 2818 (praet.
2761 2735 2919 2821 664)

629 2835 907 2901 Servilia
961 2835 1038 2900 de
1095 2838 1466 2921 repetundis
1520 2838 1665 2922 lege
1729 2840 2173 2919 accusaverat,
2233 2837 2301 2901 in
2360 2838 2599 2905 iudicio
2662 2864 2921 2906 carmen

628 2942 974 3007 recitatum
1041 2948 1168 3027 est,
1233 2943 1333 3007 ‘in
1389 2966 1516 3027 quo
1581 2966 1853 3028 puerum
1908 2947 2388 3026 praetextatum
2449 2948 2515 3008 et
2572 2946 2920 3031 ingenuam

630 3048 950 3134 virginem
997 3072 1036 3113 a
1083 3072 1151 3113 se
1200 3053 1572 3133 corruptam
1618 3050 1877 3133 poetico
1924 3050 2069 3114 ioco
2114 3050 2628 3134 significaverat’
2675 3050 2920 3139 (Valer.

628 3156 799 3220 Max.
826 3155 989 3220 VIII
1023 3157 1078 3238 1,
1108 3153 1201 3241 8);
1232 3156 1560 3240 viderique
1589 3160 1809 3239 potest
1834 3155 2088 3221 laudari
2117 3156 2288 3220 idem
2317 3156 2701 3223 Valentinus
2750 3160 2921 3243 apud

632 3284 1030 3346 anonymum
1077 3263 1354 3347 Hauptii
1402 3263 1478 3326 de
1525 3283 1666 3346 gen.
1713 3285 1886 3327 nom.
1932 3284 1993 3346 p.
2027 3263 2128 3345 76,
2168 3263 2225 3326 8.
2290 3263 2367 3326 de
2413 3263 2656 3328 fabulis
2702 3269 2922 3331 tamen

631 3369 946 3434 scaenicis
992 3368 1190 3433 faceti
1235 3373 1468 3454 poetae
1515 3369 1681 3433 nihil
1731 3372 2134 3453 compertum
2184 3373 2298 3433 est.
2392 3368 2737 3435 Scaenicus
2785 3371 2920 3456 qui-

631 3477 805 3561 dem,
860 3476 971 3540 sed
1029 3475 1265 3540 artifex
1317 3475 1520 3540 fuisse
1576 3476 1900 3560 putandus
1946 3473 2250 3539 Valerius
2295 3475 2404 3560 qui
2455 3475 2722 3542 ‘cotidie
2778 3501 2922 3542 can-

628 3580 869 3668 tabat’‚
915 3585 990 3647 ut
1033 3587 1260 3648 narrat
1308 3580 1536 3648 Cicero
1585 3584 1662 3647 de
1709 3604 1799 3648 or.
1825 3580 1927 3646 III
1974 3582 2079 3664 23,
2126 3582 2230 3665 86,
2278 3586 2569 3647 mortuus
2615 3584 2726 3648 ille
2774 3590 2922 3650 ante

633 3711 874 3754 annum
922 3689 1080 3774 699,
1136 3712 1262 3774 quo
1311 3690 1388 3754 de
1436 3694 1692 3755 oratore
1745 3687 1902 3752 libri
1949 3687 2178 3772 scripti
2225 3692 2391 3753 sunt.
2481 3711 2600 3754 nec
2650 3695 2764 3755 aut
2811 3691 2923 3757 So-

630 3818 790 3861 rano
846 3800 961 3860 aut
1005 3796 1285 3861 Aedituo
1333 3795 1601 3861 Valerio
1658 3793 1991 3879 probabili
2048 3815 2242 3858 causa
2294 3794 2665 3860 fabularum
2720 3819 2924 3882 genus

631 3901 959 3985 tribuitur,
1005 3907 1079 3967 ut
1122 3907 1366 3968 restare
1405 3902 1580 3967 solus
1619 3922 1823 3984 paene
1860 3899 2156 3964 videatur
2185 3898 2515 3965 Ciceronis
2560 3902 2928 3990 familiariS,

634 4031 825 4094 quem
854 4012 927 4072 ut
955 4010 1345 4074 mediocrem
1372 4008 1603 4091 Ictum,
1631 4007 1729 4071 ita
1766 4005 1847 4070 ad
1892 4004 2071 4071 iocos
2098 4009 2327 4070 natum
2355 4005 2685 4072 hominem
2722 4008 2924 4073 fuisse

636 4119 884 4180 certum
928 4136 1048 4179 nec
1095 4115 1306 4200 magis
1344 4113 1581 4178 mirum
1611 4112 1692 4177 ad
1728 4111 1965 4177 mimos
2014 4112 2421 4178 descendisse
2450 4136 2645 4198 quam
2693 4136 2922 4198 aequa-

634 4222 763 4286 lem
809 4219 1177 4286 Laberium.
