3400 5075
1558 296 1825 350 Novivs
2708 297 2835 361 269
2870 281 2879 289 ’

1326 451 2060 518 VINDEMIATORES

1594 567 1625 631 1
1675 565 1775 653 (2)

718 685 884 762 Quid
932 648 1112 748 siais?
1159 705 1278 768 age
1321 705 1507 748 moue
1552 685 1648 747 te!
1695 682 1978 748 manen?
2026 684 2107 756 lsi
2153 685 2424 769 primus:
2472 688 2834 771 praegredii

1574 799 1641 863 II
1689 798 1790 885 (1)

826 966 840 979 .
932 915 1146 998 coepit
1189 919 1392 978 linum
1438 937 1753 999 quemque
1799 916 2246 999 praelumbare
2292 917 2592 983 fustibus,

1271 1063 1542 1130 VIRGO
1587 1065 2122 1158 PRAEGNANS

1594 1181 1625 1244 1
1673 1179 1774 1268 (1)

1823 1300 2066 1382 quanto
2114 1321 2234 1385 ego

583 1413 671 1477 95
716 1413 871 1478 Plus
918 1412 1155 1497 sapiui‚
1202 1410 1362 1496 quin
1407 1413 1724 1477 fullonem
1770 1415 2120 1498 c61npressi
2166 1416 2700 1499 quinquatrubus„

1577 1537 1643 1601 Π
1690 1534 1791 1622 (2)

1910 1655 2173 1738 sequere
2221 1655 2348 1717 me!

672 1848 1140 1898 annnm‘ronns
1237 1851 1258 1899 1
1299 1850 1504 1898 Nonius
1551 1850 1675 1909 473,
1723 1851 1789 1900 25
1835 1847 2184 1914 ‘progredi.
2263 1849 2469 1901 Nouius
2518 1851 2827 1902 Vindemia-

539 1916 772 1995 toribus:
813 1917 966 1995 quid'
1005 1933 1052 1966 e.
1093 1933 1143 1982 q.
1179 1933 1223 1967 s·
1432 1918 1488 1967 11
1524 1917 1737 1966 Nonius
1776 1919 1899 1979 156,
1942 1921 1999 1967 11
2049 1918 2569 1983 ‘praelumbare‚
2619 1920 2831 1970 lumbos

543 1983 1220 2102 perfvpngggebRAmNANs
1324 2052 1348 2099 1
1387 2052 1596 2101 Nonius
1641 2055 1766 2111 508,
1814 2055 1881 2102 20
1906 2031 2171 2117 '‘sapiui
2220 2068 2314 2116 pro
2363 2056 2540 2117 sapui.
2623 2042 2831 2104 Nouius

539 2119 764 2183 Virgine
803 2125 1176 2185 praegnante:
1216 2119 1458 2185 quando’
1497 2136 1542 2169 e.
1572 2136 1622 2184 q.
1653 2135 1695 2168 s.
1768 2120 2089 2169 Priscianus
2126 2121 2169 2168 X
2211 2122 2242 2169 2
2281 2137 2330 2185 p.
2371 2124 2472 2171 879
2508 2123 2569 2172 Ρ.
2602 2113 2830 2172 ‘Nonius

538 2192 724 2236 tamen
750 2186 1046 2237 Marcellus
1073 2188 1141 2236 de
1168 2188 1396 2237 mutatis
1423 2188 1914 2251 coniugationibus
1939 2190 2019 2237 sic
2045 2189 2227 2252 ponit:
2265 2190 2492 2254 sapini
2528 2205 2626 2254 pro
2650 2192 2830 2255 sapui.

537 2288 744 2338 Nouius
772 2289 1001 2353 Virgine
1042 2295 1411 2354 praegnante:
1449 2287 1689 2353 quando'
1729 2304 1777 2337 e.
1807 2304 1857 2353 q.
1885 2304 1928 2338 s.
1971 2287 2288 2351 (Noeuius
2326 2289 2516 2342 Bamb.
2553 2266 2831 2354 Nimius,

539 2405 585 2439 e.
625 2406 693 2441 m.
730 2389 847 2463 alt„
885 2391 1022 2456 Reg.
1059 2366 1309 2457 NeJ’uius
1346 2390 1512 2440 Barb.
1552 2391 1806 2442 Neuius
1833 2390 2007 2455 Bong.
2032 2391 2199 2440 Barb.
2272 2391 2644 2456 prignante
2670 2393 2828 2443 Grut.

538 2490 775 2546 Carolir.
810 2466 1108 2559 pgnante
1145 2488 1338 2558 Sang.)
1543 2491 1600 2542 11
1636 2491 1846 2542 Nonius
1892 2492 2016 2555 516,
2062 2494 2128 2542 20
2162 2483 2451 2556 ‘puriter
2486 2529 2499 2543 .
2527 2531 2539 2544 .
2568 2531 2581 2545 .
2618 2493 2829 2548 Nouius

538 2560 763 2624 Virgine
803 2568 1136 2627 pregnante:
1175 2563 1427 2625 sequere’
1468 2575 1514 2610 e.
1554 2576 1603 2625 q.
1643 2576 1688 2611 s,

706 2740 785 2796 92
831 2743 1123 2797 senariam
1154 2743 1267 2794 iam
1297 2739 1574 2796 Manlcius
1605 2745 1937 2809 notaverat,
1971 2742 2516 2797 commendauerunl
2546 2741 2611 2796 L.
2645 2742 2828 2799 Muel-

535 2826 626 2879 ler
678 2842 824 2882 mas.
878 2827 1065 2882 Rhen.
1113 2823 1337 2879 XXIII
1379 2823 1496 2879 541
1548 2831 1603 2879 el
1650 2822 2084 2880 CFWMaelIer
2132 2827 2365 2895 prosod.
2426 2826 2620 2883 Plani.
2676 2826 2826 2883 199:

537 2915 927 2982 septenarium
974 2910 1329 2965 trochaicam
1370 2911 1557 2980 primo
1592 2910 1746 2980 pede
1789 2925 2054 2964 mancum
2098 2913 2224 2981 ipse
2271 2913 2398 2967 olim
2442 2912 2727 2966 dederam.

538 2995 664 3065 quid
709 2996 854 3049 stas?
899 3011 999 3069 age
1030 2994 1236 3050 Iunius
1281 2992 1428 3065 quidi
1459 3010 1575 3047 scas
1608 3008 1710 3066 ege
1750 2995 1886 3048 libri
1918 2996 2185 3066 plerique
2217 2994 2456 3067 quidicas
2488 3011 2589 3067 ege
2622 2996 2825 3052 Bamb.

536 3080 687 3147 (istas
740 3097 853 3150 pro
909 3089 1020 3134 stas
1063 3079 1341 3148 scriplum
1378 3077 1519 3149 suit)
1564 3077 1691 3149 quid
1753 3078 1839 3132 hic
1891 3085 2001 3132 stas
2052 3097 2158 3152 my.
2206 3080 2365 3134 Iunii
2583 3080 2830 3134 manen'?

553 3162 783 3219 Vossius
828 3181 1034 3218 manem
1077 3165 1214 3218 libri
1256 3162 1466 3216 inanem
1515 3163 1637 3216 edd.
1687 3162 1881 3234 ignaue
1918 3163 2158 3219 Bolkias
2331 3163 2643 3235 Sequentia
2690 3182 2828 3235 quo-

535 3265 646 3319 que
704 3252 871 3321 aulqo
928 3250 1103 3303 eidem
1154 3261 1446 3319 personae
1502 3247 1995 3302 continuabantur
2178 3248 2381 3320 primus
2439 3247 2593 3302 Leia.
2657 3249 2828 3320 prius,

534 3348 659 3403 sap.
689 3347 777 3403 ·m,
840 3334 911 3385 W
950 3334 1100 3406 prius
1146 3334 1326 3386 celeri
1364 3331 1500 3386 libri
1668 3330 1951 3403 praegredi
1988 3314 2186 3401 'priori
2223 3333 2827 3401 personaesstributum

536 3416 596 3470 L.
628 3417 907 3487 Mueller,
952 3419 1023 3472 de
1052 3435 1163 3489 qao
1194 3417 1463 3471 iudicium
1509 3415 1835 3484 ambiquum
1867 3422 1969 3468 est.
2029 3414 2285 3488 progredi
2326 3415 2478 3485 libri,
2524 3431 2634 3471 nec
2665 3427 2829 3473 carel

536 3504 688 3557 omni
739 3502 1090 3574 defensione.
1269 3499 1357 3577 ἱ93
1402 3500 1555 3573 coepi
1600 3502 1895 3555 senarium
1945 3497 2155 3569 facere
2199 3507 2386 3555 monet
2430 3499 2833 3556 Buechelerns

705 3584 784 3641 94
832 3594 1036 3658 quanto
1096 3584 1400 3641 Merseras
1455 3583 1669 3656 quando
1725 3585 1860 3638 libri
2039 3585 2184 3658 ergo
2231 3584 2414 3656 Bony.
2475 3601 2604 3639 uero
2651 3585 2826 3657 Sany.

705 3670 785 3727 95
833 3672 995 3743 quin,
1051 3674 1087 3725 i.
1146 3686 1195 3724 e.
1256 3670 1418 3742 quine
1466 3669 1716 3739 Νοηίυε,
1774 3672 1887 3725 nisi
1939 3670 2092 3739 quod
2135 3669 2226 3741 qui
2272 3670 2324 3722 in
2369 3666 2514 3724 Par.
2564 3669 2618 3724 P
2656 3672 2827 3727 kabel

535 3791 625 3862 qui
671 3791 1014 3846 Priscianus
1069 3806 1205 3862 quae
1265 3787 1508 3844 Bolhias
1710 3786 1950 3842 suionem
1998 3787 2161 3843 Grai.
2210 3762 2469 3842 fullonem
2521 3787 2657 3861 Rey.

534 3876 625 3946 qni
670 3875 976 3930 ciniflouem
1023 3874 1314 3945 Berylcius
1359 3875 1576 3928 annali.
1619 3873 1841 3942 philoll.
1894 3871 2057 3928 1870
2096 3890 2156 3943 p.
2206 3870 2328 3927 844
2373 3890 2487 3928 non
2540 3875 2827 3930 intellecto

534 3961 673 4015 dicti
710 3962 913 4032 lepore
1084 3960 1380 4031 compressi
1426 3957 1628 4013 Bamb.
1664 3954 1839 4013 Nonii
1879 3957 2159 4031 conpressi
2207 3960 2389 4012 celeri
2432 3957 2598 4023 Non„
2647 3958 2823 4014 Halb.

535 4042 722 4100 Prisc.
756 4045 1023 4117 coinpresi
1053 4045 1197 4116 Rey.
1231 4044 1474 4100 Carolir.
1520 4037 1719 4116 compsi
1753 4042 1918 4109 Grul.
1963 4042 2140 4115 copssi
2170 4040 2347 4115 Sanq.
2393 4043 2612 4114 conpssi
2647 4042 2827 4116 Bony.

533 4130 842 4186 Prisciani.
931 4130 1380 4200 Intelleqendum
1412 4135 1600 4184 aulem
1631 4133 1718 4182 est
1759 4128 1958 4200 pugnis
1989 4127 2308 4199 compressi,
2353 4144 2486 4181 nam
2529 4129 2673 4183 ludit
2703 4144 2827 4183 ser-

533 4229 642 4269 uus
698 4218 907 4286 aliquis
961 4219 1017 4270 in
1078 4214 1253 4270 uerbo
1299 4214 1590 4285 ambiyuo:
1647 4212 1727 4284 es.
1772 4212 1974 4267 Plauti
2014 4213 2169 4268 Rud.
2217 4210 2378 4266 1125
2554 4212 2687 4267 fullo
2742 4229 2826 4268 me

532 4300 853 4374 compressit
885 4298 1121 4372 Maehly
1249 4297 1644 4373 quinquatrbus
1674 4298 1819 4370 Rey.
1868 4295 2280 4370 quinquatribus
2312 4301 2496 4353 ceteri
2534 4297 2830 4355 Prisciani
