3400 5075
1184 254 1250 305 1..
1288 253 1708 306 Pomomvs
1746 256 2239 310 nououmusrs
2733 260 2860 324 229

1612 412 1678 476 11
1726 394 1826 500 (3)

1839 553 2029 615 saepe
2078 531 2331 617 adnuit,

603 640 690 704 25
735 636 1086 704 'Inuenibit
1130 619 1338 725 saepe.

1583 732 1682 797 III
1731 731 1831 819 (1)

742 842 970 930 Pergis
1017 845 1412 930 properatim

1499 970 1899 1038 CAMPANI

735 1086 989 1151 Dantor
1034 1087 1381 1172 publicitus
1428 1084 1775 1154 Dossenno
1823 1093 1889 1153 et
1933 1091 2292 1157 fullonibus

734 1202 1009 1268 Cibaria.
1983 1266 1987 1270 .

1496 1291 1895 1357 CAPELLA

732 1405 1026 1492 Clipeum
1072 1407 1142 1470 in
1191 1407 1400 1472 medio
1448 1406 1653 1473 fixum
1700 1412 1815 1474 est.

687 1628 740 1678 11
778 1627 987 1678 Nonius
1023 1631 1139 1690 479,
1175 1632 1241 1679 27
1288 1630 1647 1680 ‘inuenibo
1695 1645 1791 1694 pro
1838 1629 2137 1684 inueniam.
2210 1631 2545 1695 Pomponius
2594 1634 2846 1685 Buccone

554 1695 844 1760 adoptato:
883 1700 1078 1762 saepe’
1121 1712 1168 1747 e.
1208 1713 1259 1762 q.
1295 1713 1338 1746 s.
1477 1697 1561 1747 111
1599 1698 1809 1747 Nonius
1852 1701 1963 1758 155,
2006 1700 2030 1747 1
2071 1701 2511 1763 ‘properatim
2561 1706 2617 1750 et
2651 1717 2847 1766 prope-

551 1765 712 1823 riter,
750 1762 1023 1825 celeriter,
1061 1769 1417 1830 properanter
1442 1802 1453 1815 .
1479 1800 1492 1814 .
1521 1801 1532 1813 .
1563 1766 1899 1830 Pomponius
1927 1767 2180 1815 Bu‘ccone
2216 1766 2504 1831 adoptato:
2544 1784 2594 1832 p.
2621 1773 2699 1833 p.'
2761 1771 2846 1823 Cf.

551 1838 842 1896 praeterea
879 1835 1221 1898 cognominis
1259 1833 1487 1883 fabulae
1527 1832 1757 1883 frustum
1794 1834 2024 1882 Afranio
2062 1833 2416 1898 adscriptum.

692 1898 949 1949 CAnrAm
1021 1899 1231 1950 Nonius
1265 1903 1382 1963 513,
1419 1903 1451 1951 9
1488 1901 1898 1965 ‘publicitus
1935 1915 2032 1964 pro
2071 1900 2292 1965 publice
2321 1902 2562 1952 Lucilius
2591 1945 2603 1958 .
2631 1941 2642 1953 .
2672 1905 2848 1970 publi-

554 1968 697 2017 citus
724 2003 737 2017 .
766 2009 777 2019 .
807 1966 948 2017 idem
976 2005 988 2017 .
1019 2005 1032 2018 .
1060 1967 1361 2032 publicitus
1386 2004 1399 2017 .
1429 2007 1440 2019 .
1468 1967 1700 2019 Plautus
1725 2006 1737 2018 .
1765 2005 1778 2019 .
1805 1966 2108 2033 publicitus
2134 2005 2146 2017 .
2175 2006 2189 2020 .
2217 1968 2498 2020 Caecilius
2523 2009 2537 2023 .
2566 2007 2579 2021 .
2617 1971 2849 2037 publici-

552 2040 643 2086 tus
671 2074 682 2086 .
712 2075 723 2086 .
752 2034 1086 2098 Pomponius
1122 2034 1449 2100 Campanis:
1499 2035 1681 2086 dator’
1731 2052 1777 2085 e.
1826 2051 1875 2100 q.
1914 2053 1959 2087 s.
2029 2035 2314 2086 Excidisse
2361 2038 2745 2102 publiciter
2790 2042 2847 2091 in

550 2102 802 2152 lemmate
829 2100 957 2151 olim
984 2109 1308 2162 statueram,
1345 2103 1441 2152 sed
1483 2102 1862 2167 publicitus
1899 2103 2005 2152 bac
2031 2104 2287 2167 notione,
2327 2120 2436 2169 qua
2462 2105 2593 2168 quid
2620 2106 2848 2171 publica

551 2171 886 2220 auctoritate
922 2168 1040 2219 fieri
1078 2171 1312 2233 dicitur,
1350 2171 1630 2221 sollemnis
1668 2171 1845 2222 forma
1882 2176 1983 2222 est.

688 2238 956 2286 Caranus
1029 2237 1315 2288 Charisius
1351 2240 1376 2288 1
1423 2255 1474 2304 p.
1513 2241 1578 2289 59
1615 2240 1675 2288 Ρ.
1726 2238 2019 2304 ‘clipeus
2065 2238 2367 2289 masculino
2415 2255 2621 2304 genere
2669 2243 2726 2292 in
2774 2244 2849 2293 si-

548 2305 902 2370 gnificatione
931 2307 1072 2355 scuti
1099 2307 1336 2370 ponitur,
1364 2310 1426 2355 ut
1450 2306 1734 2357 Labienus
1761 2307 1863 2356 ait:
1892 2312 2089 2356 neutro
2109 2312 2292 2355 autem
2321 2322 2523 2369 genere
2552 2309 2843 2374 imaginem

548 2372 850 2438 sig-nificat.
918 2373 1017 2423 sed
1087 2409 1099 2424 .
1129 2411 1140 2421 .
1178 2374 1373 2422 Liuius
1413 2375 1467 2422 in
1505 2373 1915 2438 significatione
1953 2375 2097 2424 scuti
2137 2375 2463 2425 neutraliter
2498 2376 2749 2441 saepius.
2790 2383 2848 2428 et

551 2441 885 2505 Pomponius
924 2441 979 2490 in
1017 2439 1249 2506 Capella
1285 2456 1404 2490 cum
1442 2442 1550 2490 ait:
1596 2441 1858 2506 clipeum’
1898 2458 1943 2491 e.
1983 2458 2033 2505 q.
2074 2458 2117 2490 s.
2191 2443 2595 2493 Grammaticus
2633 2445 2741 2494 inc.
2777 2445 2844 2495 ‹le

549 2525 675 2573 gen.
717 2525 855 2559 nom.
896 2524 946 2573 p.
973 2511 1040 2559 30
1077 2508 1165 2558 ed.
1192 2508 1324 2559 Otto
1361 2508 1531 2573 (apud
1556 2509 1798 2560 Keilium
1828 2509 1937 2564 uol.
1966 2511 2010 2559 V
2052 2525 2102 2626 p.
2130 2511 2252 2569 574)
2291 2510 2585 2576 ‘clipeus
2621 2515 2844 2578 generis

546 2577 879 2627 masculini.
907 2616 918 2628 .
945 2615 958 2629 .
986 2580 1043 2626 et
1077 2577 1483 2642 Pomponius
1519 2578 1738 2644 generis
1776 2578 1979 2628 neutri:
2022 2595 2051 2628 c
2075 2577 2280 2642 ipeum'
2319 2595 2367 2628 c.
2407 2595 2455 2645 q.
2494 2595 2537 2630 s.
2574 2580 2695 2632 ‘sed
2731 2598 2841 2631 non

552 2646 859 2710 recipitur-‚⁹

716 2822 797 2879 24
839 2825 1324 2895 praemittendum
1365 2825 1623 2897 sortasse
1666 2831 1770 2880 aut
1809 2832 1942 2895 post
1973 2840 2136 2898 saepe
2179 2828 2544 2883 inserendum
2592 2828 2684 2900 qui
2730 2828 2845 2883 hac

546 2912 864 2966 sententia.-
909 2908 1062 2964 alteri
1108 2909 1200 2981 qui
1246 2925 1407 2982 saepe
1436 2908 1623 2964 adnuit
1667 2910 1911 2981 roganti,
1962 2926 2162 2982 rogans
2207 2911 2322 2984 ipse
2353 2927 2512 2983 saepe
2558 2911 2846 2985 inpetrabit

548 2994 632 3050 uel
691 3009 956 3067 quaerens
1014 2993 1272 3050 inueniet.
1347 2995 1435 3048 An
1495 2994 1587 3065 qui
1642 3010 1804 3067 saepe
1862 2992 2079 3049 aduenit
2137 2997 2544 3051 scribendum?
2714 3012 2842 3070 sepe

545 3079 748 3135 Bamb.
797 3094 886 3133 sae
944 3078 1015 3134 W
1183 3079 1368 3133 annuit
1428 3078 1499 3133 W
1541 3075 1705 3133 ambit
1750 3077 1996 3134 Bothius
2037 3081 2272 3153 anquirit
2320 3080 2725 3148 Quiclzeratius

563 3165 679 3220 Vno
741 3178 951 3234 uersu,
1008 3163 1272 3235 sortasse
1325 3161 1486 3235 saepe
1543 3160 1744 3233 adibit,
1804 3161 2067 3218 inuenibit
2121 3182 2166 3220 s.
2226 3166 2590 3220 scribendum
2646 3172 2842 3221 censet

545 3248 946 3305 Buechelerus
1118 3245 1197 3303 25
1244 3244 1507 3306 inuenibit
1552 3246 1679 3301 edd.
1727 3248 1934 3303 inuenit
1986 3248 2124 3304 libri
2228 3280 2241 3295 -
2291 3263 2422 3328 sepe
2469 3249 2668 3304 Bamb.
2763 3239 2771 3243 ’

543 3332 622 3390 26
671 3348 867 3406 perges
900 3332 1144 3389 Bothius
1317 3331 1392 3388 27
1428 3347 1510 3403 sq.
1557 3329 1714 3384 «lator
1757 3330 2002 3386 doseuno
2047 3330 2304 3401 (dasenno
2337 3332 2478 3387 Par.
2522 3331 2593 3401 P)
2638 3342 2692 3388 et
2738 3332 2843 3388 sul-

542 3416 755 3472 lonibus
813 3415 1099 3489 publiciter
1152 3415 1346 3472 cibaria
1399 3416 1536 3472 libri
1589 3413 1715 3469 dato
1773 3412 2067 3487 publicitus
2112 3415 2393 3471 Dorsenno
2450 3424 2505 3471 et
2551 3416 2587 3472 l'.
2645 3415 2840 3473 cibaria

546 3503 817 3572 Bothius,
868 3504 1213 3572 praeiacet-ac
1270 3500 1394 3557 (lato
1455 3499 1731 3556 [lossenno
1787 3499 2109 3555 Mer-cerus.
2178 3499 2269 3554 dat
2327 3508 2512 3556 scorto
2575 3501 2841 3558 obscaeno

541 3594 596 3641 et
642 3583 937 3641 fullonibus
993 3584 1283 3658 publicitus
1340 3583 1531 3641 cibaria
1580 3600 1757 3641 uersu
1802 3585 2024 3657 qualem
2068 3586 2224 3642 nullo
2270 3586 2637 3642 Duentzerus
2693 3603 2835 3642 mus.

541 3672 726 3727 Rhea.
791 3669 867 3725 VI
910 3668 1031 3727 287
1089 3669 1216 3725 dato
1273 3669 1549 3725 Dorsenno
1606 3676 1659 3724 et
1723 3666 2022 3724 fullonibus
2079 3667 2376 3725 publicitus
2431 3686 2479 3725 c.
2538 3671 2835 3727 Munkius‘.

539 3754 628 3810 «lat
673 3752 811 3816 ordo
856 3752 962 3824 (sc.
1019 3760 1259 3812 senatus
1302 3753 1686 3825 munice'palis)
1735 3752 2010 3809 Dossenno
2069 3761 2123 3808 et
2171 3753 2206 3808 l'.
2254 3752 2545 3809 publiciter
2588 3772 2634 3810 c.
2684 3759 2836 3811 coni.

540 3839 958 3896 Buecheler-us.
1064 3839 1304 3895 Retinut'
1355 3842 1562 3911 quales
1615 3841 1745 3895 olim
1799 3840 2069 3894 dederam
2124 3837 2366 3906 iambos,
2436 3841 2622 3895 miuus
2686 3843 2831 3895 enim

541 3924 804 3979 trochaei
839 3926 1079 3994 placent
1124 3925 1198 3979 ab
1260 3924 1509 3979 Vsenero
1555 3925 1933 3979 commendati
1945 3947 1960 3976 .·
2015 3921 2210 3978 dantor
2253 3920 2530 3979 Dossenno
2575 3931 2630 3978 et
2675 3921 2836 3980 fullo·

539 4007 695 4063 nibus
742 4006 1031 4063 publiciter
1074 4006 1288 4064 cibaria.
1378 4008 1696 4064 Probarem
1743 4008 1889 4063 haec
1935 4009 2129 4063 ultima
2174 4011 2233 4063 in
2279 4010 2441 4063 exitu
2486 4023 2728 4079 uersus,
2785 4013 2838 4064 si

541 4108 589 4147 e.
637 4108 682 4147 c.
720 4094 1115 4164 praecederet
1161 4109 1258 4165 pro
1308 4090 1509 4148 meritis
1554 4093 1804 4147 summis:
1852 4092 1933 4165 cf.
1980 4093 2179 4148 Plauti
2220 4092 2422 4163 Amph.
2474 4090 2631 4149 1027

540 4176 618 4233 29
665 4175 915 4250 clypeum
974 4181 1247 4251 anonymi
1287 4177 1520 4234 Monac.
1694 4170 1870 4232 medio
1928 4192 2248 4247 anonymus
2302 4175 2535 4232 medium
2583 4175 2836 4235 Charisii

540 4263 664 4317 cod.
