3400 5075
1403 316 1929 372 COROLLARIVM
2633 323 2807 376 LXXI

509 480 918 549 Proverbiali
975 483 1254 547 fortasse
1302 483 1588 566 imagine
1644 504 1798 544 usus
1866 486 1990 564 est,
2062 487 2135 547 ut
2192 483 2672 568 dehortaretur,
2726 509 2806 550 ne

512 589 657 672 quis
705 588 978 653 honesta
1025 589 1301 653 consilia
1346 589 1596 673 inpuris
1628 588 2053 671 turpibusque
2099 590 2402 653 remediis
2430 596 2805 675 perpetrare

510 695 722 758 vellet.
780 693 877 759 Of.
906 694 1143 758 Lucilii
1186 716 1218 757 e
1263 694 1435 760 libro
1466 694 1684 759 XXVI
1732 697 1994 777 sumpta
2032 696 2202 779 apud
2230 696 2520 762 Nonium
2565 722 2626 782 p.
2661 700 2805 784 138,

511 802 590 865 21
653 800 1010 866 ‘mordicus
1076 804 1295 885 petere
1362 824 1591 866 aurum
1648 823 1721 864 ec
1793 801 2058 866 flamma
2114 804 2443 887 expediat,
2506 826 2568 868 ec
2621 826 2803 870 caeno

508 906 757 972 cibum'.
847 908 936 972 Et
1000 908 1135 971 sale
1202 910 1378 971 caret
1441 911 1506 972 et
1568 908 1788 972 nescio
1854 929 1982 991 qua
2047 910 2443 974 verbositate
2503 910 2806 994 displicet

507 1015 676 1097 quod
725 1016 791 1078 in
837 1014 1025 1079 libris
1072 1014 1458 1098 quibusdam
1504 1015 1746 1099 legitur
1788 1036 1862 1079 ea·
1904 1017 2041 1079 sino
2087 1013 2163 1102 (S.
2208 1014 2398 1101 sinu).

684 1120 761 1183 V.
815 1121 964 1184 187ι
1027 1119 1255 1185 ‘lineas
1309 1122 1452 1184 vasi
1508 1120 1744 1205 genus'
1799 1120 2030 1205 fuisse,
2085 1124 2159 1210 ut
2211 1122 2483 1186 tradidit
2529 1124 2802 1209 NoniuS,

504 1249 735 1310 parum
783 1227 1118 1311 credibile,
1172 1249 1290 1290 nec
1336 1230 1557 1290 tamen
1614 1228 1789 1290 aliud
1850 1227 2139 1310 suppetit
2193 1228 2368 1292 vasis
2422 1253 2659 1294 nomen
2717 1232 2798 1296 si-

502 1335 674 1400 mile.
764 1357 918 1398 nam
972 1333 1165 1397 nihili
1221 1337 1321 1396 est
1367 1334 1534 1417 quod
1594 1334 1750 1398 olim
1812 1334 2185 1397 dubitanter
2242 1337 2554 1417 proposui
2603 1337 2801 1403 lenias

502 1440 690 1523 quasi
739 1464 777 1504 a
824 1437 1028 1523 ληνός
1065 1439 1311 1504 Graeco
1360 1440 1677 1504 vocabulo
1726 1440 2007 1503 ductum.
2098 1440 2389 1505 Primum
2439 1446 2657 1508 autem
2705 1446 2797 1507 vi-

502 1546 779 1610 dendum
835 1546 987 1631 quid
1046 1547 1179 1609 sint
1232 1547 1468 1610 labella.
1561 1544 1789 1609 Cicero
1838 1547 1914 1609 de
1969 1546 2092 1629 leg.
2141 1545 2204 1609 II
2252 1547 2364 1630 26,
2412 1549 2497 1610 66
2554 1548 2796 1632 ‘sepul-

502 1652 675 1716 chris
743 1655 960 1716 autem
1014 1653 1201 1716 novis
1264 1653 1479 1717 finivit
1533 1650 1825 1716 modum'
1874 1646 1968 1736 (se‘
2035 1650 2288 1737 Solon);
2357 1652 2539 1718 ‘nam
2604 1678 2799 1739 super

500 1762 712 1821 terrae
757 1760 1077 1822 tumulum
1132 1759 1346 1823 noluit
1391 1759 1742 1842 quidquam
1804 1759 2004 1822 statui
2050 1758 2178 1821 nisi
2225 1759 2636 1825 columellam
2683 1763 2794 1825 tri-

501 1865 621 1928 bus
678 1866 914 1929 cubitis
961 1887 1040 1929 ne
1089 1865 1389 1929 altiorem
1446 1869 1559 1927 aut
1605 1887 1898 1928 mensam
1945 1869 2059 1927 aut
2105 1863 2440 1949 labellum'3
2503 1864 2668 1932 Cato
2716 1868 2794 1931 de

500 1993 568 2034 re
616 1994 664 2034 r.
714 1972 797 2036 88
847 1971 1023 2035 ‘eam
1070 1972 1349 2035 muriam
1394 1972 1464 2035 in
1512 1971 1756 2048 labella,
1813 1972 1914 2034 vel
1963 1972 2032 2034 in
2078 1972 2338 2055 patinas
2385 1973 2453 2035 in
2499 1973 2633 2036 sole
2679 1996 2791 2057 po-

498 2076 698 2162 nito'3
755 2076 1118 2143 Columella
1162 2079 1240 2141 de
1286 2101 1354 2141 re
1402 2100 1449 2140 r.
1493 2078 1592 2159 12,
1639 2078 1724 2140 43
1773 2077 2091 2143 ‘labellum
2134 2077 2354 2160 fictile’
2403 2082 2469 2141 et
2514 2079 2793 2162 saepius,

499 2187 898 2249 memoratur
941 2184 1113 2248 idem
1143 2185 1339 2248 etiam
1392 2185 1455 2247 in
1506 2184 1693 2247 inser.
1725 2183 2112 2249 Nemorensi
2153 2186 2235 2248 ab
2263 2184 2570 2249 Henzeno
2618 2185 2793 2250 edita

500 2296 566 2354 et
621 2291 951 2355 illustrata
996 2290 1215 2355 Herm.
1266 2291 1357 2353 VI
1406 2292 1445 2353 8
1494 2312 1631 2374 sqq.
1682 2314 1736 2353 v.
1784 2292 1863 2354 18
1911 2290 2393 2355 LABELLVM
2426 2322 2439 2334 ·
2471 2290 2790 2356 MARMO

497 2397 748 2462 REVM
780 2429 793 2442 ·
827 2394 1011 2461 CVM
1060 2395 1587 2462 OOLVMELLA
1627 2434 1638 2447 ·
1698 2396 1911 2461 Labra
1946 2419 2199 2480 quoque
2246 2400 2320 2460 ut
2347 2419 2506 2460 vasa
2542 2398 2789 2480 passim

498 2504 668 2588 apud
715 2502 1029 2568 Catonem
1078 2499 1340 2568 obviam
1387 2504 1567 2568 fiunt.
1661 2506 1997 2587 praeterea
2044 2502 2312 2568 Ovidius
2356 2502 2506 2567 fast.
2534 2502 2630 2568 IV
2661 2505 2786 2568 761

497 2611 637 2675 ‘nec
685 2610 965 2694 dryadas
1019 2632 1138 2674 nec
1183 2633 1304 2675 nos
1353 2610 1684 2675 videamus
1743 2610 1921 2674 labra
1964 2608 2269 2693 Dianae'‚
2316 2610 2354 2673 i.
2403 2631 2454 2674 e.
2499 2610 2787 2695 lavacra3

503 2717 828 2802 Vergilius
864 2715 1017 2780 Aen.
1050 2716 1172 2781 XII
1202 2719 1329 2780 417
1383 2716 1528 2782 ‘hoc
1557 2718 1774 2780 fusum
1824 2717 2016 2781 labris
2050 2716 2498 2798 splmdentibus
2531 2739 2787 2780 amnem

496 2823 787 2906 Infecit'3
847 2823 1073 2888 Cicero
1133 2823 1213 2886 ad
1267 2824 1421 2888 fam.
1469 2823 1622 2887 XIV
1672 2825 1761 2887 20
1818 2823 2094 2887 ‘labrum
2139 2825 2203 2888 ‘si
2249 2825 2316 2887 in
2371 2824 2608 2888 balineo
2663 2846 2788 2889 non

494 2937 605 3009 est,
661 2934 735 2993 ut
790 2930 932 3014 sit'3
990 2930 1239 2993 Plinius
1289 2952 1383 3013 ep.
1432 2930 1492 2993 V
1540 2931 1609 3010 6,
1657 2930 1743 2992 20
1792 2929 1992 2993 ‘inter
2045 2930 2165 2994 has
2221 2952 2562 2996 marmoreo
2617 2932 2787 2996 labro

496 3060 665 3121 aqua
694 3035 996 3100 exundat'
1025 3031 1236 3120 (addit
1265 3036 1467 3100 Orelli
1496 3035 1597 3098 tit.
1628 3037 1800 3099 4517
1833 3035 2313 3122 Buechelerus).
2381 3036 2523 3102 Iam
2554 3043 2784 3121 sponte

496 3147 768 3227 apparet
832 3144 1171 3227 scripsisse
1236 3141 1585 3205 Afranium
1651 3142 1871 3206 labella
1935 3144 2194 3208 balineis
2257 3144 2358 3206 vel
2423 3166 2454 3207 e
2509 3145 2784 3221 balinei-3,

492 3252 777 3333 itemque
814 3249 1166 3312 Laberium
1195 3271 1252 3311 v.
1282 3249 1366 3312 38
1407 3249 1629 3312 labella
1664 3271 1695 3312 c
1732 3249 2006 3314 balineis.
2061 3249 2316 3313 Nonius
2358 3254 2574 3312 autem
2613 3251 2782 3332 quod

492 3359 561 3420 in
592 3357 808 3420 codice
857 3378 973 3419 suo
1003 3356 1254 3439 legerat
1279 3355 1459 3419 facili
1511 3379 1665 3420 casu
1693 3359 2068 3438 corruptum
2110 3354 2326 3418 labella
2361 3355 2539 3418 lineis·
2585 3356 2782 3418 stulte

495 3465 956 3547 interpretatus
993 3464 1116 3525 est:
1166 3485 1241 3526 ac
1286 3462 1564 3527 fortasse
1614 3463 1781 3547 apud
1826 3465 2156 3524 auctorem
2204 3460 2340 3523 eius
2370 3482 2516 3523 cum
2565 3462 2783 3524 labella

492 3569 656 3633 ‘vasi
685 3567 913 3654 genus'
960 3568 1136 3632 dicta
1165 3573 1383 3631 essent
1421 3569 1735 3652 exemplis
1784 3566 2017 3630 leniter
2046 3565 2390 3649 corruptis,
2437 3587 2780 3649 perperam

491 3675 746 3739 rettulit
792 3674 1292 3758 explicationem
1340 3674 1421 3738 ad
1468 3671 1815 3760 (baflineas.

675 3782 792 3845 191
865 3781 1083 3845 Nescio
1135 3782 1289 3862 quid
1330 3781 1821 3863 pronuntiatum
1867 3779 2068 3843 fuisse
2129 3778 2223 3841 eis
2286 3778 2626 3861 probabile
2688 3778 2782 3861 fit,

490 3910 655 3972 quae
701 3887 1112 3951 Hermannus
1161 3885 1375 3950 Luchs
1421 3908 1629 3970 nuper
1673 3887 1743 3950 in
1788 3887 2070 3950 Hermae
2119 3885 2242 3949 vol.
2271 3883 2366 3948 VI
2394 3907 2455 3968 p.
2486 3884 2616 3948 270
2645 3905 2779 3968 sqq.

490 3994 876 4079 disputavit3
940 3993 1100 4056 item
1156 3994 1284 4056 417
1346 3996 1542 4057 nescio
1595 3996 1727 4074 qui,
1797 3993 1920 4057 159
1975 3994 2172 4057 nescio
2226 3993 2341 4056 cui.
2434 3990 2780 4074 Pomponii

489 4101 667 4165 locos
717 4100 849 4162 iam
897 4099 966 4161 in
1010 4101 1190 4162 textu
1238 4098 1612 4162 emendatos
1651 4098 1814 4161 dedi.
1870 4097 2062 4180 Apud
2099 4097 2451 4160 Pacuvium
2499 4098 2779 4161 fortasse

490 4206 682 4289 pleno
730 4203 1099 4287 septenario
1131 4204 1260 4266 294
1306 4203 1675 4290 legendum:
1722 4205 1829 4268 se'd
1850 4205 2048 4268 nescio
2074 4205 2225 4285 quid
2255 4204 2422 4266 minc
2447 4209 2533 4267 est
2561 4225 2611 4267 e.
2641 4224 2699 4286 q.
2729 4226 2776 4267 S.

488 4309 725 4374 Lucilii
781 4330 971 4391 quem
1027 4308 1097 4372 in
1150 4309 1373 4374 eodem
1428 4310 1623 4375 titulo
1676 4309 1973 4374 laudavit
2022 4308 2276 4373 Nonius
2330 4308 2777 4374 hexametrum
