3400 5075
697 343 825 406 400
1173 347 1684 399 ANONYMORVM
1724 345 2075 398 MIMORVM
2116 349 2512 414 RELIQVIAE

1725 503 1952 570 XVIII

874 621 1019 681 cata
1110 618 1339 683 carisia

1765 709 1925 774 XIX

875 796 1239 861 strutheum

1780 903 1903 978 XX

871 1002 1219 1066 familiares

1753 1117 1914 1182 XXI

871 1205 1201 1291 ingluuiae

1751 1323 1942 1389 XXII

870 1439 1281 1524 monopticus

1723 1554 1949 1621 XXIII

870 1644 1230 1709 exodiarius

1210 1758 1245 1788 ⁶
1732 1761 1949 1828 XXIV

867 1877 1196 1961 podiarius

1751 1992 1940 2058 XXV

872 2082 1102 2148 ludosi.
1191 2082 1328 2146 ludi

694 2281 802 2326 est:
841 2278 1060 2327 omnia
1085 2277 1409 2342 secunda,
1449 2276 1666 2327 saltat
1692 2281 1934 2327 senex!
2006 2277 2157 2327 Adde
2180 2278 2450 2328 Macrobii
2477 2278 2593 2329 Sat.
2621 2280 2647 2328 Ι
2675 2283 2754 2340 17,
2779 2283 2845 2331 25
2872 2298 2987 2347 sqq.

693 2345 931 2394 Factum
979 2351 1066 2395 est
1111 2345 1252 2410 quod
1290 2347 1541 2395 narrauit
1577 2347 1804 2396 Verrius
1849 2345 1909 2397 P.
1949 2344 2196 2410 Sulpicio
2237 2345 2417 2396 Galba
2463 2346 2561 2396 Cn.
2601 2348 2801 2398 Fuluio
2850 2365 2988 2404 coss,

698 2427 840 2462 anno
877 2413 1126 2476 5431211,
1172 2416 1245 2464 Μ.
1285 2414 1583 2479 Calpurnio
1629 2414 1833 2463 Pisone
1881 2419 2135 2477 praetore
2183 2414 2391 2463 urbano
2438 2414 2590 2465 ludos
2636 2417 2988 2481 Apollinares

696 2488 925 2529 curante
975 2497 1117 2530 anno
1171 2483 1478 2546 praeterito
1521 2485 1623 2547 Ap.
1675 2481 1909 2530 Claudio
1956 2481 2193 2532 Pulchro
2240 2483 2304 2543 Q.
2354 2483 2550 2533 Fuluio
2598 2484 2801 2535 Flacco
2847 2501 2985 2534 coss.

697 2549 924 2613 primum
970 2550 1285 2605 institutos,
1333 2566 1438 2614 quo
1485 2550 1604 2615 ipso
1652 2566 1796 2599 anno
1843 2551 2116 2615 parasitos
2162 2551 2462 2614 Apollinis,
2517 2551 2570 2604 h.
2621 2568 2669 2602 e.
2719 2552 2984 2602 artificum

695 2618 1072 2666 scaenicorum
1119 2617 1497 2679 sodalitatem,
1543 2619 1830 2666 institutos
1878 2633 2000 2666 esse
2049 2619 2288 2667 coniecit
2334 2619 2637 2669 Merkelius
2684 2621 2753 2669 ad
2799 2620 2989 2671 Ouidii

696 2685 823 2732 fast.
861 2701 911 2749 p.
939 2685 1277 2735 CCXXXIV.
1351 2685 1434 2734 Cf.
1477 2685 1942 2735 Friedlaenderus
1981 2686 2036 2733 in
2070 2686 2412 2748 Marquardti
2449 2688 2798 2751 antiquitatt.
2833 2689 2988 2738 Rom.

694 2751 773 2800 1V
810 2766 860 2814 p.
900 2755 1016 2806 533.
1056 2754 1329 2802 l‘rellerus
1366 2753 1589 2814 mythol.
1627 2755 1782 2802 Rom.
1824 2756 1940 2815 270,
1976 2752 2344 2803 Mommsenus
2391 2754 2516 2804 hist.
2556 2755 2705 2804 Rom.
2742 2755 2851 2806 111²
2886 2759 2986 2806 569

838 2821 1098 2883 Suspicor
1133 2837 1240 2869 non
1279 2821 1335 2869 in
1372 2837 1650 2881 scaena,
1690 2822 1786 2869 sed
1815 2822 1869 2869 in
1910 2839 1937 2868 c
1957 2836 2079 2869 ena
2106 2824 2381 2886 parasitos
2405 2823 2545 2872 istos
2572 2823 2843 2887 Apollinis
2869 2839 2981 2887 pro·

695 2890 886 2939 uerbio
918 2889 1011 2937 illo
1037 2903 1164 2937 usos
1203 2889 1402 2948 fuisse,
1439 2903 1558 2937 cum
1598 2905 1652 2937 re
1694 2890 1831 2937 bene
1859 2895 2019 2951 gesta
2047 2889 2226 2953 epulis
2252 2905 2311 2938 sc
2337 2897 2666 2939 recrearent.
2807 2889 2982 2939 XVIII

697 2956 915 3006 Placidi
963 2955 1181 3019 glossae
1230 2958 1286 3005 in
1325 2959 1384 3006 A.
1427 2957 1538 3004 Mai
1577 2961 1723 3005 auct.
1772 2955 1933 3005 class,
1971 2956 2053 3005 111
2090 2960 2187 3006 449
2226 2957 2456 3018 ‘carisa‚
2503 2965 2664 3006 uetus
2701 2958 2829 3007 lena
2868 2973 2981 3023 per-

696 3025 925 3081 callffln,
967 3028 1108 3071 unde
1159 3030 1217 3072 et
1261 3026 1318 3072 in
1364 3024 1523 3073 mimo
1569 3024 1807 3075 fallaces
1845 3024 2082 3073 ane-illae
2132 3025 2557 3073 catacarisia
2593 3026 2983 3090 appellantur)

698 3092 782 3141 Cf.
826 3091 987 3140 Pauli
1033 3093 1230 3140 Festus
1278 3108 1331 3155 p.
1370 3094 1434 3140 44
1481 3094 1839 3141 ‘carissam
1889 3092 2034 3155 apud
2082 3094 2356 3142 Lucilium
2404 3093 2617 3141 uastam
2664 3092 2983 3157 significat.’

696 3160 834 3210 thes.
873 3174 996 3208 nou.
1038 3159 1134 3207 lat.
1174 3160 1230 3206 in
1267 3163 1329 3207 A.
1370 3160 1483 3206 Mai
1523 3166 1667 3209 atict.
1706 3159 1774 3212 cl.
1811 3159 1946 3209 VIII
1983 3162 2047 3208 98
2094 3161 2373 3221 ‘carisa‚
2414 3176 2535 3218 sae,
2584 3162 2619 3210 i.
2660 3167 2821 3210 uetus
2859 3162 2986 3210 lena

696 3233 752 3275 et
786 3226 1056 3291 litigiosa,
1096 3226 1237 3274 unde
1262 3234 1318 3274 et
1343 3225 1576 3276 fallaces
1615 3227 1847 3276 ancillae
1876 3229 2091 3276 carisae
2128 3227 2409 3288 dicuntur,
2450 3232 2582 3292 quia
2618 3228 2855 3277 ueritate
2893 3245 2987 3277 ca-

696 3300 861 3344 rent.'
922 3295 1089 3359 gloss.
1125 3294 1310 3343 Vatic.
1349 3294 1483 3345 ibid.
1522 3297 1592 3344 Vl
1632 3296 1731 3343 514
1767 3295 2011 3344 ‘carisa
2057 3294 2185 3344 lena
2233 3307 2317 3344 est
2362 3297 2549 3360 dupla'
2589 3292 2847 3357 (‘uetula’
2888 3302 2988 3345 aut

699 3363 936 3413 ‘dolosa’
974 3362 1424 3424 Hildebrandus).
1461 3362 1627 3426 gloss.
1667 3362 1865 3411 Isidori
1904 3364 2214 3424 ‘carissa‚
2265 3362 2392 3412 lena
2428 3370 2587 3412 uetus
2627 3369 2682 3412 et
2718 3362 2985 3427 litigiosa,

699 3431 905 3480 ancilla
943 3429 1133 3479 dolosa
1171 3429 1389 3480 fallax)
1530 3431 1660 3479 XIX
1700 3431 1903 3479 Festus
1943 3446 1996 3494 p.
2036 3433 2134 3480 313
2160 3431 2232 3479 M.
2272 3431 2676 3481 ‘strutheum
2716 3431 2769 3478 in
2807 3433 2988 3479 mimis

698 3499 996 3563 praecipue
1033 3502 1237 3547 uocant
1280 3498 1571 3547 obscenam
1613 3505 1821 3563 partem
1861 3498 2101 3560 uirilem,
2151 3514 2183 3546 a
2222 3497 2519 3548 salacitate
2556 3497 2823 3547 uidelicet
2861 3515 2989 3563 pas-

697 3568 864 3625 seris,
913 3565 1006 3628 qui
1052 3565 1265 3614 Graece
1311 3565 1557 3615 struthos
1602 3567 1846 3617 dicitur.’
1930 3565 2015 3615 Cf.
2053 3565 2220 3615 schol.
2268 3566 2625 3628 quenahVI
2664 3567 2744 3620 65.
2884 3567 2988 3615 XX

697 3634 906 3683 Seneca
944 3634 1105 3697 epist.
1131 3634 1177 3682 V
1216 3635 1262 3691 6,
1296 3636 1356 3682 14
1394 3634 1692 3682 ‘dominum
1731 3639 1939 3698 patrem
1970 3633 2216 3682 familiae
2244 3635 2688 3699 adpellauerunt’
2728 3633 2986 3695 (maiores

696 3699 910 3765 nostri),
951 3705 1234 3761 ‘seruos,
1273 3700 1413 3763 quod
1452 3703 1615 3750 etiam
1654 3703 1710 3749 in
1750 3702 1928 3750 mimis
1965 3701 2145 3751 adhuc
2186 3702 2374 3763 durat,
2416 3702 2839 3751 familiares)
2897 3702 2984 3751 Cf.

697 3769 1016 3819 Macrobius
1052 3767 1165 3817 Sat.
1205 3770 1229 3818 1
1271 3771 1346 3825 11,
1391 3772 1468 3819 11.
1632 3768 1763 3818 XXI
1800 3768 1980 3817 Gloss.
2020 3770 2265 3834 Amplon.
2304 3772 2402 3820 339
2441 3772 2519 3819 ‘in
2561 3770 2719 3819 mimo
2759 3770 2986 3835 inglu-

695 3839 874 3898 uiae,
913 3837 1052 3900 quod
1089 3842 1305 3884 tantum
1329 3836 1397 3885 ad
1435 3840 1715 3886 mimarios
1741 3843 1795 3886 et
1828 3838 2233 3901 mimographus
2270 3839 2552 3902 pertinet.’
2686 3837 2852 3887 ‘XXII
2887 3838 2989 3887 Isi-

697 3905 814 3953 dori
853 3904 1018 3969 gloss.
1057 3905 1517 3968 ‘monopticus.
1559 3907 1879 3954 mimus...’
1952 3907 2180 3954 mimus
2220 3906 2627 3968 thymelicus
2656 3905 2812 3955 Voss.

695 3972 882 4021 XXIII
922 3971 1138 4022 Placidi
1183 3973 1256 4035 gl.
1304 3974 1359 4020 in
1400 3978 1460 4024 A.
1500 3974 1609 4020 Mai
1660 3978 1802 4021 auct.
1852 3972 1919 4023 cl.
1957 3974 2030 4021 VI
2078 3976 2175 4022 561
2216 3973 2662 4031 ‘exodiarius‚
2711 3974 2768 4021 in
2808 3973 2983 4022 mimis

697 4041 979 4105 turpitudo
1018 4037 1408 4090 delectabilis)
1548 4039 1725 4089 XXIV
1763 4040 1961 4088 Isidori
1999 4039 2067 4104 gl.
2111 4041 2514 4104 ‘po‹liarius,
2560 4042 2707 4090 inter
2751 4042 2983 4089 mimos.’

832 4108 982 4157 XXV
1020 4106 1204 4157 Gloss.
1253 4109 1431 4158 Vatic.
1477 4108 1534 4155 in
1578 4110 1641 4161 A.
1681 4108 1799 4156 Mai
1847 4112 1993 4157 auct.
2043 4107 2109 4157 cl.
2163 4109 2231 4157 vl
2278 4110 2376 4159 532
2425 4108 2707 4171 ‘ludosi,
2756 4109 2985 4157 mimosi.

696 4176 919 4239 ludos,
955 4178 1190 4225 mimos!

869 4358 944 4416 11
991 4365 1144 4414 eatae
1185 4357 1388 4413 carisae
1438 4357 1884 4416 Hildebrandus.
1976 4360 2063 4414 An
2110 4367 2229 4415 cata
2273 4357 2537 4451 carisuia?
