<?xml version="1.0" encoding="UTF-8"?>
<!DOCTYPE html PUBLIC "-//W3C//DTD XHTML 1.0 Transitional//EN"
    "http://www.w3.org/TR/xhtml1/DTD/xhtml1-transitional.dtd">
<html xmlns="http://www.w3.org/1999/xhtml" xml:lang="en" lang="en">
 <head>
  <title>
</title>
<meta http-equiv="Content-Type" content="text/html;charset=utf-8" />
  <meta name='ocr-system' content='tesseract 3.04.00' />
  <meta name='ocr-capabilities' content='ocr_page ocr_carea ocr_par ocr_line ocrx_word'/>
</head>
<body>
  <div class='ocr_page' id='page_1' title='image "./comicorumromano00teregoog_0014.png"; bbox 0 0 3400 5075; ppageno 0'>
   <div class='ocr_carea' id='block_1_1' title="bbox 664 313 2073 370">
    <p class='ocr_par' dir='ltr' id='par_1_1' title="bbox 664 313 2073 370">
     <span class='ocr_line' id='line_1_1' title="bbox 664 313 2073 370; baseline 0.002 -4"><span class='ocrx_word' id='word_1_1' title='bbox 664 313 769 367; x_wconf 84' lang='lat' dir='ltr'>XII</span> <span class='ocrx_word' id='word_1_2' title='bbox 1546 314 2073 370; x_wconf 75' lang='lat' dir='ltr'><strong>COROLLARIVM</strong></span> 
     </span>
    </p>
   </div>
   <div class='ocr_carea' id='block_1_2' title="bbox 656 477 2954 1860">
    <p class='ocr_par' dir='ltr' id='par_1_2' title="bbox 656 477 2950 757">
     <span class='ocr_line' id='line_1_2' title="bbox 656 477 2950 565; baseline 0.003 -26"><span class='ocrx_word' id='word_1_3' title='bbox 656 477 946 540; x_wconf 88' lang='lat' dir='ltr'>futurum</span> <span class='ocrx_word' id='word_1_4' title='bbox 1005 499 1144 539; x_wconf 83' lang='lat' dir='ltr'>esse</span> <span class='ocrx_word' id='word_1_5' title='bbox 1201 477 1462 559; x_wconf 91' lang='lat' dir='ltr'>publico</span> <span class='ocrx_word' id='word_1_6' title='bbox 1526 478 1737 543; x_wconf 85' lang='lat' dir='ltr'>edicto</span> <span class='ocrx_word' id='word_1_7' title='bbox 1798 481 2327 561; x_wconf 75' lang='lat' dir='ltr'>proclamaverit,</span> <span class='ocrx_word' id='word_1_8' title='bbox 2388 481 2498 564; x_wconf 89' lang='lat' dir='ltr'>qui</span> <span class='ocrx_word' id='word_1_9' title='bbox 2560 483 2808 565; x_wconf 83' lang='lat' dir='ltr'>primus</span> <span class='ocrx_word' id='word_1_10' title='bbox 2872 486 2950 547; x_wconf 86' lang='lat' dir='ltr'>ad</span> 
     </span>
     <span class='ocr_line' id='line_1_3' title="bbox 658 583 2950 670; baseline 0.003 -23"><span class='ocrx_word' id='word_1_11' title='bbox 658 583 1132 648; x_wconf 88' lang='lat' dir='ltr'>Herculaneam</span> <span class='ocrx_word' id='word_1_12' title='bbox 1188 606 1414 647; x_wconf 88' lang='lat' dir='ltr'>cenam</span> <span class='ocrx_word' id='word_1_13' title='bbox 1469 608 1537 648; x_wconf 77' lang='lat' dir='ltr'>se</span> <span class='ocrx_word' id='word_1_14' title='bbox 1586 589 1932 650; x_wconf 81' lang='lat' dir='ltr'>vocaturus</span> <span class='ocrx_word' id='word_1_15' title='bbox 1988 593 2162 650; x_wconf 71' lang='lat' dir='ltr'>esset</span> <span class='ocrx_word' id='word_1_16' title='bbox 2218 588 2513 670; x_wconf 85' lang='lat' dir='ltr'>exemplo</span> <span class='ocrx_word' id='word_1_17' title='bbox 2571 590 2705 652; x_wconf 86' lang='lat' dir='ltr'>fere</span> <span class='ocrx_word' id='word_1_18' title='bbox 2764 589 2950 653; x_wconf 85' lang='lat' dir='ltr'>Gela-</span> 
     </span>
     <span class='ocr_line' id='line_1_4' title="bbox 660 690 2492 757; baseline 0.005 -6"><span class='ocrx_word' id='word_1_19' title='bbox 660 690 806 752; x_wconf 84' lang='lat' dir='ltr'>simi</span> <span class='ocrx_word' id='word_1_20' title='bbox 854 690 922 752; x_wconf 91' lang='lat' dir='ltr'>in</span> <span class='ocrx_word' id='word_1_21' title='bbox 972 690 1189 754; x_wconf 87' lang='lat' dir='ltr'>Plauti</span> <span class='ocrx_word' id='word_1_22' title='bbox 1238 690 1463 754; x_wconf 82' lang='lat' dir='ltr'>Sticho</span> <span class='ocrx_word' id='word_1_23' title='bbox 1512 713 1567 755; x_wconf 83' lang='lat' dir='ltr'>v.</span> <span class='ocrx_word' id='word_1_24' title='bbox 1616 694 1766 757; x_wconf 76' lang='lat'><strong><em>2:22.</em></strong></span> <span class='ocrx_word' id='word_1_25' title='bbox 2482 700 2492 711; x_wconf 87' lang='grc'><strong><em>’</em></strong></span> 
     </span>
    </p>

    <p class='ocr_par' dir='ltr' id='par_1_3' title="bbox 656 815 2954 1860">
     <span class='ocr_line' id='line_1_5' title="bbox 835 815 2948 904; baseline 0.004 -29"><span class='ocrx_word' id='word_1_26' title='bbox 835 815 938 876; x_wconf 82' lang='grc'>34.</span> <span class='ocrx_word' id='word_1_27' title='bbox 988 815 1291 877; x_wconf 71' lang='lat' dir='ltr'>Asse-rem</span> <span class='ocrx_word' id='word_1_28' title='bbox 1338 815 1449 877; x_wconf 88' lang='lat' dir='ltr'>ille</span> <span class='ocrx_word' id='word_1_29' title='bbox 1499 816 1741 898; x_wconf 86' lang='lat' dir='ltr'>laudat,</span> <span class='ocrx_word' id='word_1_30' title='bbox 1788 817 1968 879; x_wconf 83' lang='lat' dir='ltr'>cuius</span> <span class='ocrx_word' id='word_1_31' title='bbox 2015 839 2132 899; x_wconf 89' lang='lat' dir='ltr'>per</span> <span class='ocrx_word' id='word_1_32' title='bbox 2167 816 2402 881; x_wconf 88' lang='lat' dir='ltr'>rimam</span> <span class='ocrx_word' id='word_1_33' title='bbox 2444 818 2768 883; x_wconf 76' lang='lat' dir='ltr'><strong>audiverit</strong></span> <span class='ocrx_word' id='word_1_34' title='bbox 2813 822 2948 904; x_wconf 89' lang='lat' dir='ltr'>qui-</span> 
     </span>
     <span class='ocr_line' id='line_1_6' title="bbox 657 920 2954 1002; baseline 0.003 -20"><span class='ocrx_word' id='word_1_35' title='bbox 657 921 776 983; x_wconf 84' lang='lat' dir='ltr'>bus</span> <span class='ocrx_word' id='word_1_36' title='bbox 831 920 1158 1002; x_wconf 74' lang='lat' dir='ltr'>praesenti</span> <span class='ocrx_word' id='word_1_37' title='bbox 1217 943 1437 984; x_wconf 86' lang='lat' dir='ltr'>coram</span> <span class='ocrx_word' id='word_1_38' title='bbox 1492 923 1645 985; x_wconf 84' lang='lat' dir='ltr'>testi</span> <span class='ocrx_word' id='word_1_39' title='bbox 1705 923 2018 986; x_wconf 78' lang='lat' dir='ltr'>interesse</span> <span class='ocrx_word' id='word_1_40' title='bbox 2075 946 2203 987; x_wconf 91' lang='lat' dir='ltr'>non</span> <span class='ocrx_word' id='word_1_41' title='bbox 2264 924 2518 988; x_wconf 88' lang='lat' dir='ltr'>liceret:</span> <span class='ocrx_word' id='word_1_42' title='bbox 2572 925 2834 991; x_wconf 77' lang='lat' dir='ltr'>hennius</span> <span class='ocrx_word' id='word_1_43' title='bbox 2880 933 2954 990; x_wconf 92' lang='lat' dir='ltr'>ut</span> 
     </span>
     <span class='ocr_line' id='line_1_7' title="bbox 657 1026 2949 1117; baseline 0.003 -28"><span class='ocrx_word' id='word_1_44' title='bbox 657 1026 831 1090; x_wconf 83' lang='lat' dir='ltr'>Leid.</span> <span class='ocrx_word' id='word_1_45' title='bbox 871 1026 1070 1089; x_wconf 87' lang='lat' dir='ltr'>etiam</span> <span class='ocrx_word' id='word_1_46' title='bbox 1116 1026 1261 1117; x_wconf 74' lang='lat' dir='ltr'>Par.</span> <span class='ocrx_word' id='word_1_47' title='bbox 1300 1026 1351 1089; x_wconf 92' lang='lat' dir='ltr'>P</span> <span class='ocrx_word' id='word_1_48' title='bbox 1396 1027 1611 1090; x_wconf 84' lang='lat' dir='ltr'>habet.</span> <span class='ocrx_word' id='word_1_49' title='bbox 1687 1031 1970 1092; x_wconf 87' lang='lat' dir='ltr'>ceterum</span> <span class='ocrx_word' id='word_1_50' title='bbox 2011 1028 2465 1103; x_wconf 81' lang='lat' dir='ltr'>Quicheratius</span> <span class='ocrx_word' id='word_1_51' title='bbox 2513 1031 2681 1095; x_wconf 88' lang='lat' dir='ltr'>hunc</span> <span class='ocrx_word' id='word_1_52' title='bbox 2729 1032 2949 1096; x_wconf 90' lang='lat' dir='ltr'>locum</span> 
     </span>
     <span class='ocr_line' id='line_1_8' title="bbox 659 1132 2952 1216; baseline 0.003 -22"><span class='ocrx_word' id='word_1_53' title='bbox 659 1133 859 1195; x_wconf 88' lang='lat' dir='ltr'>talem</span> <span class='ocrx_word' id='word_1_54' title='bbox 917 1132 1144 1196; x_wconf 87' lang='lat' dir='ltr'>edidit:</span> <span class='ocrx_word' id='word_1_55' title='bbox 1200 1139 1257 1197; x_wconf 75' lang='lat' dir='ltr'>et</span> <span class='ocrx_word' id='word_1_56' title='bbox 1308 1135 1560 1213; x_wconf 74' lang='lat' dir='ltr'>affatim</span> <span class='ocrx_word' id='word_1_57' title='bbox 1613 1135 1861 1199; x_wconf 80' lang='lat' dir='ltr'><strong><em>Laudes</em></strong></span> <span class='ocrx_word' id='word_1_58' title='bbox 1914 1157 2056 1216; x_wconf 70' lang='lat' dir='ltr'>aye,</span> <span class='ocrx_word' id='word_1_59' title='bbox 2122 1156 2312 1216; x_wconf 73' lang='lat' dir='ltr'>quum</span> <span class='ocrx_word' id='word_1_60' title='bbox 2365 1137 2519 1200; x_wconf 77' lang='lat' dir='ltr'>votis</span> <span class='ocrx_word' id='word_1_61' title='bbox 2573 1159 2668 1201; x_wconf 77' lang='lat' dir='ltr'>me</span> <span class='ocrx_word' id='word_1_62' title='bbox 2722 1140 2952 1202; x_wconf 68' lang='lat' dir='ltr'>medias</span> 
     </span>
     <span class='ocr_line' id='line_1_9' title="bbox 660 1226 2951 1323; baseline 0.003 -22"><span class='ocrx_word' id='word_1_63' title='bbox 660 1240 833 1315; x_wconf 73' lang='lat' dir='ltr'>meis,</span> <span class='ocrx_word' id='word_1_64' title='bbox 894 1241 1092 1317; x_wconf 65' lang='lat' dir='ltr'>Quod,</span> <span class='ocrx_word' id='word_1_65' title='bbox 1129 1246 1379 1320; x_wconf 75' lang='lat' dir='ltr'>praeter</span> <span class='ocrx_word' id='word_1_66' title='bbox 1422 1263 1610 1322; x_wconf 78' lang='lat' dir='ltr'>quam</span> <span class='ocrx_word' id='word_1_67' title='bbox 1653 1242 1799 1305; x_wconf 73' lang='lat' dir='ltr'>velle</span> <span class='ocrx_word' id='word_1_68' title='bbox 1843 1226 2169 1319; x_wconf 67' lang='lat' dir='ltr'>audebam,</span> <span class='ocrx_word' id='word_1_69' title='bbox 2215 1242 2324 1305; x_wconf 79' lang='lat' dir='ltr'>hoc</span> <span class='ocrx_word' id='word_1_70' title='bbox 2369 1243 2524 1306; x_wconf 62' lang='lat' dir='ltr'>mila·</span> <span class='ocrx_word' id='word_1_71' title='bbox 2569 1247 2825 1323; x_wconf 62' lang='lat' dir='ltr'>animia,</span> <span class='ocrx_word' id='word_1_72' title='bbox 2882 1246 2951 1309; x_wconf 90' lang='lat' dir='ltr'>in</span> 
     </span>
     <span class='ocr_line' id='line_1_10' title="bbox 660 1345 2948 1434; baseline 0.003 -27"><span class='ocrx_word' id='word_1_73' title='bbox 660 1345 897 1428; x_wconf 80' lang='lat' dir='ltr'>quibus</span> <span class='ocrx_word' id='word_1_74' title='bbox 944 1347 1194 1425; x_wconf 72' lang='lat' dir='ltr'>affatim</span> <span class='ocrx_word' id='word_1_75' title='bbox 1241 1348 1500 1431; x_wconf 83' lang='lat' dir='ltr'>Bothio‚</span> <span class='ocrx_word' id='word_1_76' title='bbox 1545 1349 1691 1412; x_wconf 72' lang='lat' dir='ltr'>velle</span> <span class='ocrx_word' id='word_1_77' title='bbox 1735 1349 2035 1411; x_wconf 72' lang='lat' dir='ltr'>audebam</span> <span class='ocrx_word' id='word_1_78' title='bbox 2082 1349 2368 1412; x_wconf 82' lang='lat' dir='ltr'>Mercero</span> <span class='ocrx_word' id='word_1_79' title='bbox 2418 1351 2627 1433; x_wconf 87' lang='lat' dir='ltr'>debet,</span> <span class='ocrx_word' id='word_1_80' title='bbox 2673 1351 2781 1434; x_wconf 91' lang='lat' dir='ltr'>qui</span> <span class='ocrx_word' id='word_1_81' title='bbox 2830 1373 2948 1433; x_wconf 89' lang='lat' dir='ltr'>pro</span> 
     </span>
     <span class='ocr_line' id='line_1_11' title="bbox 656 1451 2950 1538; baseline 0.003 -24"><span class='ocrx_word' id='word_1_82' title='bbox 656 1451 774 1515; x_wconf 91' lang='lat' dir='ltr'>illo</span> <span class='ocrx_word' id='word_1_83' title='bbox 830 1454 1063 1515; x_wconf 63' lang='lat' dir='ltr'>nveitais</span> <span class='ocrx_word' id='word_1_84' title='bbox 1118 1453 1482 1517; x_wconf 83' lang='lat' dir='ltr'>coniecerat</span> <span class='ocrx_word' id='word_1_85' title='bbox 1535 1456 1744 1519; x_wconf 77' lang='lat' dir='ltr'>evenit.</span> <span class='ocrx_word' id='word_1_86' title='bbox 1826 1454 1901 1517; x_wconf 91' lang='lat' dir='ltr'>In</span> <span class='ocrx_word' id='word_1_87' title='bbox 1949 1478 2094 1519; x_wconf 86' lang='lat' dir='ltr'>meo</span> <span class='ocrx_word' id='word_1_88' title='bbox 2151 1458 2330 1518; x_wconf 84' lang='lat' dir='ltr'>textu</span> <span class='ocrx_word' id='word_1_89' title='bbox 2376 1458 2546 1538; x_wconf 91' lang='lat' dir='ltr'>quod</span> <span class='ocrx_word' id='word_1_90' title='bbox 2603 1459 2950 1521; x_wconf 80' lang='lat' dir='ltr'>molestum</span> 
     </span>
     <span class='ocr_line' id='line_1_12' title="bbox 660 1561 2947 1643; baseline 0.003 -23"><span class='ocrx_word' id='word_1_91' title='bbox 660 1562 759 1621; x_wconf 85' lang='lat' dir='ltr'>est</span> <span class='ocrx_word' id='word_1_92' title='bbox 811 1561 901 1622; x_wconf 71' lang='lat' dir='ltr'>mi</span> <span class='ocrx_word' id='word_1_93' title='bbox 954 1583 1083 1623; x_wconf 90' lang='lat' dir='ltr'>non</span> <span class='ocrx_word' id='word_1_94' title='bbox 1142 1563 1276 1623; x_wconf 87' lang='lat' dir='ltr'>tam</span> <span class='ocrx_word' id='word_1_95' title='bbox 1325 1561 1663 1624; x_wconf 86' lang='lat' dir='ltr'>delendum</span> <span class='ocrx_word' id='word_1_96' title='bbox 1721 1583 1914 1643; x_wconf 87' lang='lat' dir='ltr'>quam</span> <span class='ocrx_word' id='word_1_97' title='bbox 1972 1562 2519 1643; x_wconf 78' lang='lat' dir='ltr'>transponendum</span> <span class='ocrx_word' id='word_1_98' title='bbox 2576 1585 2716 1625; x_wconf 73' lang='lat' dir='ltr'>esse</span> <span class='ocrx_word' id='word_1_99' title='bbox 2779 1586 2947 1627; x_wconf 87' lang='lat' dir='ltr'>nunc</span> 
     </span>
     <span class='ocr_line' id='line_1_13' title="bbox 660 1665 2951 1749; baseline 0.002 -21"><span class='ocrx_word' id='word_1_100' title='bbox 660 1665 969 1747; x_wconf 84' lang='lat' dir='ltr'>arbitror,</span> <span class='ocrx_word' id='word_1_101' title='bbox 1028 1670 1099 1729; x_wconf 90' lang='lat' dir='ltr'>ut</span> <span class='ocrx_word' id='word_1_102' title='bbox 1145 1665 1253 1730; x_wconf 92' lang='lat' dir='ltr'>hic</span> <span class='ocrx_word' id='word_1_103' title='bbox 1301 1666 1538 1730; x_wconf 83' lang='lat' dir='ltr'>existat</span> <span class='ocrx_word' id='word_1_104' title='bbox 1583 1668 1968 1731; x_wconf 77' lang='lat' dir='ltr'>uersiculus:</span> <span class='ocrx_word' id='word_1_105' title='bbox 2019 1669 2182 1747; x_wconf 78' lang='lat' dir='ltr'>quod</span> <span class='ocrx_word' id='word_1_106' title='bbox 2221 1668 2473 1749; x_wconf 68' lang='lat' dir='ltr'>fflae&#39;ter</span> <span class='ocrx_word' id='word_1_107' title='bbox 2525 1691 2713 1749; x_wconf 79' lang='lat' dir='ltr'>quam</span> <span class='ocrx_word' id='word_1_108' title='bbox 2769 1669 2951 1732; x_wconf 72' lang='lat' dir='ltr'>mihi</span> 
     </span>
     <span class='ocr_line' id='line_1_14' title="bbox 656 1770 2053 1860; baseline 0.001 -26"><span class='ocrx_word' id='word_1_109' title='bbox 656 1772 873 1835; x_wconf 47' lang='lat' dir='ltr'>‘uellem</span> <span class='ocrx_word' id='word_1_110' title='bbox 918 1773 1257 1835; x_wconf 76' lang='lat' dir='ltr'>audibam</span> <span class='ocrx_word' id='word_1_111' title='bbox 1301 1772 1410 1836; x_wconf 80' lang='lat' dir='ltr'>hoc</span> <span class='ocrx_word' id='word_1_112' title='bbox 1455 1770 1533 1857; x_wconf 79' lang='lat' dir='ltr'>(s,</span> <span class='ocrx_word' id='word_1_113' title='bbox 1580 1772 1750 1860; x_wconf 64' lang='lat' dir='ltr'>haec)</span> <span class='ocrx_word' id='word_1_114' title='bbox 1798 1775 2053 1838; x_wconf 73' lang='lat' dir='ltr'>eminus,</span> 
     </span>
    </p>
   </div>
   <div class='ocr_carea' id='block_1_3' title="bbox 656 1881 2949 2633">
    <p class='ocr_par' dir='ltr' id='par_1_4' title="bbox 659 1881 2949 2100">
     <span class='ocr_line' id='line_1_15' title="bbox 838 1881 2949 1980; baseline 0.001 -22"><span class='ocrx_word' id='word_1_115' title='bbox 838 1897 963 1960; x_wconf 87' lang='lat' dir='ltr'>Pro</span> <span class='ocrx_word' id='word_1_116' title='bbox 1003 1895 1379 1961; x_wconf 76' lang='lat' dir='ltr'>Commotria</span> <span class='ocrx_word' id='word_1_117' title='bbox 1419 1898 1588 1980; x_wconf 87' lang='lat' dir='ltr'>apud</span> <span class='ocrx_word' id='word_1_118' title='bbox 1617 1881 1980 1961; x_wconf 79' lang='lat' dir='ltr'>Varronem</span> <span class='ocrx_word' id='word_1_119' title='bbox 2009 1897 2322 1963; x_wconf 70' lang='lat' dir='ltr'>Demetrio</span> <span class='ocrx_word' id='word_1_120' title='bbox 2360 1899 2771 1963; x_wconf 78' lang='lat' dir='ltr'>scribendum</span> <span class='ocrx_word' id='word_1_121' title='bbox 2811 1922 2949 1961; x_wconf 75' lang='lat' dir='ltr'>esse</span> 
     </span>
     <span class='ocr_line' id='line_1_16' title="bbox 659 2002 2257 2100; baseline 0.003 -36"><span class='ocrx_word' id='word_1_122' title='bbox 659 2002 1190 2100; x_wconf 58' lang='lat' dir='ltr'>inprobabiliter3</span> <span class='ocrx_word' id='word_1_123' title='bbox 1237 2006 1312 2066; x_wconf 90' lang='lat' dir='ltr'>ut</span> <span class='ocrx_word' id='word_1_124' title='bbox 1357 2003 1550 2084; x_wconf 78' lang='lat' dir='ltr'>solet,</span> <span class='ocrx_word' id='word_1_125' title='bbox 1599 2003 1876 2066; x_wconf 83' lang='lat' dir='ltr'>coniecit</span> <span class='ocrx_word' id='word_1_126' title='bbox 1920 2003 2257 2069; x_wconf 84' lang='lat' dir='ltr'>Berchem.</span> 
     </span>
    </p>

    <p class='ocr_par' dir='ltr' id='par_1_5' title="bbox 656 2126 2949 2633">
     <span class='ocr_line' id='line_1_17' title="bbox 837 2126 2948 2211; baseline 0.001 -22"><span class='ocrx_word' id='word_1_127' title='bbox 837 2127 921 2189; x_wconf 78' lang='lat'>39</span> <span class='ocrx_word' id='word_1_128' title='bbox 962 2150 1052 2210; x_wconf 73' lang='lat' dir='ltr'>sq.</span> <span class='ocrx_word' id='word_1_129' title='bbox 1102 2126 1444 2191; x_wconf 75' lang='lat' dir='ltr'>Schiitzius</span> <span class='ocrx_word' id='word_1_130' title='bbox 1484 2127 1733 2210; x_wconf 86' lang='lat' dir='ltr'>ephem.</span> <span class='ocrx_word' id='word_1_131' title='bbox 1771 2149 1991 2211; x_wconf 86' lang='lat' dir='ltr'>gymn.</span> <span class='ocrx_word' id='word_1_132' title='bbox 2037 2128 2319 2192; x_wconf 87' lang='lat' dir='ltr'>Berolin.</span> <span class='ocrx_word' id='word_1_133' title='bbox 2366 2130 2529 2192; x_wconf 76' lang='lat'>1857</span> <span class='ocrx_word' id='word_1_134' title='bbox 2580 2151 2639 2211; x_wconf 91' lang='lat' dir='ltr'>p.</span> <span class='ocrx_word' id='word_1_135' title='bbox 2679 2130 2803 2192; x_wconf 90' lang='lat'>611</span> <span class='ocrx_word' id='word_1_136' title='bbox 2857 2129 2948 2193; x_wconf 85' lang='lat' dir='ltr'>sic</span> 
     </span>
     <span class='ocr_line' id='line_1_18' title="bbox 656 2232 2946 2318; baseline 0.002 -24"><span class='ocrx_word' id='word_1_137' title='bbox 656 2232 997 2315; x_wconf 79' lang='lat' dir='ltr'>transponi</span> <span class='ocrx_word' id='word_1_138' title='bbox 1044 2232 1237 2295; x_wconf 80' lang='lat' dir='ltr'>iussit</span> <span class='ocrx_word' id='word_1_139' title='bbox 1273 2232 1498 2295; x_wconf 82' lang='lat' dir='ltr'>verba:</span> <span class='ocrx_word' id='word_1_140' title='bbox 1545 2235 1637 2295; x_wconf 80' lang='lat' dir='ltr'>ita</span> <span class='ocrx_word' id='word_1_141' title='bbox 1680 2234 1800 2297; x_wconf 65' lang='lat' dir='ltr'>alit</span> <span class='ocrx_word' id='word_1_142' title='bbox 1833 2235 2157 2315; x_wconf 54' lang='lat' dir='ltr'>daps-iliter</span> <span class='ocrx_word' id='word_1_143' title='bbox 2198 2256 2341 2299; x_wconf 79' lang='lat' dir='ltr'>suos</span> <span class='ocrx_word' id='word_1_144' title='bbox 2374 2235 2395 2318; x_wconf 83' lang='grc' dir='ltr'>ΙΙ</span> <span class='ocrx_word' id='word_1_145' title='bbox 2429 2238 2673 2299; x_wconf 81' lang='lat' dir='ltr'>amicos.</span> <span class='ocrx_word' id='word_1_146' title='bbox 2733 2234 2946 2299; x_wconf 89' lang='lat' dir='ltr'>Probo</span> 
     </span>
     <span class='ocr_line' id='line_1_19' title="bbox 657 2338 2949 2422; baseline 0.002 -22"><span class='ocrx_word' id='word_1_147' title='bbox 657 2361 827 2401; x_wconf 87' lang='lat' dir='ltr'>nunc</span> <span class='ocrx_word' id='word_1_148' title='bbox 883 2338 1082 2401; x_wconf 87' lang='lat' dir='ltr'>Keilii</span> <span class='ocrx_word' id='word_1_149' title='bbox 1140 2360 1471 2420; x_wconf 71' lang='lat' dir='ltr'>numer08‚</span> <span class='ocrx_word' id='word_1_150' title='bbox 1536 2339 1645 2420; x_wconf 89' lang='lat' dir='ltr'>qui</span> <span class='ocrx_word' id='word_1_151' title='bbox 1704 2341 2143 2422; x_wconf 80' lang='lat' dir='ltr'>septenarium</span> <span class='ocrx_word' id='word_1_152' title='bbox 2203 2341 2556 2405; x_wconf 86' lang='lat' dir='ltr'>iambicum</span> <span class='ocrx_word' id='word_1_153' title='bbox 2618 2342 2949 2406; x_wconf 85' lang='lat' dir='ltr'>trochaico</span> 
     </span>
     <span class='ocr_line' id='line_1_20' title="bbox 657 2437 2948 2527; baseline 0.002 -21"><span class='ocrx_word' id='word_1_154' title='bbox 657 2437 845 2507; x_wconf 50' lang='lat' dir='ltr'>verbu</span> <span class='ocrx_word' id='word_1_155' title='bbox 903 2445 1112 2527; x_wconf 79' lang='lat' dir='ltr'>excipi</span> <span class='ocrx_word' id='word_1_156' title='bbox 1169 2445 1426 2525; x_wconf 81' lang='lat' dir='ltr'>statuit,</span> <span class='ocrx_word' id='word_1_157' title='bbox 1484 2445 1610 2507; x_wconf 79' lang='lat' dir='ltr'>nisi</span> <span class='ocrx_word' id='word_1_158' title='bbox 1668 2446 1840 2527; x_wconf 89' lang='lat' dir='ltr'>quod</span> <span class='ocrx_word' id='word_1_159' title='bbox 1900 2446 2159 2509; x_wconf 88' lang='lat' dir='ltr'>initium</span> <span class='ocrx_word' id='word_1_160' title='bbox 2223 2447 2508 2509; x_wconf 86' lang='lat' dir='ltr'>ordinari</span> <span class='ocrx_word' id='word_1_161' title='bbox 2571 2449 2665 2511; x_wconf 75' lang='lat' dir='ltr'>sic</span> <span class='ocrx_word' id='word_1_162' title='bbox 2728 2450 2948 2512; x_wconf 82' lang='lat' dir='ltr'>velim:</span> 
     </span>
     <span class='ocr_line' id='line_1_21' title="bbox 657 2550 2552 2633; baseline 0.002 -19"><span class='ocrx_word' id='word_1_163' title='bbox 657 2558 919 2616; x_wconf 69' lang='lat' dir='ltr'>meret-ur</span> <span class='ocrx_word' id='word_1_164' title='bbox 963 2552 1130 2616; x_wconf 62' lang='lat' dir='ltr'>‘dltro</span> <span class='ocrx_word' id='word_1_165' title='bbox 1176 2574 1366 2633; x_wconf 80' lang='lat' dir='ltr'>quam</span> <span class='ocrx_word' id='word_1_166' title='bbox 1411 2553 1482 2616; x_wconf 82' lang='lat' dir='ltr'>ob</span> <span class='ocrx_word' id='word_1_167' title='bbox 1527 2573 1655 2615; x_wconf 76' lang='lat' dir='ltr'>rem</span> <span class='ocrx_word' id='word_1_168' title='bbox 1699 2558 1972 2617; x_wconf 68' lang='lat' dir='ltr'>antetur:</span> <span class='ocrx_word' id='word_1_169' title='bbox 2020 2550 2147 2617; x_wconf 82' lang='lat' dir='ltr'>&#39;Ita</span> <span class='ocrx_word' id='word_1_170' title='bbox 2190 2555 2247 2617; x_wconf 78' lang='lat' dir='ltr'>d.</span> <span class='ocrx_word' id='word_1_171' title='bbox 2293 2575 2340 2618; x_wconf 81' lang='lat' dir='ltr'>s.</span> <span class='ocrx_word' id='word_1_172' title='bbox 2387 2576 2446 2617; x_wconf 89' lang='grc' dir='ltr'>α.</span> <span class='ocrx_word' id='word_1_173' title='bbox 2492 2577 2552 2631; x_wconf 80' lang='grc' dir='ltr'>α.</span> 
     </span>
    </p>
   </div>
   <div class='ocr_carea' id='block_1_4' title="bbox 573 2676 3018 3908">
    <p class='ocr_par' dir='ltr' id='par_1_6' title="bbox 573 2676 3018 3908">
     <span class='ocr_line' id='line_1_22' title="bbox 834 2676 2948 2762; baseline 0.002 -24"><span class='ocrx_word' id='word_1_174' title='bbox 834 2677 938 2738; x_wconf 80' lang='grc'>41.</span> <span class='ocrx_word' id='word_1_175' title='bbox 1002 2676 1347 2740; x_wconf 82' lang='lat' dir='ltr'>Invocatus</span> <span class='ocrx_word' id='word_1_176' title='bbox 1408 2677 1559 2740; x_wconf 88' lang='lat' dir='ltr'>dum</span> <span class='ocrx_word' id='word_1_177' title='bbox 1621 2699 1688 2739; x_wconf 81' lang='lat' dir='ltr'>se</span> <span class='ocrx_word' id='word_1_178' title='bbox 1750 2677 2073 2741; x_wconf 87' lang='lat' dir='ltr'>convertit</span> <span class='ocrx_word' id='word_1_179' title='bbox 2130 2679 2210 2742; x_wconf 90' lang='lat' dir='ltr'>ad</span> <span class='ocrx_word' id='word_1_180' title='bbox 2277 2679 2670 2743; x_wconf 83' lang='lat' dir='ltr'>salutantem</span> <span class='ocrx_word' id='word_1_181' title='bbox 2732 2680 2948 2762; x_wconf 89' lang='lat' dir='ltr'>inpro-</span> 
     </span>
     <span class='ocr_line' id='line_1_23' title="bbox 658 2782 2950 2866; baseline 0.001 -20"><span class='ocrx_word' id='word_1_182' title='bbox 658 2783 996 2866; x_wconf 79' lang='lat' dir='ltr'>visumque</span> <span class='ocrx_word' id='word_1_183' title='bbox 1046 2782 1362 2865; x_wconf 82' lang='lat' dir='ltr'>agnoscit,</span> <span class='ocrx_word' id='word_1_184' title='bbox 1410 2785 1603 2846; x_wconf 73' lang='lat' dir='ltr'>‘attat</span> <span class='ocrx_word' id='word_1_185' title='bbox 1645 2786 1903 2846; x_wconf 66' lang='lat' dir='ltr'>attatae’</span> <span class='ocrx_word' id='word_1_186' title='bbox 1957 2784 2306 2861; x_wconf 81' lang='lat' dir='ltr'>exclamat:</span> <span class='ocrx_word' id='word_1_187' title='bbox 2347 2807 2503 2848; x_wconf 89' lang='lat' dir='ltr'>nam</span> <span class='ocrx_word' id='word_1_188' title='bbox 2550 2787 2768 2849; x_wconf 84' lang='lat' dir='ltr'>subito</span> <span class='ocrx_word' id='word_1_189' title='bbox 2816 2787 2950 2848; x_wconf 84' lang='lat' dir='ltr'>ani-</span> 
     </span>
     <span class='ocr_line' id='line_1_24' title="bbox 660 2888 2949 2975; baseline 0 -23"><span class='ocrx_word' id='word_1_190' title='bbox 660 2912 834 2952; x_wconf 90' lang='lat' dir='ltr'>mum</span> <span class='ocrx_word' id='word_1_191' title='bbox 895 2889 1290 2952; x_wconf 80' lang='lat' dir='ltr'>advertentis</span> <span class='ocrx_word' id='word_1_192' title='bbox 1349 2888 1446 2951; x_wconf 88' lang='lat' dir='ltr'>vel</span> <span class='ocrx_word' id='word_1_193' title='bbox 1495 2888 1936 2973; x_wconf 80' lang='lat' dir='ltr'>intellegentis</span> <span class='ocrx_word' id='word_1_194' title='bbox 1983 2890 2084 2952; x_wconf 83' lang='lat' dir='ltr'>vel</span> <span class='ocrx_word' id='word_1_195' title='bbox 2134 2891 2546 2975; x_wconf 79' lang='lat' dir='ltr'>agnoscentis</span> <span class='ocrx_word' id='word_1_196' title='bbox 2606 2892 2704 2954; x_wconf 85' lang='lat' dir='ltr'>vel</span> <span class='ocrx_word' id='word_1_197' title='bbox 2752 2892 2949 2954; x_wconf 87' lang='lat' dir='ltr'>etiam</span> 
     </span>
     <span class='ocr_line' id='line_1_25' title="bbox 599 2993 2952 3081; baseline 0 -24"><span class='ocrx_word' id='word_1_198' title='bbox 599 3036 602 3040; x_wconf 84' lang='lat'><strong>·</strong></span> <span class='ocrx_word' id='word_1_199' title='bbox 659 2993 1068 3057; x_wconf 84' lang='lat' dir='ltr'>admonentis</span> <span class='ocrx_word' id='word_1_200' title='bbox 1126 3016 1266 3056; x_wconf 78' lang='lat' dir='ltr'>esse</span> <span class='ocrx_word' id='word_1_201' title='bbox 1326 2994 1842 3059; x_wconf 84' lang='lat' dir='ltr'>interiectionem</span> <span class='ocrx_word' id='word_1_202' title='bbox 1880 2993 2238 3060; x_wconf 70' lang='lat' dir='ltr'>’declarant</span> <span class='ocrx_word' id='word_1_203' title='bbox 2298 2997 2595 3081; x_wconf 87' lang='lat' dir='ltr'>exempla</span> <span class='ocrx_word' id='word_1_204' title='bbox 2649 2996 2952 3060; x_wconf 87' lang='lat' dir='ltr'>Plautina</span> 
     </span>
     <span class='ocr_line' id='line_1_26' title="bbox 658 3098 2949 3188; baseline 0.002 -27"><span class='ocrx_word' id='word_1_205' title='bbox 658 3098 851 3162; x_wconf 90' lang='lat' dir='ltr'>Merc.</span> <span class='ocrx_word' id='word_1_206' title='bbox 900 3099 1030 3162; x_wconf 80' lang='lat'>365</span> <span class='ocrx_word' id='word_1_207' title='bbox 1087 3102 1396 3181; x_wconf 79' lang='lat' dir='ltr'>‘att-atae,</span> <span class='ocrx_word' id='word_1_208' title='bbox 1454 3099 1647 3162; x_wconf 64' lang='lat' dir='ltr'>Pater</span> <span class='ocrx_word' id='word_1_209' title='bbox 1703 3100 1810 3164; x_wconf 90' lang='lat' dir='ltr'>hic</span> <span class='ocrx_word' id='word_1_210' title='bbox 1867 3102 2124 3184; x_wconf 87' lang='lat' dir='ltr'>quidem</span> <span class='ocrx_word' id='word_1_211' title='bbox 2182 3106 2395 3166; x_wconf 81' lang='lat' dir='ltr'>meust</span> <span class='ocrx_word' id='word_1_212' title='bbox 2449 3126 2639 3187; x_wconf 87' lang='lat' dir='ltr'>quem</span> <span class='ocrx_word' id='word_1_213' title='bbox 2702 3103 2949 3188; x_wconf 81' lang='lat' dir='ltr'>video’3</span> 
     </span>
     <span class='ocr_line' id='line_1_27' title="bbox 656 3204 3018 3293; baseline 0.002 -25"><span class='ocrx_word' id='word_1_214' title='bbox 656 3205 845 3287; x_wconf 86' lang='lat' dir='ltr'>Epid.</span> <span class='ocrx_word' id='word_1_215' title='bbox 894 3205 1023 3268; x_wconf 84' lang='lat'>446</span> <span class='ocrx_word' id='word_1_216' title='bbox 1086 3207 1392 3269; x_wconf 75' lang='lat' dir='ltr'>‘attatael</span> <span class='ocrx_word' id='word_1_217' title='bbox 1453 3204 1643 3270; x_wconf 88' lang='lat' dir='ltr'>Nunc</span> <span class='ocrx_word' id='word_1_218' title='bbox 1704 3206 1962 3278; x_wconf 76' lang='lat' dir='ltr'>demum</span> <span class='ocrx_word' id='word_1_219' title='bbox 2024 3209 2158 3272; x_wconf 79' lang='lat' dir='ltr'>scio</span> <span class='ocrx_word' id='word_1_220' title='bbox 2221 3230 2341 3293; x_wconf 85' lang='lat' dir='ltr'>ego</span> <span class='ocrx_word' id='word_1_221' title='bbox 2401 3209 2572 3273; x_wconf 85' lang='lat' dir='ltr'>hunc</span> <span class='ocrx_word' id='word_1_222' title='bbox 2633 3210 2741 3292; x_wconf 86' lang='lat' dir='ltr'>qui</span> <span class='ocrx_word' id='word_1_223' title='bbox 2803 3210 2948 3292; x_wconf 80' lang='lat' dir='ltr'>sit’3</span> <span class='ocrx_word' id='word_1_224' title='bbox 2999 3208 3018 3219; x_wconf 77' lang='lat'><strong><em>‘</em></strong></span> 
     </span>
     <span class='ocr_line' id='line_1_28' title="bbox 659 3309 2950 3397; baseline 0.001 -23"><span class='ocrx_word' id='word_1_225' title='bbox 659 3309 875 3374; x_wconf 76' lang='lat' dir='ltr'>Oasin.</span> <span class='ocrx_word' id='word_1_226' title='bbox 924 3312 1055 3375; x_wconf 83' lang='lat'>364</span> <span class='ocrx_word' id='word_1_227' title='bbox 1112 3313 1423 3375; x_wconf 78' lang='lat' dir='ltr'>‘attatael</span> <span class='ocrx_word' id='word_1_228' title='bbox 1479 3310 1669 3376; x_wconf 88' lang='lat' dir='ltr'>Nunc</span> <span class='ocrx_word' id='word_1_229' title='bbox 1723 3313 1834 3395; x_wconf 76' lang='lat' dir='ltr'>pol</span> <span class='ocrx_word' id='word_1_230' title='bbox 1883 3334 2003 3397; x_wconf 85' lang='lat' dir='ltr'>ego</span> <span class='ocrx_word' id='word_1_231' title='bbox 2058 3315 2318 3379; x_wconf 85' lang='lat' dir='ltr'>demum</span> <span class='ocrx_word' id='word_1_232' title='bbox 2372 3316 2439 3379; x_wconf 92' lang='lat' dir='ltr'>in</span> <span class='ocrx_word' id='word_1_233' title='bbox 2496 3319 2738 3378; x_wconf 84' lang='lat' dir='ltr'>rectam</span> <span class='ocrx_word' id='word_1_234' title='bbox 2787 3313 2950 3377; x_wconf 90' lang='lat' dir='ltr'>redii</span> 
     </span>
     <span class='ocr_line' id='line_1_29' title="bbox 573 3409 2948 3503; baseline 0.001 -24"><span class='ocrx_word' id='word_1_235' title='bbox 573 3409 578 3414; x_wconf 46' lang='lat'>⁵</span> <span class='ocrx_word' id='word_1_236' title='bbox 657 3417 1012 3500; x_wconf 81' lang='lat' dir='ltr'>semitam&#39;3</span> <span class='ocrx_word' id='word_1_237' title='bbox 1060 3418 1242 3481; x_wconf 85' lang='lat' dir='ltr'>Asin.</span> <span class='ocrx_word' id='word_1_238' title='bbox 1269 3419 1426 3501; x_wconf 77' lang='lat'>5883</span> <span class='ocrx_word' id='word_1_239' title='bbox 1475 3418 1614 3482; x_wconf 84' lang='lat' dir='ltr'>Ter.</span> <span class='ocrx_word' id='word_1_240' title='bbox 1652 3419 1852 3483; x_wconf 82' lang='lat' dir='ltr'>Andr.</span> <span class='ocrx_word' id='word_1_241' title='bbox 1899 3421 2023 3484; x_wconf 12' lang='lat'>1⁷25</span> <span class='ocrx_word' id='word_1_242' title='bbox 2060 3420 2417 3503; x_wconf 69' lang='lat' dir='ltr'>‘percussit</span> <span class='ocrx_word' id='word_1_243' title='bbox 2451 3420 2603 3484; x_wconf 87' lang='lat' dir='ltr'>ilico</span> <span class='ocrx_word' id='word_1_244' title='bbox 2644 3420 2948 3483; x_wconf 77' lang='lat' dir='ltr'>animum.</span> 
     </span>
     <span class='ocr_line' id='line_1_30' title="bbox 658 3523 2947 3606; baseline 0.001 -20"><span class='ocrx_word' id='word_1_245' title='bbox 658 3525 851 3586; x_wconf 81' lang='lat' dir='ltr'>attat!</span> <span class='ocrx_word' id='word_1_246' title='bbox 899 3523 1022 3587; x_wconf 72' lang='lat' dir='ltr'>hoc</span> <span class='ocrx_word' id='word_1_247' title='bbox 1062 3523 1219 3587; x_wconf 90' lang='lat' dir='ltr'>illud</span> <span class='ocrx_word' id='word_1_248' title='bbox 1270 3527 1420 3588; x_wconf 81' lang='lat' dir='ltr'>est’.</span> <span class='ocrx_word' id='word_1_249' title='bbox 1478 3525 1722 3588; x_wconf 75' lang='lat' dir='ltr'>similia</span> <span class='ocrx_word' id='word_1_250' title='bbox 1762 3527 1906 3589; x_wconf 87' lang='lat' dir='ltr'>alia.</span> <span class='ocrx_word' id='word_1_251' title='bbox 1967 3525 2166 3589; x_wconf 86' lang='lat' dir='ltr'>Paulo</span> <span class='ocrx_word' id='word_1_252' title='bbox 2206 3526 2422 3589; x_wconf 87' lang='lat' dir='ltr'>differt</span> <span class='ocrx_word' id='word_1_253' title='bbox 2459 3524 2673 3588; x_wconf 82' lang='lat' dir='ltr'>Oasin.</span> <span class='ocrx_word' id='word_1_254' title='bbox 2721 3527 2947 3606; x_wconf 19' lang='lat' dir='ltr'><strong>v.1424</strong></span> 
     </span>
     <span class='ocr_line' id='line_1_31' title="bbox 657 3631 2949 3696; baseline 0 -3"><span class='ocrx_word' id='word_1_255' title='bbox 657 3632 969 3693; x_wconf 76' lang='lat' dir='ltr'>‘attatael</span> <span class='ocrx_word' id='word_1_256' title='bbox 1020 3631 1383 3694; x_wconf 80' lang='lat' dir='ltr'>caedundus</span> <span class='ocrx_word' id='word_1_257' title='bbox 1415 3635 1486 3694; x_wconf 90' lang='lat' dir='ltr'>tu</span> <span class='ocrx_word' id='word_1_258' title='bbox 1514 3632 1712 3696; x_wconf 86' lang='lat' dir='ltr'>homo</span> <span class='ocrx_word' id='word_1_259' title='bbox 1744 3653 1838 3695; x_wconf 82' lang='lat' dir='ltr'>es:</span> <span class='ocrx_word' id='word_1_260' title='bbox 1876 3631 2112 3694; x_wconf 82' lang='lat' dir='ltr'>nimias</span> <span class='ocrx_word' id='word_1_261' title='bbox 2142 3631 2408 3694; x_wconf 83' lang='lat' dir='ltr'>delicias</span> <span class='ocrx_word' id='word_1_262' title='bbox 2437 3631 2654 3695; x_wconf 82' lang='lat' dir='ltr'>facis’.</span> <span class='ocrx_word' id='word_1_263' title='bbox 2710 3631 2949 3695; x_wconf 83' lang='lat' dir='ltr'>Ebrius</span> 
     </span>
     <span class='ocr_line' id='line_1_32' title="bbox 658 3736 2951 3818; baseline 0.002 -20"><span class='ocrx_word' id='word_1_264' title='bbox 658 3739 731 3799; x_wconf 91' lang='lat' dir='ltr'>ut</span> <span class='ocrx_word' id='word_1_265' title='bbox 797 3740 1027 3799; x_wconf 82' lang='lat' dir='ltr'>caveat</span> <span class='ocrx_word' id='word_1_266' title='bbox 1087 3742 1386 3801; x_wconf 88' lang='lat' dir='ltr'>monetur</span> <span class='ocrx_word' id='word_1_267' title='bbox 1432 3737 1666 3802; x_wconf 84' lang='lat' dir='ltr'>Naevii</span> <span class='ocrx_word' id='word_1_268' title='bbox 1716 3760 1771 3800; x_wconf 85' lang='lat' dir='ltr'>v.</span> <span class='ocrx_word' id='word_1_269' title='bbox 1822 3740 1922 3801; x_wconf 75' lang='lat'>82.</span> <span class='ocrx_word' id='word_1_270' title='bbox 1994 3737 2186 3818; x_wconf 84' lang='lat' dir='ltr'>Apud</span> <span class='ocrx_word' id='word_1_271' title='bbox 2250 3736 2531 3802; x_wconf 80' lang='lat' dir='ltr'>Graecos</span> <span class='ocrx_word' id='word_1_272' title='bbox 2592 3737 2951 3802; x_wconf 86' lang='lat' dir='ltr'>dolentium</span> 
     </span>
     <span class='ocr_line' id='line_1_33' title="bbox 658 3836 1626 3908; baseline 0 -2"><span class='ocrx_word' id='word_1_273' title='bbox 658 3866 799 3906; x_wconf 79' lang='lat' dir='ltr'>esse</span> <span class='ocrx_word' id='word_1_274' title='bbox 848 3836 1122 3907; x_wconf 81' lang='grc' dir='ltr'><strong><em>ἀτταταῖ</em></strong></span> <span class='ocrx_word' id='word_1_275' title='bbox 1161 3866 1352 3907; x_wconf 88' lang='lat' dir='ltr'>nemo</span> <span class='ocrx_word' id='word_1_276' title='bbox 1400 3845 1626 3908; x_wconf 83' lang='lat' dir='ltr'>nescit.</span> 
     </span>
    </p>
   </div>
   <div class='ocr_carea' id='block_1_5' title="bbox 656 3944 2952 4263">
    <p class='ocr_par' dir='ltr' id='par_1_7' title="bbox 656 3944 2952 4263">
     <span class='ocr_line' id='line_1_34' title="bbox 835 3944 2952 4051; baseline 0 -21"><span class='ocrx_word' id='word_1_277' title='bbox 835 3968 922 4031; x_wconf 82' lang='lat'>50</span> <span class='ocrx_word' id='word_1_278' title='bbox 960 3990 1053 4051; x_wconf 88' lang='lat' dir='ltr'>sq.</span> <span class='ocrx_word' id='word_1_279' title='bbox 1098 3966 1324 4051; x_wconf 87' lang='lat' dir='ltr'>Neque</span> <span class='ocrx_word' id='word_1_280' title='bbox 1365 3972 1665 4031; x_wconf 81' lang='lat' dir='ltr'>accentus</span> <span class='ocrx_word' id='word_1_281' title='bbox 1713 3968 2061 4050; x_wconf 85' lang='lat' dir='ltr'>placebant</span> <span class='ocrx_word' id='word_1_282' title='bbox 2097 3990 2214 4032; x_wconf 90' lang='lat' dir='ltr'>nec</span> <span class='ocrx_word' id='word_1_283' title='bbox 2262 3944 2586 4032; x_wconf 83' lang='lat' dir='ltr'>sententia</span> <span class='ocrx_word' id='word_1_284' title='bbox 2631 3969 2699 4032; x_wconf 91' lang='lat' dir='ltr'>in</span> <span class='ocrx_word' id='word_1_285' title='bbox 2748 3971 2952 4051; x_wconf 85' lang='lat' dir='ltr'>septe-</span> 
     </span>
     <span class='ocr_line' id='line_1_35' title="bbox 656 4074 1037 4140; baseline 0 -2"><span class='ocrx_word' id='word_1_286' title='bbox 656 4074 842 4138; x_wconf 87' lang='lat' dir='ltr'>nario</span> <span class='ocrx_word' id='word_1_287' title='bbox 891 4074 1037 4140; x_wconf 80' lang='lat' dir='ltr'>tali:</span> 
     </span>
     <span class='ocr_line' id='line_1_36' title="bbox 881 4178 2730 4263; baseline -0.002 -19"><span class='ocrx_word' id='word_1_288' title='bbox 881 4182 1008 4263; x_wconf 87' lang='lat' dir='ltr'>qu6</span> <span class='ocrx_word' id='word_1_289' title='bbox 1055 4180 1132 4244; x_wconf 87' lang='lat' dir='ltr'>de</span> <span class='ocrx_word' id='word_1_290' title='bbox 1182 4179 1454 4262; x_wconf 79' lang='lat' dir='ltr'>opsonio</span> <span class='ocrx_word' id='word_1_291' title='bbox 1505 4178 1658 4243; x_wconf 83' lang='lat' dir='ltr'>stilo</span> <span class='ocrx_word' id='word_1_292' title='bbox 1708 4178 1870 4242; x_wconf 91' lang='lat' dir='ltr'>mihi</span> <span class='ocrx_word' id='word_1_293' title='bbox 1918 4179 1986 4243; x_wconf 84' lang='lat' dir='ltr'>in</span> <span class='ocrx_word' id='word_1_294' title='bbox 2034 4204 2296 4244; x_wconf 90' lang='lat' dir='ltr'>manum</span> <span class='ocrx_word' id='word_1_295' title='bbox 2343 4178 2671 4263; x_wconf 82' lang='lat' dir='ltr'>pupugit.</span> <span class='ocrx_word' id='word_1_296' title='bbox 2713 4228 2730 4263; x_wconf 83' lang='grc'><strong>.</strong></span> 
     </span>
    </p>
   </div>
   <div class='ocr_carea' id='block_1_6' title="bbox 659 4300 2951 4390">
    <p class='ocr_par' dir='ltr' id='par_1_8' title="bbox 659 4300 2951 4390">
     <span class='ocr_line' id='line_1_37' title="bbox 659 4300 2951 4390; baseline -0.003 -22"><span class='ocrx_word' id='word_1_297' title='bbox 659 4305 767 4368; x_wconf 82' lang='lat' dir='ltr'>sed</span> <span class='ocrx_word' id='word_1_298' title='bbox 815 4304 1130 4389; x_wconf 85' lang='lat' dir='ltr'>languent</span> <span class='ocrx_word' id='word_1_299' title='bbox 1176 4304 1380 4368; x_wconf 87' lang='lat' dir='ltr'>etiam</span> <span class='ocrx_word' id='word_1_300' title='bbox 1418 4325 1581 4388; x_wconf 88' lang='lat' dir='ltr'>quae</span> <span class='ocrx_word' id='word_1_301' title='bbox 1629 4304 1908 4390; x_wconf 23' lang='lat' dir='ltr'>inserui:-</span> <span class='ocrx_word' id='word_1_302' title='bbox 1948 4304 2168 4389; x_wconf 87' lang='lat' dir='ltr'>itaque</span> <span class='ocrx_word' id='word_1_303' title='bbox 2219 4307 2372 4388; x_wconf 83' lang='lat' dir='ltr'>post</span> <span class='ocrx_word' id='word_1_304' title='bbox 2406 4301 2751 4385; x_wconf 77' lang='lat' dir='ltr'>Glaucoma-</span> <span class='ocrx_word' id='word_1_305' title='bbox 2797 4300 2951 4363; x_wconf 91' lang='lat' dir='ltr'>titu-</span> 
     </span>
    </p>
   </div>
  </div>
 </body>
</html>
