3400 5075
682 279 884 334 LXXX
1560 272 2090 329 COROLLARIVM

683 442 1118 548 QuatQOUem
1181 440 1447 503 innuere
1506 437 1775 502 videtur.
1867 435 2065 500 Plura
2121 434 2292 517 apud
2341 433 2624 497 Novium
2689 439 2840 497 sunt
2885 457 2979 497 re-

682 552 885 634 liqua:
951 550 1009 612 6.
1070 549 1125 611 7.
1172 546 1277 611 23.
1324 544 1428 608 95.
1485 545 1587 608 97.
1642 542 2038 624 115—117,
2101 544 2168 603 et
2230 541 2443 603 latent
2503 541 2783 605 fortasse
2851 540 2982 604 alia

681 656 954 720 dicteria
1000 655 1067 718 in
1113 651 1430 715 frustulis.

864 764 944 827 18
1002 759 1167 825 Cum
1214 757 1421 822 tauris
1470 754 1957 820 dimicationem
2006 752 2356 818 Caesarem
2411 753 2695 836 primum
2750 753 2821 817 in
2864 755 2976 817 tri-

683 868 942 954 umphis
991 889 1160 931 anno
1193 866 1316 928 7Ο7
1368 863 1714 927 celebratis
1761 862 2037 926 edidisse
2085 861 2300 924 minus
2346 864 2646 923 accurate
2693 864 2980 942 narrant,

684 1000 829 1042 cum
877 974 1127 1038 Plinius
1174 995 1233 1034 n.
1264 971 1325 1033 h.
1358 969 1514 1032 VIII
1560 968 1827 1051 45,182
1875 968 1999 1032 hoc
2046 970 2301 1030 tantum
2349 970 2642 1048 testetur,
2691 967 2773 1029 ab
2804 967 2976 1049 equi-

682 1084 860 1147 tibus
906 1083 1284 1145 necatorum
1331 1080 1668 1140 taurorum
1717 1074 2159 1156 spectaculum
2207 1073 2491 1155 primum
2538 1072 2790 1135 dedisse
2820 1070 2976 1136 Cae-

686 1210 924 1270 sarem,
988 1186 1096 1271 qui
1153 1185 1223 1248 in
1278 1180 1702 1266 Hispaniensi
1766 1180 1833 1243 ni
1894 1179 2091 1244 fallor
2152 1177 2486 1261 triumpho
2533 1177 2979 1261 Hispanorum

682 1296 1056 1360 institutum
1101 1290 1442 1355 transtulit
1484 1288 1555 1352 in
1602 1309 1868 1350 arenam
1912 1286 2295 1349 Romanam.
2353 1282 2529 1359 Quae
2561 1288 2778 1347 autem
2808 1286 2978 1368 apud

681 1399 1117 1483 Pomponium
1170 1396 1459 1480 loquitur
1513 1393 1896 1457 muliercula
1950 1391 2222 1474 Eppiae,
2268 1413 2464 1473 quam
2508 1389 2835 1453 Iuvenalis
2883 1390 2977 1454 VI

687 1511 766 1573 81
828 1504 981 1592 (161
1034 1503 1136 1591 R.)
1185 1525 1320 1586 sqq.
1374 1500 1649 1580 notavit,
1694 1498 1930 1561 similis
1977 1496 2374 1580 gladiatores
2423 1518 2567 1558 cum
2613 1496 2682 1559 in
2729 1496 2979 1559 deliciis

684 1615 971 1695 haberet,
1018 1613 1086 1674 in
1131 1611 1277 1692 ipso
1325 1606 1697 1691 spectaculo
1748 1626 1966 1669 amore
2012 1623 2387 1685 percussam
2435 1624 2502 1663 se
2551 1623 2689 1665 esse
2734 1606 2977 1666 narrat.

862 1721 949 1784 22
1002 1715 1228 1799 myas?
1273 1710 1860 1796 interrogationem
1907 1713 1972 1772 et
2025 1730 2450 1792 personarum
2499 1708 2671 1772 vices
2719 1709 2977 1772 easdem

685 1829 848 1895 conl.
878 1824 1164 1890 Andriae
1194 1845 1252 1885 v.
1280 1820 1409 1884 909
1459 1818 1659 1881 etiam
1709 1816 2029 1901 Georgius
2077 1815 2316 1879 Kaibel
2361 1815 2431 1878 in
2476 1814 2648 1877 thesi
2693 1814 2758 1878 Π
2806 1837 2977 1880 com-

685 1933 1017 2000 mendavit
1074 1949 1324 2009 earum,
1371 1947 1530 2009 quas
1588 1946 1758 1988 anno
1819 1924 1986 1986 1871
2055 1922 2123 1985 in
2187 1921 2609 1985 universitate
2663 1920 2980 1985 Rhenana

685 2040 945 2126 publice
990 2034 1294 2100 defendit.
1351 2030 1448 2095 Cf.
1487 2035 1827 2114 praeterea
1875 2028 2173 2110 exempla
2219 2050 2259 2089 a
2284 2025 2600 2091 Lorenzio
2647 2027 2717 2090 in
2746 2026 2978 2092 Philol.

684 2146 871 2212 XXX
914 2168 976 2229 p.
1006 2143 1132 2207 607
1183 2139 1472 2204 collecta.

864 2253 944 2316 27
998 2249 1232 2314 Verius
1280 2268 1420 2310 esse
1454 2244 1807 2327 publicium,
1855 2241 1967 2305 ubi
2014 2240 2276 2324 publico
2324 2242 2588 2323 sumptu
2633 2240 2776 2302 fieri
2822 2241 2988 2324 quid-

686 2359 952 2440 dicitur,
1026 2377 1223 2439 quam
1289 2348 1708 2436 ‘publiciter'
1773 2352 2034 2431 praeter
2108 2346 2329 2409 adlata
2395 2346 2478 2409 ab
2552 2346 2697 2430 ipso
2759 2345 2977 2411 Nonio

686 2463 982 2548 exempla
1025 2460 1263 2526 Lucilii
1310 2458 1484 2521 ‘huic
1530 2455 1781 2520 homini
1826 2456 2169 2539 quaestore
2217 2453 2437 2536 aliquo
2487 2473 2626 2515 esse
2673 2474 2836 2535 opus
2883 2455 2978 2515 at-

686 2596 808 2658 que
854 2572 1161 2654 chorago,
1206 2566 1552 2630 Publicitus
1597 2562 1708 2646 qui
1755 2562 1846 2625 mi
1895 2565 2086 2644 atque
2125 2582 2159 2623 e
2192 2560 2350 2624 fisco
2385 2560 2683 2642 praebeat
2725 2557 2976 2623 aurum'

688 2684 753 2744 et
790 2678 1007 2743 Plauti
1044 2674 1371 2757 Amphitr.
1408 2672 1532 2735 162
1580 2669 1930 2751 ‘publicitus
1976 2687 2098 2750 ego
2145 2665 2436 2749 hospitio
2482 2663 2777 2746 acczpiar'
2827 2665 2975 2729 aliis

687 2786 884 2850 etiam
934 2783 1266 2866 probatur,
1313 2780 1491 2842 velut
1517 2775 1847 2858 Amphitr.
1882 2773 2047 2837 1027
2100 2771 2207 2836 ‘an
2242 2772 2403 2837 foris
2434 2772 2741 2836 censebas
2786 2771 2978 2835 nobis

676 2893 1010 2976 publicitus
1046 2883 1503 2970 praehiberier',
1549 2887 1616 2946 et
1658 2881 1887 2946 Titinii
1933 2903 1991 2944 v.
2025 2879 2168 2943 123.
2234 2877 2537 2942 ‘Publica
2584 2899 2738 2940 cura
2784 2879 2977 2959 atque

687 2995 1002 3078 consilio',
1048 2999 1122 3058 ut
1164 2993 1631 3075 interpretatur
1674 2988 1974 3053 Donatus
2023 2985 2103 3048 ad
2149 2984 2289 3047 Ter.
2319 2984 2578 3049 Phorm.
2607 2984 2759 3066 978,
2802 2982 2975 3047 idem

688 3105 1016 3191 significat
1059 3101 1176 3165 illo
1223 3100 1367 3182 ipso
1413 3098 1576 3180 loco,
1621 3096 1692 3160 in
1736 3094 1951 3174 Plauti
2001 3090 2237 3155 Bacch.
2281 3091 2411 3153 312
2467 3090 2669 3153 Persa
2715 3089 2864 3172 509,
2909 3090 2980 3153 in

685 3209 1043 3277 Luciliam‘s
1091 3204 1476 3289 ‘publicitus
1531 3202 1758 3266 vendis
1811 3204 2034 3264 tamen
2095 3201 2287 3280 atque
2334 3200 2624 3260 extrema
2668 3193 2978 3280 ligurris’,

689 3319 857 3403 apud
907 3314 1264 3380 Caecilium
1310 3334 1368 3375 v.
1420 3309 1564 3373 185.

864 3421 983 3486 41¹
1035 3419 1437 3484 Sententiam
1483 3403 1962 3498 praemittendo
2003 3412 2321 3476 versiculo
2369 3411 2487 3474 tali
2536 3408 2664 3473 ‘hic
2708 3407 2979 3492 negavit

688 3534 754 3596 se
810 3532 1151 3595 ducturum
1203 3523 1331 3589 nisi
1388 3546 1533 3587 cum
1580 3522 1729 3585 dote
1777 3517 2067 3583 mulieri’
2123 3517 2457 3581 inlustrari
2509 3516 2647 3579 vult
2689 3512 2976 3578 Bueche-

685 3639 885 3702 lerus:
943 3657 1064 3719 ego
1118 3656 1252 3697 non
1306 3633 1384 3694 de
1439 3628 1765 3693 ducendae
1823 3625 2041 3690 uxoris
2051 3675 2069 3708 ,
2125 3624 2238 3687 sed
2284 3624 2361 3688 de
2407 3622 2734 3706 parandae
2781 3641 2977 3683 cenae

688 3741 1174 3810 condicionibus
1221 3739 1422 3802 verba
1466 3735 1608 3799 fieri
1654 3736 1833 3817 puto.

862 3847 1039 3913 Scire
1085 3847 1283 3911 velim
1341 3841 1872 3908 confidentilocus
1918 3839 2070 3921 iste,
2118 3836 2229 3920 qui
2275 3857 2488 3899 meam
2538 3833 2788 3897 scilicet
2831 3854 2977 3896 con-

686 3956 1020 4023 fidentiam
1066 3953 1360 4033 miratur,
1406 3948 1593 4033 quasi
1640 3946 1768 4010 sibi
1814 3944 1935 4008 soli
1977 3966 2233 4008 omnem
2269 3942 2569 4023 vindicet,
2615 3963 2741 4024 quo
2790 3961 2975 4023 argu-

689 4069 906 4130 mento
967 4061 1410 4124 demonstrare
1469 4053 1708 4138 possit,
1766 4051 2112 4135 Pomponii
2168 4049 2382 4133 magis
2441 4046 2775 4130 propriam
2836 4065 2976 4106 esse

688 4167 1071 4253 Eryastilum
1124 4165 1407 4230 formam
1462 4183 1657 4245 quam
1713 4158 1960 4223 Donati
2012 4157 2202 4221 libris
2257 4155 2611 4219 indicatam
2671 4151 2974 4231 Eryastu-

689 4280 834 4343 lum.
888 4273 1069 4338 Idem
1112 4270 1397 4335 uilicarei
1439 4267 1511 4332 in
1554 4266 1794 4334 litteris
1840 4266 2166 4330 vcilicariae
2209 4262 2413 4326 latere
2461 4259 2588 4324 sibi
2632 4253 2974 4343 persuasit.
