3400 5075
918 302 1013 350 Ex
1055 300 1393 351 INCERTIS
1431 299 1910 351 INCERTORVM
1951 299 2261 351 FABVLIS
2630 301 2740 361 123

1563 455 1616 520 L

624 573 823 649 Quasi
847 573 898 636 si
921 594 1166 637 messor
1194 575 1308 656 per
1338 573 1597 637 messim
1630 595 1829 637 unum
1863 575 2178 656 quemquo
2210 573 2454 655 spicum
2482 572 2742 656 collegit

1548 688 1631 750 LI

625 802 786 867 'raim
833 804 1001 887 perit
1048 826 1240 887 quam
1289 805 1572 868 extrema
1619 804 1772 867 faba
1821 854 2206 866 .......

1533 918 1653 981 LII

496 1037 579 1099 70
627 1087 638 1098 .
733 1085 747 1099 .
839 1034 1015 1118 prior
1060 1034 1151 1098 ire
1199 1035 1324 1098 hiei
1373 1036 1545 1098 claro
1594 1035 1728 1098 non
1777 1055 1959 1117 queo.

1520 1149 1673 1212 LIII

626 1264 885 1329 Clamor
928 1265 1176 1349 lapides
1222 1265 1426 1329 fustes
1473 1264 1702 1349 gladii:
1750 1268 1815 1328 et
1860 1264 2018 1328 haec
2065 1265 2398 1348 inprouisa
2445 1266 2680 1329 omnia.

1519 1387 1669 1452 LIV

627 1502 794 1580 Quid
834 1504 1178 1568 clamorem
1209 1505 1436 1568 exorsa
1463 1503 1678 1568 uerbis
1717 1504 1987 1588 paruam
2026 1526 2161 1569 rem
2200 1505 2506 1589 magnum
2535 1504 2742 1568 facis?

452 1680 741 1746 praeclara
778 1696 947 1745 opera
985 1686 1297 1731 cessat....
1324 1678 1663 1730 clitellae’
1705 1698 1752 1732 e.
1792 1697 1840 1745 q.
1880 1697 1919 1731 s.
1994 1682 2112 1747 ‘sed
2154 1682 2432 1732 feremus)
2503 1680 2743 1730 Ammia-

449 1764 551 1798 nus
597 1747 953 1798 Marcellinus
999 1747 1129 1798 XVI
1175 1751 1206 1798 5
1253 1753 1398 1798 ‘cum
1449 1763 1710 1798 exercere
1760 1747 2011 1812 proludia
2065 1749 2395 1814 disciplinae
2442 1750 2744 1799 castrensis

448 1815 805 1880 philosophus
845 1821 1136 1880 cogeretur
1174 1821 1233 1865 ut
1274 1817 1560 1881 princeps,
1610 1820 1889 1880 artemque
1925 1815 2267 1867 modulatius
2314 1815 2601 1867 incedendi
2646 1832 2745 1880 per

452 1883 757 1948 pyrricham
798 1883 1222 1935 concinentibus
1267 1884 1510 1934 disceret
1550 1882 1775 1944 fistulis,
1823 1889 2017 1933 uetus
2067 1884 2237 1934 illud
2287 1884 2743 1949 prouerbium:

449 1950 759 2002 clitellae
808 1951 964 2001 boui
1010 1953 1377 2016 impositae
1417 1956 1603 2012 sunt,
1648 1949 1880 2015 plane!
1938 1966 2064 2001 non
2104 1958 2205 2002 est
2242 1959 2541 2002 nostrum
2581 1967 2744 2001 onus

452 2019 736 2068 Platonem
776 2018 969 2068 crebro
1007 2020 1297 2068 nominans
1335 2018 1727 2068 exclamabat)
1799 2018 2178 2080 Quintilianus
2213 2019 2260 2067 V
2302 2023 2379 2081 11,
2415 2021 2478 2069 21
2519 2024 2744 2083 ’παροι-

448 2085 586 2149 μίας
622 2101 798 2152 genus
834 2085 998 2149 illud,
1038 2086 1182 2150 quod
1218 2091 1307 2137 est
1342 2086 1495 2135 uelut
1542 2085 1757 2136 fabella
1799 2087 2019 2137 breuior
2056 2092 2113 2137 et
2159 2102 2257 2151 per
2293 2087 2617 2153 allegoriam
2657 2102 2745 2136 ac·

448 2154 671 2218 cipitur:
711 2169 834 2204 non
862 2159 1177 2215 nostrum,
1218 2154 1414 2218 inquit,
1452 2167 1634 2214 onus,
1673 2153 1790 2202 bos
1816 2152 2173 2204 clitellas)
2249 2156 2496 2205 Pertinet
2523 2154 2590 2203 ad
2621 2169 2743 2217 pro-

447 2223 759 2273 uerbiorum
798 2237 998 2287 genus,
1046 2222 1203 2271 euius
1250 2220 1504 2285 exempla
1549 2221 1765 2272 Graeca
1814 2222 2154 2285 potissimum
2202 2222 2432 2287 collegit
2467 2222 2744 2286 Hauptius

448 2290 558 2340 ind.
600 2289 791 2341 scholi.
843 2289 1022 2341 Berol.
1062 2289 1267 2353 1868s9.
1340 2287 1585 2339 Caecilio
1624 2288 1860 2338 ascribit
1905 2288 2232 2354 Spengelius
2279 2307 2332 2356 p.
2370 2293 2401 2340 9
2439 2288 2741 2339 ariolando.

582 2358 627 2406 L
668 2358 866 2408 Festus
902 2374 952 2423 p.
991 2360 1090 2409 333
1127 2358 1203 2411 M.
1252 2357 1538 2422 ‘spicum
1586 2355 1888 2405 masculine
1930 2357 2143 2420 antiqui
2180 2356 2467 2417 dicebant,
2504 2361 2565 2405 ut
2600 2356 2743 2405 hunc

450 2428 674 2490 stirpem
712 2432 769 2475 et
806 2426 946 2475 hanc
984 2441 1218 2475 amnem.
1291 2439 1524 2476 uersus
1571 2429 1674 2473 est
1713 2424 2071 2487 antiquust
2119 2423 2347 2489 quasi'
2387 2440 2433 2474 e.
2476 2440 2525 2488 q.
2566 2439 2608 2473 s.

449 2494 523 2545 LI
570 2492 763 2544 Festus
810 2509 861 2558 p.
902 2495 1002 2544 363
1040 2495 1110 2546 M.
1165 2497 1326 2543 ‘tam
1378 2492 1556 2558 perit
1600 2506 1791 2556 quam
1829 2496 2124 2543 extrema
2173 2492 2333 2543 faba
2370 2495 2434 2542 in
2470 2505 2746 2558 prouer-

448 2563 560 2612 bio
599 2567 725 2624 est,
765 2561 909 2626 quod
945 2577 1011 2611 ea
1051 2560 1368 2626 plerumque
1396 2566 1492 2609 aut
1531 2562 1830 2624 proteritur
1855 2566 1952 2610 aut
1987 2560 2302 2625 decerpitur
2326 2577 2358 2610 a
2397 2563 2747 2626 praetereun-

451 2630 637 2681 tibus.’
690 2628 987 2678 Comoedia
1014 2629 1214 2693 respici
1239 2630 1363 2678 uisa
1390 2633 1472 2677 est
1497 2628 1569 2677 M.
1600 2628 1830 2679 Hertsio
1857 2627 2057 2678 Philol.
2100 2629 2123 2678 Ι
2161 2631 2258 2678 612
2397 2628 2502 2677 LII
2536 2628 2746 2678 Nonius

450 2716 500 2764 p.
529 2700 644 2754 210,
689 2699 749 2746 15
788 2697 947 2745 ‘lux.
971 2695 1328 2746 ..masculino
1366 2694 1803 2746 Plautus..luci’
1841 2695 2034 2758 (‘luee'
2063 2695 2240 2757 Leid.)
2281 2695 2524 2746 ‘clar-o..
2572 2695 2745 2743 Varro

457 2802 468 2814 .
491 2803 502 2815 .
527 2765 636 2815 luci
674 2764 823 2814 claro
845 2801 856 2813 .
879 2801 891 2812 .
913 2802 924 2814 .
946 2763 1086 2813 idem
1110 2802 1122 2814 .
1145 2802 1157 2814 .
1180 2802 1191 2813 .
1213 2763 1326 2813 luci
1362 2763 1511 2813 claro
1542 2800 1553 2811 .
1584 2799 1597 2814 .
1628 2800 1639 2812 .
1667 2763 1743 2814 M.
1784 2762 2000 2814 Tullius
2038 2763 2105 2814 de
2155 2762 2357 2813 officiis
2404 2763 2496 2816 lib.
2544 2763 2650 2812 111:
2691 2767 2747 2810 et

449 2849 571 2883 cum
619 2829 814 2897 [primo
859 2832 970 2881 luci
1005 2832 1270 2896 Pomponi
1319 2830 1534 2879 domum
1580 2832 1804 2880 uenisse
1842 2828 2169 2895 dicitur...]
2216 2833 2401 2896 prior
2444 2832 2544 2880 ire
2595 2831 2744 2880 luce

448 2901 627 2951 claro
655 2915 777 2949 non
806 2903 1013 2963 queo.'
1076 2900 1244 2948 Vncis
1271 2898 1480 2948 inclusa
1509 2898 1793 2949 Ciceronis
1818 2898 1990 2948 uerba
2017 2901 2122 2961 (31,
2154 2900 2276 2948 112:
2303 2901 2387 2962 24,
2413 2900 2478 2949 93
2507 2896 2760 2961 Quiche-'

449 2970 619 3018 ratius
655 2969 837 3032 putat)
875 2983 982 3017 una
1011 2982 1130 3016 cum
1168 2971 1367 3030 poetae
1407 2966 1623 3016 nomine
1650 2965 1926 3016 excidisse
1963 2966 2105 3015 uidit
2140 2967 2435 3020 Mercerus.
2499 2964 2745 3016 Bueche-

449 3037 622 3086 lerum
662 3050 797 3085 mus.
840 3035 1012 3084 Rhen.
1051 3036 1145 3083 XV
1182 3036 1279 3084 441
1320 3033 1385 3084 de
1424 3034 1527 3083 boc
1564 3033 1687 3083 loco
1726 3034 2088 3084 disserentem
2126 3035 2274 3101 fugit
2316 3036 2423 3084 iam
2463 3039 2746 3098 receptum

449 3120 480 3154 a
520 3120 603 3154 me
644 3104 699 3152 in
737 3102 987 3168 syllogen
1026 3103 1256 3152 frustum
1296 3101 1485 3154 fuisse.
1650 3100 1784 3151 LIII
1823 3100 2017 3151 Cicero
2068 3102 2136 3152 ad
2185 3106 2296 3153 Att.
2332 3103 2409 3152 IV
2446 3105 2494 3162 3,
2531 3104 2563 3151 3
2601 3105 2744 3150 ‘cum

447 3187 611 3222 sacra
646 3171 740 3220 uia
778 3169 1196 3230 descenderem,
1235 3171 1519 3219 insecutus
1555 3173 1639 3218 est
1666 3184 1750 3218 me
1777 3184 1896 3218 cum
1933 3170 2072 3219 suis’
2110 3168 2399 3235 (Clodius).
2437 3168 2746 3219 ‘Clamor’

447 3256 495 3290 e.
544 3255 592 3303 q.
642 3254 683 3287 ε.
756 3238 1138 3289 ‘discessimus
1183 3239 1239 3286 in
1287 3234 1619 3287 uestibulum
1667 3237 1840 3287 'Pettii
1888 3237 2211 3287 Damionis)
2298 3237 2569 3286 Numeros
2612 3251 2746 3299 quos

447 3306 818 3356 indicaueram
869 3320 935 3354 ne
986 3320 1127 3354 nunc
1176 3304 1395 3368 quidem
1443 3309 1790 3368 agnouerunt
1835 3305 2092 3355 editores.
2241 3304 2363 3353 LIV
2402 3303 2600 3353 Cicero
2648 3318 2745 3366 pro

450 3374 644 3423 Caelio
684 3377 773 3434 15,
812 3375 876 3423 36
925 3377 1093 3422 ‘eum'
1142 3373 1443 3436 (minimum
1487 3371 1737 3434 fratrem)
1783 3399 1844 3407 —
1894 3377 2109 3437 ‘putato
2157 3379 2336 3422 tecum
2386 3371 2559 3435 loqui:
2616 3370 2746 3434 quid

618 3533 868 3590 ciltelliae
900 3534 1052 3590 Med.
1226 3532 1354 3588 boui
1385 3541 1513 3588 sunt
1544 3551 1615 3587 m.
1653 3532 1688 3586 2
1736 3536 1792 3587 in
1826 3551 1956 3604 my„
2003 3529 2158 3586 bouis
2205 3538 2265 3585 ut
2309 3550 2381 3586 m.
2421 3531 2445 3586 1
2487 3528 2639 3586 Me'd.

448 3619 604 3693 plane
649 3621 1009 3686 Ammianus,
1071 3620 1224 3692 quod
1266 3616 1444 3690 ‘plana
1506 3626 1559 3672 et
1605 3615 1864 3690 aequabili
1915 3617 2030 3683 uia,
2089 3615 2249 3688 plano
2306 3614 2523 3688 gressu'
2571 3619 2744 3671 inter-

444 3711 678 3775 pretor:
729 3706 954 3760 insolito
1014 3718 1192 3760 onere
1242 3706 1438 3772 pressi
1493 3703 1667 3758 boues
1712 3719 1822 3757 non
1869 3715 1931 3755 se
1984 3703 2098 3755 nisi
2147 3701 2301 3755 lente
2347 3708 2400 3755 et
2455 3701 2747 3756 moderate

447 3791 715 3844 incedere
743 3804 917 3859 posse
948 3790 1220 3844 clamant.
1308 3786 1466 3842 illane
1500 3786 1646 3842 Med.
1693 3803 1872 3856 cortu,
1921 3784 2347 3841 Cratandrinae
2389 3802 2516 3857 my„
2566 3784 2744 3842 Turn.
2779 3831 2790 3836 -

450 3880 592 3929 teste
637 3872 811 3930 Bosio
857 3872 948 3928 illa
991 3873 1143 3929 Med.
1191 3891 1258 3927 m.
1298 3889 1398 3942 pr.
1445 3870 1536 3925 ille
1585 3872 1671 3926 ed.
1707 3871 1971 3927 Romana
2005 3869 2116 3925 Cic.
2163 3867 2355 3924 ciliane
2401 3885 2480 3926 eae
2522 3861 2776 3924 Decur-'

450 3964 569 4014 tato
616 3959 828 4014 Bosius
1001 3957 1080 4014 68
1127 3957 1173 4011 si
1220 3958 1438 4024 addidi,
1489 3973 1593 4011 om.
1642 3957 1765 4012 cod.
1885 3995 1902 4010 .
1938 3953 2161 4027 collegit
2208 3955 2350 4022 cod,
2416 3957 2449 4008 i.
2499 3970 2546 4008 e.
2595 3951 2745 4008 colli-

449 4043 529 4116 git
662 4043 741 4098 70
771 4051 826 4096 et
857 4057 978 4097 cum
1007 4043 1307 4113 praemisit
1340 4039 1770 4113 Buechelcrus,
1803 4043 1931 4094 ilem
1968 4039 2405 4106 Quicheratius:
2449 4056 2506 4094 u.
2541 4054 2743 4109 supra.

620 4127 724 4182 luci
755 4126 1174 4182 Fleckeisenus
1204 4129 1351 4182 conl.
1386 4139 1586 4179 eccere.
1622 4125 1815 4178 Plani.
1843 4142 1907 4195 p.
1948 4123 2020 4178 12
2053 4139 2219 4195 quem
2260 4126 2583 4196 yeneeiuum
2612 4121 2745 4177 lucis

451 4227 575 4267 esse
610 4213 730 4267 uult
770 4211 1057 4283 Berylcius
1087 4213 1263 4283 symb.
1307 4210 1340 4264 Ι
1386 4207 1504 4262 148
1551 4223 1633 4278 sq.
1681 4208 1803 4262 luce
1847 4208 1981 4263 libri
2150 4207 2224 4262 71
2275 4214 2331 4262 et
2372 4206 2745 4275 Iensoniana,

450 4313 552 4352 om.
600 4297 723 4352 cod.
904 4295 981 4351 72
1028 4295 1312 4351 clamorem
1362 4294 1574 4366 scripsi
1615 4291 1849 4348 clamore
1891 4294 2027 4348 libri
2194 4307 2382 4364 parum
2428 4291 2621 4347 Paris·
