3400 5075
573 267 694 332 152
1559 268 1883 320 T1T1N1vs

1515 425 1708 490 XVII
1794 430 1871 493 12

572 543 697 607 130
745 540 1006 606 Vertite
1058 539 1191 628 [mi]
1243 541 1448 625 aedi5‚
1495 424 1810 628 spargite,
1856 427 2092 610 munde
2140 547 2333 610 facite
2364 543 2433 608 1'11
2483 567 2598 608 suo
2629 544 2863 627 quique

2170 662 2313 725 loeo
2359 665 2435 725 iit
2480 661 2605 725 sita
2651 661 2800 724 sint.

1508 747 1735 812 XVIII
1784 747 1929 836 (10)

2166 856 2480 921 lassitudo

747 940 1179 1026 Conseruum,
1223 942 1507 1007 rediuiae
1553 944 1768 1029 flagri!

1249 1123 1252 1130 .
1525 1067 1859 1131 TIBICIN
1864 1068 1922 1132 A
2198 1155 2212 1164 ·

747 1181 841 1245 Vt
885 1179 1040 1246 hl'nc
1086 1183 1338 1267 legatus
1387 1183 1547 1247 {abiit
1592 1205 1859 1268 peregre
1907 1185 2160 1269 plibliee

1566 1307 1862 1373 VARVS

1627 1422 1659 1486 1
1709 1420 1810 1510 (3)

756 1537 1065 1602 Aeclimst
1111 1559 1211 1602 me
1258 1537 1522 1602 habere:
1571 1562 1680 1603 eos
1729 1545 2075 1625 pauperem
2124 1544 2385 1624 sumptu
2433 1539 2620 1604 meo?

1612 1655 1676 1718 II
1726 1653 1827 1741 (1)

578 1770 704 1834 135
1878 1775 2020 1835 toto
2067 1772 2142 1834 fit
2189 1768 2257 1833 1'n
2303 1770 2450 1834 foco

751 1885 849 1949 De
898 1883 1097 1970 lignis
1144 1884 1232 1947 mi
1281 1885 1529 1969 dapaeilis
1576 1907 1737 1949 cena
1829 1938 1841 1950 .
1936 1937 1948 1950 .
2040 1937 2054 1950 .

710 2080 867 2131 XVII
915 2079 1197 2129 Charisius
1244 2081 1297 2131 11
1346 2095 1397 2144 p.
1448 2082 1542 2132 183
1583 2081 1641 2132 P.
1692 2081 1949 2129 ‘munde
1986 2081 2233 2131 Titinius
2278 2081 2334 2129 in
2371 2080 2595 2130 Setina:
2642 2079 2876 2130 uertite’

576 2164 624 2200 e.
664 2163 710 2212 q.
750 2163 793 2196 s.
968 2147 1156 2197 XVIII
1193 2148 1393 2197 Festus
1433 2164 1484 2211 p.
1522 2151 1622 2197 270
1659 2149 1729 2197 M.
1780 2148 2142 2198 ‘rediuiam
2190 2148 2409 2213 quidem
2457 2148 2556 2198 alii
2602 2147 2871 2197 relnuium

579 2215 893 2281 appellant,
934 2232 1056 2265 eum
1095 2217 1243 2264 circa
1282 2217 1479 2278 unguis
1517 2217 1662 2265 cutis
1699 2232 1756 2265 se
1798 2216 2053 2277 resoluit,
2094 2217 2226 2280 quia
2263 2216 2416 2266 luere
2456 2220 2543 2266 est
2579 2215 2836 2266 soluere.’

711 2284 977 2334 'runcum
1049 2281 1333 2332 Charisius
1369 2283 1423 2332 11
1463 2300 1511 2347 p.
1556 2286 1648 2334 189
1687 2285 1746 2333 P.
1786 2289 2096 2348 ‘peregre
2133 2300 2253 2334 eum
2292 2284 2411 2334 abit
2449 2287 2593 2348 quis,
2644 2284 2873 2332 dicimus

581 2351 636 2400 in
673 2351 879 2410 locum,
916 2359 976 2402 ut
1000 2351 1239 2400 Titinius
1275 2352 1332 2399 iu
1369 2351 1658 2400 Tibicina:
1697 2356 1759 2400 ut
1796 2351 1908 2401 hie’
1947 2368 1996 2404 e
2036 2368 2086 2416 q.
2123 2368 2164 2401 s.

711 2419 902 2468 VAuvs
975 2421 1057 2468 De
1085 2418 1256 2468 Bari-o
1283 2419 1555 2483 cogitauit
1581 2419 1811 2468 Bothius
1837 2419 1932 2482 (cf.
1960 2418 2277 2480 Barbatus).
2385 2420 2408 2468 1
2437 2419 2644 2469 Nonius
2676 2421 2787 2480 157,
2812 2420 2871 2467 11

577 2492 817 2552 paupe
834 2488 1037 2546 rauit
1079 2485 1134 2535 id
1172 2492 1257 2536 est
1293 2501 1595 2553 pauperem
1635 2487 1772 2539 fecit
1799 2522 1988 2539 .....
2021 2487 2264 2537 Titinius
2302 2487 2568 2553 Priuigna
2596 2528 2609 2541 .
2639 2524 2693 2541 ..
2731 2486 2872 2537 idem

576 2556 814 2605 Varro·
851 2570 1044 2606 aecum
1084 2559 1190 2604 est'
1230 2573 1275 2607 e.
1314 2572 1364 2621 q.
1405 2571 1449 2605 s.
1500 2552 1692 2622 (Varo
1744 2556 1828 2608 ed.
1870 2556 2022 2616 1526)
2195 2557 2249 2606 11
2285 2555 2498 2605 Nonius
2536 2558 2617 2613 95,
2654 2557 2688 2604 4
2724 2554 2874 2603 ‘da-

578 2622 758 2688 palis
797 2639 962 2673 cena
1000 2627 1087 2672 est
1133 2622 1331 2687 amplis
1371 2623 1608 2687 dapibus
1655 2623 1838 2688 plena.
1913 2623 2153 2673 Titinius
2189 2624 2427 2675 Varro:
2474 2627 2614 2674 toto’
2653 2639 2699 2675 e.
2737 2639 2788 2688 q.
2828 2637 2871 2675 s.

752 2802 874 2859 130
929 2808 1281 2873 anapaestos
1335 2804 1569 2874 aqnouit
1628 2801 2031 2858 Buechelerus
2089 2802 2244 2858 Coni.
2289 2803 2418 2859 Lat.
2470 2820 2534 2875 p.
2597 2801 2664 2859 6:
2724 2809 2873 2858 octo-

577 2891 785 2943 narius
846 2888 1177 2943 trochaicus
1231 2893 1405 2942 antea
1476 2887 1861 2959 uulqabatur3
1927 2890 2292 2958 septenarios
2348 2888 2620 2959 spargite,
2686 2885 2876 2941 Mundo

580 2989 629 3029 e.
678 2992 730 3046 q.
778 2988 824 3028 s.
869 2988 1081 3044 parum
1120 2971 1450 3042 probabiles
1491 2972 1782 3027 dimetitur
1812 2970 2132 3028 Muellerus
2171 2974 2405 3043 prosod.
2452 2972 2647 3028 Plaut.
2691 2989 2748 3042 p.
2797 2969 2870 3027 61

748 3058 819 3113 mi
863 3059 1104 3113 inseruit
1153 3055 1585 3126 Buecheler-m,
1631 3074 1735 3113 om.
1779 3057 1915 3112 libri
2038 3057 2312 3129 spargite,
2372 3055 2571 3112 munde
2616 3056 2876 3112 Ritsche-

577 3146 692 3199 lius
748 3159 947 3214 opusc.
1005 3140 1080 3198 11
1129 3139 1252 3198 326
1308 3141 1551 3214 spargite
1605 3140 1805 3196 munde
1863 3138 2046 3213 (mude
2101 3138 2247 3212 cod.)
2313 3144 2484 3215 uulyo
2676 3141 2878 3214 quique

581 3264 822 3318 restitui.
889 3260 977 3332 Cs.
1039 3260 1453 3316 Lachmannus
1508 3262 1566 3315 in
1623 3259 1799 3315 Lucr.
1846 3258 1926 3316 94
1985 3230 2109 3333 ‘Isqa
2154 3261 2277 3317 cod.
2327 3275 2572 3333 quaeque
2628 3260 2715 3315 ed.
2756 3275 2873 3329 pr„

582 3348 735 3419 quod
789 3362 900 3402 non
959 3345 1203 3415 offendit
1244 3344 1615 3400 Rilschelium
1672 3360 1815 3400 mus.
1878 3343 2064 3400 Rhen.
2123 3344 2157 3401 1
2178 3346 2225 3399 V
2272 3344 2394 3401 575
2449 3350 2878 3415 comparantem

586 3430 784 3485 Plauti
826 3431 1001 3485 Poen.
1067 3430 1112 3484 V
1152 3428 1224 3499 4,
1272 3429 1308 3484 5
1359 3423 1491 3503 [sed
1541 3432 1597 3483 in
1656 3446 1857 3500 opuse.
1906 3429 1999 3483 ΙΙκ
2028 3429 2149 3485 326
2208 3432 2410 3502 quique
2455 3437 2699 3501 uli-oque
2751 3431 2879 3483 loco

585 3510 957 3590 expressum]
1185 3513 1296 3569 131
1349 3529 1435 3586 sq.
1476 3513 1739 3585 fortasse
1782 3517 1865 3568 sic
1910 3517 2165 3569 numeris
2206 3515 2556 3569 coercenda.-
2617 3512 2878 3571 lassitudo

585 3599 640 3654 [1'1
687 3598 801 3668 (uel
834 3598 1005 3668 uu'uu)
1050 3615 1408 3668 conseruum‚
1455 3597 1690 3653 rediuiae
1726 3598 1879 3671 flagri
1914 3640 1927 3652 .
1967 3639 1979 3652 .
2012 3639 2025 3653 .
2077 3599 2383 3653 Senarium
2414 3598 2740 3653 conseruum
2774 3597 2877 3651 las-

584 3683 803 3752 situdo,
851 3701 893 3739 r.
946 3683 980 3737 s.
1027 3685 1333 3756 proposuit
1377 3683 1794 3738 Buechelerus.
1968 3682 2278 3738 Conseruos
2323 3686 2586 3755 intelleqo
2629 3683 2882 3737 Iorarios

757 3768 875 3825 133
924 3769 1048 3824 hinc
1078 3767 1322 3824 Bothius
1353 3768 1440 3822 hic
1471 3769 1595 3825 cod.
1730 3766 1858 3822 abiit
1885 3769 2031 3824 idem
2076 3766 2184 3823 abit
2229 3769 2355 3823 cod.
2535 3766 2651 3823 134
2698 3783 2878 3821 aecum

584 3860 667 3908 est
710 3854 846 3909 libri
1016 3850 1233 3922 habere,
1280 3869 1419 3926 quos
1465 3867 1583 3906 meo
1630 3859 1849 3925 sumptu
1897 3868 2187 3925 pauperem
2234 3853 2587 3908 Bit-schelius
2632 3851 2877 3923 Parery.

585 3937 623 3992 I
647 3937 727 3994 28
759 3936 956 3993 habere
987 3953 1125 4009 quos
1171 3952 1458 4010 pauperem
1502 3945 1726 4009 sumptu
1783 3953 1902 3992 meo
1947 3937 2176 4008 Lipsius
2219 3940 2383 4009 epist.
2415 3945 2637 4010 quaest.
2670 3936 2771 3991 Ill
2805 3935 2880 3991 15

586 4024 864 4079 Fortasse
909 4026 992 4078 sic
1036 4026 1316 4093 seriptum
1357 4021 1503 4093 fuit.-
1549 4020 1790 4076 aecumst
1834 4029 1916 4079 sat
1964 4039 2047 4076 me
2094 4020 2307 4090 habere,
2354 4038 2420 4076 ne
2452 4039 2547 4076 eos
2593 4021 2880 4094 pauperem

585 4107 804 4180 sumptu
860 4123 998 4161 meo.
1178 4107 1297 4163 135
1344 4123 1428 4179 sq.
1475 4122 1747 4163 numeros
1790 4109 2045 4177 definiuit
2091 4106 2470 4162 Her-mannus
2509 4110 2550 4162 l.
2579 4110 2618 4161 ἱ.
2654 4105 2772 4162 274

587 4211 663 4248 an
712 4192 867 4247 soro?
914 4195 964 4246 si
999 4191 1160 4262 forle
1204 4191 1271 4246 de
1315 4191 1477 4265 lignis
1523 4207 1708 4245 cenam
1754 4207 1964 4246 seruus
2022 4192 2271 4247 uerbera
2319 4194 2570 4264 inlelleqi
2611 4193 2767 4247 uelit.

589 4277 708 4333 136
742 4276 867 4331 mihi
894 4282 1028 4331 cante
1043 4276 1370 4331 Mercerum
1403 4278 1455 4331 in
1487 4277 1623 4330 libri
1708 4275 1994 4348 delingens
2024 4275 2282 4348 indepalis
2314 4292 2443 4332 cena
2470 4290 2623 4348 susp.
2646 4275 2885 4332 Bolbius
