3400 5075
1407 356 1728 407 'rmmvs
2607 353 2729 416 159

1444 511 1560 576 XV
1574 510 1714 577 IIIb

607 627 926 692 cumensis
974 648 1212 691 cursor·

1505 741 1661 806 XIX

607 858 925 922 moraciae
970 879 1169 922 nuces

1515 971 1639 1036 XX

607 1092 795 1173 aptra

1495 1175 1654 1241 XXI

606 1292 1060 1358 Pseudoacron
1105 1293 1186 1357 ad
1232 1292 1391 1358 Hor.
1420 1292 1604 1378 epist.
1650 1291 1684 1356 I
1736 1293 1836 1377 13,
1888 1293 1969 1357 14
2017 1294 2211 1377 ‘apud
2255 1293 2616 1359 Titinnium
2662 1296 2731 1359 in

430 1409 705 1492 quadam
783 1409 1006 1472 fabula
1077 1409 1403 1473 inducitur
1478 1409 1793 1491 ancilla,
1866 1430 2058 1492 quae
2132 1409 2354 1474 lanae
2426 1410 2729 1505 glomus

430 1524 750 1588 furatur
795 1528 868 1587 et
914 1524 1523 1608 deprehenditur
1569 1524 1884 1608 aspere?

1477 1683 1667 1748 XXII

608 1797 886 1864 Serenus
919 1797 1366 1865 Sammonicus
1396 1800 1473 1864 de
1501 1821 1569 1864 re
1599 1799 1763 1864 med.
1798 1798 1969 1863 1044
2017 1802 2373 1882 ‘praeterea
2411 1801 2475 1864 si
2520 1800 2729 1866 forte

428 1915 713 2000 premit
758 1915 956 1979 strix
1002 1919 1171 1979 atra
1213 1916 1545 2000 puellm,
1580 1913 1820 1980 Virosa
1864 1915 2232 1999 inmulgens
2271 1917 2505 1982 exertis
2532 1916 2731 1981 ubera

429 2031 658 2115 labris,
704 2029 882 2095 Alia
927 2032 1328 2115 praecepit
1356 2030 1605 2095 Titini
1654 2031 2048 2095 sententia
2084 2032 2317 2114 necti,
2364 2030 2487 2107 Qui
2526 2033 2729 2096 ueteri

430 2147 636 2210 claras
684 2146 1001 2230 expressit
1050 2168 1226 2210 more
1275 2147 1572 2231 togatas?

430 2342 614 2391 “ritu
630 2341 794 2390 rins:
841 2341 1290 2393 Tarentinorum'
1330 2357 1378 2393 e.
1418 2356 1468 2405 q.
1508 2356 1552 2391 s.
1763 2338 1986 2391 xvlnb
2034 2341 2195 2390 Pauli
2232 2341 2431 2392 Festus
2468 2359 2518 2408 p.
2555 2344 2621 2393 58
2655 2343 2729 2394 M.

433 2414 647 2459 ‘cocum
698 2415 753 2459 et
800 2410 1063 2473 pistorem
1109 2410 1255 2475 apud
1295 2409 1552 2474 antiquos
1592 2408 1821 2458 eundem
1863 2408 2031 2457 fuisse
2081 2410 2414 2474 accepimus.
2487 2411 2732 2461 Naeuius

430 2474 566 2566 [inc.
606 2477 719 2527 fab.
757 2474 931 2542 lej.
1012 2477 1398 2529 Camensem
1446 2491 1785 2526 cursorem
1830 2476 2107 2526 Titinnius
2153 2492 2251 2542 pro
2298 2478 2502 2543 pistore
2548 2478 2730 2532 dixit!

431 2551 662 2597 beruum
710 2546 994 2610 pistorem,
1052 2548 1145 2611 qui
1192 2562 1347 2596 camo
1396 2545 1619 2594 indutus
1666 2544 1861 2595 molam
1918 2544 2180 2595 currendo
2225 2546 2375 2595 uelut
2422 2547 2732 2598 Cannensis

429 2629 622 2663 cursor
658 2613 1001 2678 circumagat
1037 2612 1327 2678 intellego:
1365 2613 1495 2663 uide
1532 2614 1865 2676 prooemium
1906 2612 2016 2664 ind.
2053 2612 2249 2663 scholl.
2287 2614 2513 2665 Kiliens.
2544 2613 2732 2680 1863s4

432 2697 484 2746 p.
521 2681 630 2731 VII
668 2696 788 2745 sqq.
862 2682 1140 2731 Incertum
1166 2690 1252 2733 est
1276 2696 1384 2745 qua
1411 2680 1513 2729 fide
1541 2675 1749 2729 nitatur
1777 2686 1832 2730 et
1857 2695 1962 2744 quo
1990 2682 2264 2745 pertineat
2287 2680 2505 2732 Placidi
2540 2682 2729 2746 glossa

430 2751 486 2798 in
533 2749 596 2798 A.
641 2749 757 2797 Mai
801 2746 962 2798 class.
1021 2754 1168 2799 anet.
1216 2748 1290 2798 VI
1337 2750 1464 2800 556:
1515 2740 1847 2798 ‘carensis
1903 2749 2231 2813 pistoribus,
2275 2765 2311 2799 a
2364 2750 2516 2800 caria
2569 2766 2729 2815 quem

432 2816 698 2866 Oscorum
726 2816 915 2879 lingua
952 2831 1144 2880 panem
1171 2832 1291 2868 esse
1318 2816 1547 2876 dicunt’‚
1588 2831 1747 2880 quam
1774 2822 1833 2866 et
1858 2816 1913 2864 in
1939 2815 2261 2866 Mommseni
2287 2823 2344 2868 et
2374 2818 2431 2867 in
2454 2818 2731 2868 Huschkii

429 2883 718 2947 glossariis
764 2883 923 2933 Oscis
971 2883 1177 2933 frustra
1221 2899 1444 2949 quaero.
1538 2883 1900 2933 Canensem
1947 2900 1980 2933 a
2025 2899 2187 2948 cane,
2243 2885 2452 2935 uinculi
2505 2901 2730 2949 genere,

434 2951 738 3009 Meursius;
776 2940 1222 3002 commensen?
1247 2968 1280 3001 a
1315 2966 1533 3012 mensa,
1574 2950 1717 3015 quod
1757 2951 1812 2999 in
1848 2950 1990 3001 libro
2018 2967 2115 3002 ms.
2156 2953 2435 3003 inuenerit
2471 2969 2725 3004 comen-

431 3035 591 3076 sem,
639 3018 900 3068 Barthius
938 3017 1077 3073 Adu.
1117 3019 1240 3069 xm
1277 3020 1335 3081 8;
1384 3017 1807 3068 Cannensem
1858 3018 2133 3083 Scaliger,
2185 3026 2536 3071 canentem
2584 3021 2728 3071 Neu-

431 3086 692 3137 kirchius.
762 3085 848 3136 De
873 3086 1147 3136 mutandis
1183 3102 1299 3151 pro
1337 3087 1600 3152 pistore
1626 3085 1810 3136 uerbis
1837 3086 1892 3135 in
1930 3094 2376 3151 praepostere
2402 3087 2493 3138 uel
2532 3104 2728 3153 prae-

432 3156 767 3220 petiorem
802 3153 896 3203 uel
935 3156 1398 3219 properiorem
1436 3153 1525 3204 uel
1562 3169 1676 3218 pro
1717 3158 2117 3218 praestante
2156 3159 2363 3205 temere
2389 3157 2724 3220 cogitarunt.

494 3274 498 3278 ,
565 3220 697 3272 xlx
734 3219 898 3271 Pauli
932 3222 1140 3271 Festus
1186 3238 1236 3287 p.
1278 3224 1374 3273 139
1409 3221 1482 3272 Μ.
1531 3221 1900 3272 ‘moracias
1946 3238 2152 3273 nuces
2199 3223 2478 3273 Titinnius
2526 3223 2723 3274 duras

431 3304 552 3339 esse
598 3289 706 3350 ait,
753 3288 898 3339 unde
944 3288 1006 3339 fit
1052 3288 1433 3339 diminutiuum
1477 3288 1839 3339 moracillum’
1889 3286 2291 3350 (moraculas
2340 3289 2589 3355 Bothius)
2641 3289 2726 3342 Cf.

430 3356 645 3407 Placidi
684 3355 760 3440 gl.
798 3356 1088 3422 ‘moragis,
1125 3358 1362 3407 nucibus
1397 3355 1486 3406 lon
1532 3358 1623 3410 ‘s.’
1764 3356 1864 3406 XX
1904 3355 2185 3406 Philoxeni
2214 3356 2381 3421 gloss.
2408 3358 2555 3422 apud
2584 3359 2730 3408 Lab-

429 3425 656 3476 baeum:
715 3440 748 3473 a
761 3431 939 3489 ptra,
984 3415 1433 3489 ἄμιελόφυλλα,
1527 3441 1555 3484 ς
1599 3423 1913 3482 cathmos!
1983 3423 2148 3487 gloss.
2184 3424 2363 3474 Vatic.
2413 3426 2467 3474 in
2513 3426 2576 3478 Α.
2614 3426 2730 3475 Mai

431 3498 580 3542 auct.
619 3490 780 3543 class.
818 3492 893 3542 VI
930 3495 1029 3543 502
1084 3494 1192 3543 ‘ab
1210 3499 1344 3556 tra,
1394 3493 1528 3544 folia
1574 3484 1743 3542 uitis?
1815 3492 2132 3557 apiastra
2179 3485 2250 3541 τὰ
2296 3484 2728 3557 μελισσόφυλλα

432 3558 738 3610 Salmasius
786 3574 959 3610 exerc.
1007 3560 1153 3615 Plin.
1199 3577 1249 3625 p.
1299 3563 1390 3610 101
1468 3562 1656 3627 apia,
1705 3551 1965 3623 ἀμπέλου
2010 3548 2201 3623 φύλλα
2248 3558 2507 3611 Osannus
2557 3561 2727 3626 gloss.

430 3628 558 3677 Lat.
599 3642 749 3694 spec.
791 3643 841 3691 p.
880 3630 911 3678 8
981 3633 1240 3693 amptra
1277 3627 1340 3681 O.
1367 3628 1662 3679 Muellerus
1687 3628 1746 3675 in
1773 3628 1939 3677 Festo
1979 3643 2013 3690 p
2061 3627 2178 3680 383.
2229 3626 2376 3676 Nihil
2412 3629 2728 3679 mutandum

432 3700 621 3744 censet
656 3694 921 3760 Iosephus
960 3695 1124 3745 Klein
1161 3710 1294 3744 mus.
1345 3695 1515 3745 Rhen.
1553 3695 1732 3744 XXIV
1769 3696 1885 3744 295.
1956 3693 2289 3743 Addideram
2325 3693 2456 3744 olim
2492 3697 2548 3746 in
2587 3698 2728 3761 praf.

430 3779 481 3827 p.
519 3763 673 3813 XIII.
814 3761 944 3811 XXI
983 3763 1251 3813 Horatius
1290 3763 1451 3827 epist.
1478 3763 1507 3813 Ι
1544 3766 1625 3825 13,
1670 3765 1732 3811 14
1768 3763 1873 3812 ‘sic
1909 3762 2145 3827 positum
2182 3762 2432 3812 seruabis
2467 3779 2623 3825 onus,
2659 3780 2728 3815 ne

431 3831 576 3881 forte
599 3831 700 3880 sub
726 3829 819 3881 ala
846 3830 1199 3881 Fasciculum
1226 3838 1411 3896 portes
1435 3831 1695 3881 librorum
1713 3867 1727 3893 ‚
1767 3834 1828 3879 ut
1852 3829 2093 3880 rusticus
2116 3845 2345 3896 agnum,
2383 3831 2468 3880 Vt
2494 3832 2729 3881 uinosa

431 3897 687 3961 glomus
740 3900 1041 3949 furtiuae
1090 3899 1328 3962 Pyrria
1374 3898 1617 3948 lanae.'
1676 3899 1929 3962 (pyrria
1973 3896 2057 3947 nel
2107 3899 2320 3962 pirria
2374 3898 2502 3949 libri
2547 3900 2729 3964 purri

432 3965 826 4029 Porphyrionis
862 3965 983 4020 MR,
1026 3964 1109 4015 cf.
1149 3966 1539 4017 Laelimnnnns
1576 3966 1645 4015 ad
1683 3967 1842 4016 Lucr.
1880 3982 1930 4030 p.
1970 3967 2085 4023 408.
2126 3981 2247 4015 mea
2286 3965 2354 4014 ad
2393 3967 2523 4018 Hor.
2564 3968 2725 4032 epist.

433 4049 485 4097 p.
525 4036 622 4083 146
655 4039 711 4082 et
750 4034 806 4082 in
842 4032 944 4083 hoc
982 4033 1120 4084 libro
1158 4034 1227 4083 ad
1266 4033 1637 4084 Prociliam
1684 4032 1973 4083 adnotata.
2055 4033 2252 4083 Verani
2296 4038 2410 4082 tam
2455 4035 2729 4085 Proelia

433 4116 594 4163 quam
648 4100 865 4150 Prilia
911 4102 1211 4163 conuenit.)
1257 4099 1460 4151 Corum.
1511 4101 1674 4165 Cruq.
1728 4099 1965 4164 ‘Pyrrial
2010 4115 2208 4150 nomen
2256 4105 2342 4151 est
2386 4102 2624 4152 ancillae
2672 4104 2728 4152 in

433 4168 665 4232 quadam
713 4167 906 4218 fabula
950 4169 1172 4229 Titinii,
1220 4183 1362 4234 quae
1408 4169 1589 4219 furata
1637 4168 1795 4217 lanae
1844 4168 2056 4231 glomus
2100 4169 2180 4217 ita
2216 4171 2487 4233 gestauit.
2536 4178 2600 4221 ut
2635 4170 2728 4221 de·

435 4236 703 4299 prehensa
729 4225 836 4286 sit.’
974 4235 1213 4286 Titinius
1250 4238 1486 4287 fortasse
1528 4236 1635 4285 fuit
1660 4251 1817 4300 quem
1846 4235 2005 4285 Pauli
2030 4236 2229 4286 Festus
2265 4253 2318 4301 p.
2348 4239 2406 4286 11
2437 4238 2507 4291 M.
2547 4238 2617 4287 as
2628 4238 2653 4287 s
2662 4254 2726 4288 a·

434 4303 549 4352 tim
586 4308 825 4354 testatur
860 4303 1065 4354 dixisse
1104 4308 1227 4369 ‘pro
1268 4319 1332 4352 eo
1371 4302 1513 4367 quod
1554 4308 1638 4352 est
1662 4303 1731 4352 ad
1771 4302 2196 4366 lassitudinem’,
2234 4305 2326 4353 ubi
2365 4305 2728 4358 Terentius

435 4370 585 4423 codd.
658 4372 746 4422 Cf.
784 4386 951 4439 supra
989 4387 1038 4437 p,
1074 4375 1106 4421 4
1144 4372 1212 4421 ad
1253 4373 1377 4421 Liui
1415 4372 1577 4422 Andr.
1615 4372 1723 4421 inc.
1764 4387 1904 4425 nom.
1943 4372 1985 4425 1.
