3400 5075
1409 268 1940 324 COROLLARIVM
2643 276 2816 329 LXlX

707 432 785 496 V.
831 435 949 497 147
999 433 1053 496 si
1102 431 1373 497 Caecilii
1420 436 1604 515 esset,
1649 456 1782 498 non
1820 434 2189 498 dubitarem
2236 436 2530 499 conicere
2577 440 2649 500 de
2691 440 2820 501 vita

527 560 603 602 ac
630 541 864 603 merted
888 540 1083 617 Enni,
1123 544 1379 604 saturae
1410 540 1749 603 Ennianae
1796 562 2063 623 memor,
2109 565 2239 625 qua
2267 542 2547 607 Mortem
2597 566 2672 608 ac
2701 544 2812 607 Vi-

526 649 663 709 tam
710 647 1165 711 contendentes
1215 647 1489 709 finxerat
1534 650 1730 729 poeta
1775 644 2070 731 (Quintil.
2116 648 2211 712 IX
2259 650 2317 731 2,
2364 647 2495 735 36).
2585 650 2816 715 Mortis

527 756 589 815 et
632 752 807 817 Vitae
850 754 1152 817 iudicium
1199 753 1426 817 fabula
1469 752 1668 816 Novii
1717 753 1859 817 fuit.
1901 754 1906 759 ’

712 859 836 922 152
882 860 1205 940 seJmnebas
1234 860 1651 923 Passeratius
1733 862 2004 942 privasti
2039 863 2472 926 necessarium
2505 887 2640 927 esse
2686 887 2818 929 non

529 965 835 1029 concedo:
900 966 1045 1029 vide
1111 988 1275 1049 quae
1321 965 1724 1030 Luebbertus
1783 967 1850 1030 in
1906 968 2075 1032 libro
2133 969 2210 1032 de
2265 970 2590 1052 particula
2636 994 2817 1052 quom

530 1072 773 1155 scripto
818 1094 879 1156 p.
929 1073 1011 1137 87
1061 1095 1150 1157 sq.
1207 1074 1325 1140 sub
1371 1071 1607 1135 litteris
1657 1072 1768 1136 Bn
1815 1074 2190 1158 disputavit.

712 1178 837 1242 154
891 1179 1138 1260 depellis
1181 1178 1340 1242 mihi
1381 1199 1639 1242 manum
1692 1202 1824 1243 non
1880 1184 2099 1263 potest
2153 1181 2344 1245 aliter
2399 1182 2692 1267 intellegi
2742 1207 2816 1247 ac

525 1284 769 1361 Tibulli
815 1283 848 1347 I
901 1286 999 1368 10,
1047 1285 1132 1349 25
1179 1284 1389 1349 ‘nobis
1438 1289 1678 1367 aerata,
1725 1285 1943 1368 LareS‚
1989 1287 2291 1371 depellite
2336 1285 2492 1350 tela’
2538 1289 2641 1351 vel
2689 1289 2814 1353 Va-

526 1391 673 1454 lerii
720 1389 937 1454 Flacci
988 1390 1079 1453 VI
1128 1392 1257 1455 652
1306 1391 1493 1455 ‘nato
1542 1415 1671 1455 non
1717 1391 1966 1474 depulit
2020 1394 2185 1457 ictus
2245 1392 2580 1485 ltip1)iter’.
2663 1396 2814 1478 quid

528 1519 684 1582 ergo
733 1497 1137 1579 probabilius
1169 1521 1364 1581 qua-m
1400 1503 1735 1580 paternam
1765 1521 1838 1561 ex
1870 1499 2101 1562 mutila
2148 1500 2465 1562 librorum
2496 1501 2816 1583 scriptura

528 1605 805 1667 elicere?

712 1712 835 1774 166
882 1734 973 1793 sq.
1032 1710 1629 1794 Adlitterationem,
1683 1735 1813 1795 qua
1859 1711 1964 1774 hic
2027 1711 2312 1775 senarios
2363 1712 2664 1794 imperari
2717 1735 2813 1775 ar-

524 1817 813 1901 bitreris,
866 1840 998 1881 non
1046 1838 1327 1901 agnosco
1374 1818 1442 1881 in
1499 1818 1805 1881 membris
1864 1818 2184 1881 sententia
2232 1821 2297 1880 et
2351 1821 2676 1881 structura
2722 1841 2813 1881 se-

527 1925 801 2007 paratis:
840 1923 1167 2005 probabili,
1201 1930 1605 2007 Jwaeyieatenz
2479 1913 2492 1927 ⁹

710 2032 833 2094 175
895 2036 952 2093 et
1004 2032 1075 2092 ut
1136 2030 1418 2093 delerem
1483 2031 1686 2095 suasit
1752 2054 1898 2095 usus
1965 2017 2196 2094 comici
2263 2030 2608 2093 sermonis:
2672 2031 2813 2095 Ter.

527 2138 781 2221 adelph.
819 2138 949 2201 354
998 2135 1239 2218 ‘curre,
1286 2137 1699 2201 obstetricem
1750 2136 2056 2219 arcesse'3
2123 2136 2260 2199 hee.
2292 2137 2418 2199 719
2469 2135 2684 2200 ‘curre
2733 2138 2813 2200 ad

524 2244 915 2308 Bacchidem
971 2243 1137 2307 hanc
1184 2243 1483 2307 Vicinam
1538 2216 1867 2325 nostram:
1913 2242 2039 2306 huc
2095 2264 2294 2305 evoca
2340 2243 2552 2306 verbis
2611 2242 2813 2307 meis'.

523 2374 677 2415 nam
732 2350 1062 2415 dissimilis
1110 2348 1245 2414 hee.
1285 2350 1413 2413 359
1462 2350 1562 2413 ‘tu
1612 2350 1827 2432 pueris
1885 2370 2095 2429 curre,
2151 2347 2495 2430 ParmenO,
2551 2349 2810 2412 obviam

526 2462 718 2542 atque
766 2458 855 2521 eis
905 2478 1102 2521 onera
1150 2456 1412 2520 adiuta'.
1486 2456 1769 2521 Normas
1817 2454 2314 2535 consuetudinis,
2361 2454 2474 2517 ubi
2520 2455 2646 2518 duo
2695 2455 2810 2517 im·

523 2563 804 2648 perativi
869 2564 1039 2646 apud
1092 2563 1398 2627 Plautum
1462 2565 1643 2628 iuxta
1698 2563 1915 2647 posita
1970 2565 2144 2642 stmt,
2202 2562 2541 2625 constituit
2595 2562 2810 2626 Kiess-

523 2671 765 2755 lingius
829 2670 1065 2734 aunall.
1113 2669 1362 2752 philoll.
1419 2673 1583 2734 1868
1641 2695 1702 2754 p.
1751 2670 1905 2751 6293
1972 2669 2048 2731 de
2114 2668 2504 2750 imperativo
2562 2673 2810 2732 antece-

524 2777 700 2840 denti
765 2777 790 2839 i
846 2777 943 2838 vel
1004 2777 1081 2838 ite
1142 2777 1309 2839 nude
1375 2777 1671 2859 adposito
1738 2779 1890 2859 post
1955 2774 2438 2839 Fleckeisennm
2509 2776 2814 2840 disseruit

529 2884 764 2947 Aemil.
812 2882 1032 2946 Ballas
1080 2903 1351 2966 gramm.
1402 2883 1607 2946 Plaut.
1656 2906 1822 2965 spec.
1871 2882 1898 2944 I
1949 2905 2009 2964 p.
2057 2883 2149 2944 15.

706 2986 1007 3052 Ceterum
1053 3011 1223 3053 nunc
1254 2989 1582 3054 adsentior
1609 2989 2026 3071 Buechelero‚
2073 2988 2183 3072 qui
2212 2994 2520 3069 ‚speratum
2569 2990 2810 3052 servari

527 3096 750 3178 voluit,
795 3117 985 3178 quem
1032 3098 1106 3158 ut
1148 3095 1272 3158 rite
1320 3095 1603 3177 accipiat
1638 3095 1858 3159 ornari
1906 3094 2124 3178 puella
2168 3094 2446 3158 iubetur.
2513 3095 2810 3177 supplen-

526 3203 641 3265 dus
689 3201 892 3284 igitur
940 3201 1193 3264 videtur
1242 3225 1297 3265 v.
1352 3203 1476 3264 176
1524 3201 1616 3265 sic
1664 3224 1827 3265 esse:

889 3310 1104 3372 venire
1153 3311 1220 3371 et
1265 3331 1515 3372 mecum
1563 3309 1693 3371 citis
1739 3311 2066 3390 speratum
2117 3306 2447 3368 adducere.

524 3415 601 3479 In
646 3414 971 3498 sequentis
1001 3437 1218 3478 versus
1258 3415 1433 3477 exitu
1480 3417 1856 3495 cmzlbrment
1891 3411 2078 3492 probe
2111 3411 2306 3474 scribi
2353 3411 2558 3474 suasit
2588 3409 2810 3474 Stude·

524 3521 796 3585 mundus
846 3523 911 3583 et
958 3541 1159 3602 paene
1206 3522 1543 3603 persuasit.

708 3629 831 3691 178
882 3626 1145 3690 Certum
1193 3628 1451 3710 quidem
1499 3631 1596 3690 est
1631 3649 1836 3710 neque
1883 3624 2097 3687 multis
2133 3645 2334 3707 neque
2371 3622 2602 3686 cunctis
2639 3621 2811 3685 olere

523 3737 801 3798 stactam
857 3737 1029 3797 recte
1085 3733 1238 3816 dici3
1295 3733 1456 3796 illud
1513 3733 1684 3796 enim
1746 3732 2121 3814 absurdum,
2175 3729 2299 3794 hoe
2353 3729 2652 3794 otiosum.
2744 3730 2811 3792 in

522 3840 752 3922 quibus
798 3862 878 3903 ne
925 3840 1095 3904 forte
1143 3839 1404 3904 odorem
1453 3840 1730 3902 alterum
1776 3860 2045 3920 quaeras
2096 3841 2320 3901 vetant
2366 3836 2812 3900 antecedentia

523 3947 817 4029 quamvis
865 3950 1172 4028 corrupta
1218 3947 1502 4028 lonyeque
1528 3950 1600 4022 et,
1646 3967 1808 4028 quae
1855 3944 2160 4008 latissimi
2209 3943 2404 4027 spatii
2434 3942 2808 4025 descriptio—

522 4073 671 4113 nem
746 4051 1029 4115 iudicare
1106 4052 1418 4115 videntur.
1511 4051 1870 4114 sententiae
1943 4051 2149 4136 igitur
2214 4049 2586 4114 conveniret
2651 4071 2701 4111 e.
2759 4070 2810 4112 c.

524 4158 696 4239 lonqe
728 4178 847 4238 per
898 4179 1143 4239 campos
1190 4159 1291 4221 vel
1346 4159 1542 4222 saltus
1587 4158 1689 4221 vel
1737 4157 2006 4238 plateas,
2061 4156 2326 4239 propius
2381 4159 2603 4217 tamen
2650 4177 2688 4217 a
2733 4155 2807 4219 li-

526 4264 789 4327 brorum
855 4263 979 4326 fide
1038 4266 1229 4348 atque
1293 4264 1389 4327 ita
1444 4267 1922 4346 comparatum,
1987 4266 2059 4325 ut
2111 4263 2325 4327 varias
2373 4260 2692 4324 Prisciani
2748 4265 2812 4326 et
