3400 5075
715 323 797 386 96
1500 323 1779 373 εΕΧΤνε
1817 323 2215 373 Tvssmmvs¹

1737 478 1831 543 XI
1907 480 1947 543 8

986 596 1207 659 Satine
1257 601 1327 660 tit
1374 617 1440 660 se
1487 601 1699 659 metim
1748 617 1856 659 eor
1879 478 2348 679 (ugltiptatibus
2396 594 2550 658 dat?

983 712 1430 778 Ium6rtalitus
1488 732 1553 774 se
1602 708 1844 793 optulit
1888 712 1976 773 mi
2023 711 2179 773 haee
2227 709 2519 773 facultas,

1655 868 2060 934 LEMNIAE

1774 984 1806 1048 Ι
1854 983 1954 1071 (4)

760 1103 846 1165 90
893 1102 1164 1185 Propter
1208 1104 1543 1185 peceatum
1589 1100 1936 1183 paiisillum
1980 1097 2427 1184 indignissime

892 1217 1112 1281 Patria
1159 1216 1548 1301 protelatum
1597 1217 1737 1279 esse
1785 1215 2055 1279 saeuitia
2100 1216 2321 1300 patris.

1751 1356 1817 1419 Π
1895 1356 1934 1420 3

895 1472 1113 1537 Habes
1160 1476 1566 1557 potestatem.
1633 1471 1664 1541 ss'
1711 1472 1820 1536 tibi
1864 1354 2301 1556 {elestateffl
2348 1471 2381 1545 ss*
2427 1472 2597 1536 senis

893 1587 1110 1651 Pretio
1160 1587 1511 1653 contendas
1557 1592 1630 1652 fit
1675 1588 2006 1670 redempto
2052 1587 2323 1651 Faedria

896 1703 1115 1767 Liceat
1170 1704 1374 1766 redire
1422 1701 1758 1787 antiquam
1804 1704 1872 1766 in
1919 1703 2465 1767 consuetudinem.

1735 1853 1835 1918 ΠΙ
1882 1851 1983 1941 (1)

760 1969 845 2033 95
1910 1971 2117 2053 neque
2166 1970 2393 2033 durare
2440 1970 2727 2077 possum:

893 2083 994 2146 Ita
1040 2084 1230 2147 huius
1275 2084 1616 2148 inscientia
1662 2106 1737 2148 ac
1785 2084 2107 2149 dementia
2153 2086 2469 2149 extorrem
2516 2085 2687 2148 facit.

721 2294 769 2330 e.
811 2293 860 2342 q.
903 2293 946 2329 s,
986 2277 1247 2340 (ethera
1284 2278 1503 2341 Bamb.)
1643 2279 1721 2329 XI
1758 2280 1970 2330 Nonius
1995 2281 2211 2341 514,'27
2244 2271 2752 2331 ‘inmortalitas
2811 2280 3007 2345 Turpi-

714 2345 822 2395 lius
857 2345 1095 2395 Hetera:
1134 2348 1343 2395 satine’
1384 2362 1432 2404 e,
1471 2363 1520 2410 q.
1560 2361 1601 2399 s,
1674 2347 2006 2410 (Hetaera
2040 2346 2222 2411 Harl.)

849 2414 1116 2463 Laurum:
1191 2414 1301 2475 (Cf.
1340 2413 1570 2480 Λημνία
1604 2414 1886 2477 Alexidis,
1936 2412 2193 2479 Λημνιάι
2228 2414 2558 2479 Antiphanis
2593 2414 2808 2478 Diphili
2844 2415 3007 2464 Nico-

717 2477 922 2547 charis)
995 2483 1083 2532 Ita
1119 2497 1216 2546 pro
1252 2481 1482 2547 uulgato
1519 2482 1780 2531 ‘Lemnii’
1829 2482 1989 2532 titulo
2031 2482 2316 2548 inscripsit
2361 2482 2612 2532 fabulam
2652 2481 3006 2533 Grautoffius.

715 2551 986 2612 Quoniam
1025 2548 1092 2598 de
1132 2550 1493 2601 ‘redimendo’
1535 2552 1691 2601 exule
1719 2550 1829 2600 filio
1856 2551 2066 2614 agitur,
2105 2552 2341 2601 fortasse
2379 2550 2570 2613 lembi,
2610 2565 2837 2614 quorum
2867 2551 2931 2601 fr.
2960 2552 3006 2600 V

720 2617 923 2667 mentio
959 2616 1044 2675 fit,
1084 2617 1215 2666 item
1252 2623 1311 2667 ut
1349 2619 1403 2667 in
1439 2617 1626 2667 Plauti
1663 2618 2042 2668 Bacchidibus
2077 2620 2178 2669 280
2214 2634 2351 2683 sqq„
2390 2619 2611 2683 piratici
2647 2618 3005 2683 intellegendi

715 2690 873 2747 sunt,
912 2684 1006 2748 qui
1032 2690 1334 2749 rapuerunt
1357 2685 1705 2736 Phaedriam.
1775 2686 1864 2735 Fr.
1893 2688 1969 2736 VI
2003 2685 2096 2736 uel
2121 2687 2426 2736 meretricis
2452 2685 2541 2735 uel
2573 2689 2809 2751 parasiti
2836 2687 3007 2736 fuisse

716 2751 951 2801 uidetur.
1148 2748 1173 2800 I
1210 2752 1418 2803 Nonius
1455 2755 1572 2816 363,
1616 2755 1680 2802 14
1718 2753 2092 2818 ‘protelare
2141 2754 2307 2803 etiam
2344 2753 2651 2803 excludere.
2725 2754 3007 2818 Turpilius

715 2819 966 2868 Lemnis:
1013 2810 1251 2884 propter'
1301 2838 1348 2873 e.
1398 2836 1447 2884 q.
1498 2837 1540 2870 s.
1717 2822 1771 2871 11
1808 2821 2017 2870 Nonius
2053 2823 2173 2884 259,
2209 2824 2275 2871 28
2324 2821 2761 2872 ‘contendere
2812 2823 3006 2871 iterum

715 2886 997 2950 significat
1034 2892 1359 2951 extorquere
1389 2928 1401 2940 .
1430 2929 1442 2941 .
1471 2931 1482 2942 .
1505 2928 1516 2938 .
1543 2888 1829 2953 Turpilius
1869 2889 2205 2939 Lemonis:
2255 2889 2449 2938 habet’
2489 2904 2534 2942 e.
2574 2903 2626 2952 q.
2663 2902 2705 2938 s.
2766 2887 2835 2951 (1.
2851 2904 3005 2938 eno-

663 2961 667 2966 ’
715 2955 911 3004 nibus
959 2970 1056 3008 ms,
1092 2955 1280 3005 Fabri.
1331 2955 1638 3006 Lemniis
1687 2955 1830 3019 edd.)
2046 2957 2130 3007 111
2167 2957 2378 3006 Nonius
2428 2958 2515 3018 14,
2561 2959 2628 3006 30
2673 2957 3006 3006 ‘extorris

716 3134 866 3190 facile
899 3142 960 3189 ut
1006 3134 1163 3189 facias
1209 3135 1427 3205 scripsi
1469 3131 1570 3207 (cf.
1622 3136 1818 3190 coroll.
1866 3136 1947 3190 ad
1974 3135 2152 3191 Ennii
2181 3142 2330 3207 tray.
2367 3133 2486 3190 299
2516 3152 2578 3206 p.
2611 3133 2914 3207 XXXIII)
2947 3143 3008 3190 ut

716 3220 872 3275 saciet
918 3219 986 3274 W
1018 3226 1075 3272 ut
1108 3217 1264 3273 saciat
1296 3222 1478 3274 ceteri
1501 3219 1638 3275 libri
1667 3227 1726 3272 ut
1759 3217 1916 3273 facias
1952 3218 2194 3275 Rothius
2323 3235 2385 3273 ex
2432 3227 2484 3274 te
2515 3234 2710 3292 cepero
2745 3220 3002 3288 Bothum,

713 3308 814 3376 qui
842 3309 1039 3359 cetera
1071 3306 1258 3358 minus
1288 3309 1444 3357 recte
1475 3304 1773 3375 disposuit.
1864 3319 2058 3376 cepero
2091 3320 2154 3359 ex
2187 3310 2239 3358 te
2270 3304 2430 3374 libri,
2465 3305 2618 3376 quod
2645 3307 2797 3359 tueri
2819 3308 3009 3374 possis

710 3391 763 3443 si
805 3388 1060 3444 scribas.-
1107 3388 1238 3442 haec
1281 3388 1326 3441 si
1370 3386 1583 3461 inpetro
1630 3386 1725 3443 abs
1773 3395 1826 3442 te
1874 3397 1931 3443 ut
1976 3386 2157 3458 fascias,
2203 3387 2295 3460 pol
2336 3389 2465 3443 satis
2510 3387 2670 3443 fructi
2714 3403 2910 3460 cepero
2943 3388 3006 3442 cx

714 3480 795 3533 te:
835 3490 948 3543 pro
993 3473 1107 3527 illis
1151 3471 1312 3526 facias
1357 3472 1449 3545 pol
1496 3473 1900 3529 Buechelerus
1955 3471 2165 3528 [actites
2204 3475 2528 3544 proposuit.
2679 3471 2759 3528 88
2803 3475 3007 3527 satisne

714 3556 958 3612 Bothius
1126 3572 1185 3611 se
1234 3557 1618 3629 GrautoffittS,
1667 3575 1773 3614 om.
1819 3558 1957 3612 libri
2128 3555 2500 3629 uoluptatibus
2534 3555 2768 3611 abundat
2800 3557 3007 3613 Guliel-

711 3645 858 3697 mius
919 3641 1097 3696 Veris,
1148 3641 1220 3697 II
1260 3640 1334 3696 21
1524 3642 1602 3698 89
1651 3641 1849 3696 obtulit
1894 3641 2098 3696 Bamb.
2146 3642 2319 3697 Harl.
2476 3643 2546 3696 mi
2599 3642 2836 3697 Bolhius
2880 3642 3005 3695 mihi

710 3727 845 3781 libri
1014 3725 1096 3782 90
1141 3734 1381 3799 paratum
1412 3727 1603 3782 Palat.
1737 3725 2029 3799 pauxillum
2062 3725 2417 3781 Munclcerus
2447 3726 2526 3782 ad
2565 3724 2732 3799 Fuly.
2775 3744 2835 3797 p.
2888 3725 3005 3782 159

711 3809 999 3883 pauxillum
1030 3810 1225 3868 Palat.
1272 3809 1618 3883 pausillulum
1652 3813 1836 3865 ceteri
1872 3811 2009 3866 libri
2136 3810 2210 3866 91
2246 3810 2438 3864 seuitia
2467 3810 2599 3865 libri
2725 3809 2803 3866 92
2848 3809 3008 3865 habet

710 3896 844 3949 libri
1032 3900 1357 3967 potestatem
1423 3896 1598 3964 seni3‚
1668 3911 1973 3966 suprascr.
2031 3894 2121 3951 ubi
2179 3901 2538 3968 potestatem,
2606 3894 2780 3951 Harl.
2851 3893 3008 3950 habet

711 3986 1055 4050 potestatem.
1105 3972 1138 4044 [Γ
1184 3977 1307 4033 ubi?
1364 3973 1395 4044 [Γ
1439 3985 1766 4050 potestatem
1812 3980 1956 4033 senis
2004 3979 2247 4035 Bothius
2291 3977 2450 4034 habet
2504 3987 2828 4051 potestatem
2867 3971 3006 4035 ille?

712 4057 744 4128 ΙΓ
789 4070 1113 4136 potestatem
1168 4065 1314 4118 senis
1372 4061 1741 4135 Grautoffius
1983 4062 2061 4120 93
2118 4062 2407 4119 Phaedriae
2466 4061 2865 4134 Grautoffius,
2922 4063 3006 4116 in-

714 4154 936 4203 certum
980 4165 1150 4220 quam
1197 4154 1373 4203 recte.
1549 4146 1628 4203 95
1673 4149 1854 4203 iurare
1900 4148 2072 4203 Harl.
2120 4146 2314 4202 durare
2362 4148 2448 4202 hic
2494 4146 2858 4220 Grautoffius

712 4249 933 4305 possum
991 4231 1298 4288 Mercerus
1352 4238 1585 4304 possunt
1637 4233 1775 4288 libri
1942 4231 2021 4288 96
2079 4232 2286 4287 inscitia
2339 4230 2670 4302 Stephanus
2723 4229 3007 4286 insolentia

714 4316 952 4389 Maehly
992 4319 1031 4372 l.
1075 4319 1111 4371 l.
1286 4332 1345 4371 ac
1393 4315 1636 4372 Bothius
1680 4323 1842 4388 atque
1885 4317 2020 4371 libri
