3400 5075
1375 362 1695 414 'rmmvs
2580 363 2698 426 157

1408 517 1503 582 12(
1551 516 1695 603 (16)

405 639 595 706 169s70
625 630 700 697 Ss
743 634 866 697 erit
909 634 1030 697 tibi
1077 633 1499 718 cantandum,
1543 634 1742 698 facito
1791 657 1991 718 usque
2038 634 2422 700 exuibrisses
2471 686 2484 700 .
2532 687 2545 700 .
2597 687 2609 699 .

1419 783 1479 848 2(
1526 783 1671 872 (12)

574 899 917 966 Feminina
964 901 1255 965 fabulare
1305 901 1673 966 succrotilla
1720 902 1968 966 uocula.

1434 1052 1530 1117 XI
1578 1049 1678 1139 (2)

2103 1171 2288 1234 caue!

403 1282 876 1369 172¹Exp6rge
923 1284 1232 1369 frontem,
1279 1284 1466 1348 labea
1511 1305 1764 1369 semper
1809 1284 2007 1349 facito
2055 1286 2220 1350 rictu
2269 1283 2499 1350 rideat.

1385 1434 1517 1499 XII
1564 1432 1710 1521 (15)

2103 1552 2536 1637 tentipellium

577 1664 938 1753 Inducitur,
983 1686 1183 1751 rugae
1229 1668 1338 1731 6re
1387 1666 1823 1731 extenduntur
1914 1717 1927 1730 .
2021 1718 2033 1731 .

1397 1807 1560 1873 XIII
1634 1809 1675 1872 9

406 1924 530 1989 175
578 1975 592 1989 .
685 1975 699 1988 .
793 1976 806 1990 .
899 1974 913 1987 .
1004 1924 1333 1989 hominem
1378 1806 1773 2009 improlffuznl
1820 1946 1996 1989 nunc
2041 1925 2175 1989 ruri
2222 1926 2693 2010 pergraecetur.

400 2155 614 2205 biliter:
664 2155 740 2206 cf.
790 2155 861 2206 ad
909 2154 1137 2206 Setinae
1189 2156 1255 2210 sr.
1294 2155 1379 2206 111
1423 2155 1574 2220 adn.)
1789 2154 1869 2205 1x
1916 2155 2080 2205 Pauli
2128 2157 2330 2206 Festus
2384 2172 2436 2221 p.
2483 2158 2584 2207 370
2629 2157 2704 2211 Μ.

403 2224 815 2274 ‘uibrissare
853 2229 936 2274 est
972 2239 1163 2274 uocem
1201 2224 1257 2272 in
1281 2222 1557 2273 cantando
1585 2223 1845 2288 crispare.
1918 2222 2220 2273 Titinnius:
2258 2225 2307 2274 si
2344 2225 2473 2274 erit’
2502 2240 2549 2276 e.
2578 2241 2629 2289 q.
2660 2240 2703 2274 s.

534 2292 581 2340 X
621 2292 824 2342 Festus
861 2308 914 2357 p.
951 2294 1047 2342 301
1087 2290 1161 2341 M.
1204 2288 1686 2356 ‘[succrotilla]
1729 2291 1911 2340 tenuis
1950 2289 2264 2355 di‹·cba[tur
2310 2296 2367 2341 et
2404 2290 2518 2341 alta
2553 2290 2700 2357 uox.]

398 2359 756 2409 Titinnius
791 2359 857 2408 in
885 2394 1100 2412 ......
1126 2356 1440 2424 [feminina]
1471 2358 1783 2408 fabulare
1823 2355 2223 2423 succro[tilla
2248 2358 2465 2410 uocula.
2525 2358 2703 2424 Afra]-

399 2427 542 2476 nius’
588 2441 635 2475 e.
682 2440 732 2491 q.
785 2441 827 2476 s.
914 2426 1123 2477 Paulus
1170 2442 1220 2492 p.
1266 2429 1366 2478 300
1411 2427 1484 2477 Μ.
1528 2417 1962 2476 ‘succrotilla
2007 2443 2162 2489 uox,
2218 2428 2400 2477 tenuis
2453 2433 2512 2478 et
2567 2426 2699 2481 alta.

398 2493 704 2545 Titinnius:
741 2494 1011 2546 feminina
1046 2509 1090 2550 s.
1128 2498 1203 2545 u.’
1343 2494 1422 2545 XI
1460 2494 1669 2544 Nonius
1693 2496 1813 2557 221,
1846 2496 1908 2545 15
1933 2493 2172 2545 ‘rictus
2208 2495 2425 2560 generis
2453 2501 2540 2546 est
2564 2510 2703 2546 mas·

398 2562 587 2615 culini.
669 2562 939 2613 Titinius:
986 2577 1120 2613 caue
1161 2599 1172 2611 .
1209 2600 1223 2614 .
1260 2598 1272 2612 .
1307 2562 1498 2612 rictus.
1570 2563 1707 2612 ricta
1755 2563 1961 2613 neutri’
2013 2579 2061 2614 e.
2100 2579 2151 2628 q.
2186 2578 2230 2613 s.
2312 2562 2464 2613 Idem
2499 2565 2632 2621 456,
2676 2566 2699 2613 1

400 2631 663 2680 ‘rictum
702 2630 941 2681 ferarum
978 2631 1090 2680 dici
1125 2630 1342 2689 uolunt,
1383 2645 1503 2680 cum
1528 2630 1774 2680 Titinius
1800 2636 1994 2680 auctor
2018 2632 2092 2679 sit
2126 2631 2292 2680 etiam
2317 2630 2558 2680 hominis
2592 2630 2702 2681 dici

399 2698 627 2749 debere:
665 2701 825 2749 caue’
864 2713 911 2747 e.
941 2713 990 2762 q.
1016 2713 1059 2748 s.
1133 2696 1462 2760 (Titinius
1500 2697 1752 2748 Caeco:
1791 2713 2084 2763 exporge
2124 2698 2269 2748 coni.
2306 2698 2700 2749 Neukirchius.

398 2765 574 2816 Multo
602 2764 945 2831 probabilius
971 2766 1036 2814 de
1062 2764 1240 2815 Cane
1269 2765 1431 2816 titulo
1458 2765 1680 2816 fabulae
1706 2764 1963 2831 cogites.)
2071 2766 2178 2817 XII
2202 2767 2403 2816 Festus
2429 2782 2479 2832 p.
2506 2769 2607 2817 364
2632 2768 2683 2816 M

401 2832 896 2897 ‘tentipellium
933 2833 1183 2884 Artorius
1225 2838 1389 2898 putat
1422 2848 1548 2884 esse
1587 2833 2012 2884 calciamentum
2051 2833 2339 2895 ferratum,
2389 2849 2494 2900 quo
2531 2834 2701 2898 pellea

398 2900 764 2951 extenduntur
800 2934 867 2944 —
901 2927 969 2936 —
1006 2901 1275 2951 Titinium
1313 2902 1415 2951 ait’
1453 2899 1558 2963 (sic
1580 2900 1833 2952 Ursinus.
1862 2904 2089 2951 ‘autem'
2118 2902 2373 2952 Vaticani
2397 2902 2506 2966 RS,
2547 2903 2702 2967 Pius)

393 2960 643 3020 ‘Verrius
668 2969 986 3019 existimare
1012 2968 1071 3018 id
1108 2967 1562 3020 medicamentum
1590 2983 1743 3030 esse,
1782 2983 1888 3034 quo
1924 2983 2096 3034 rugae
2122 2970 2504 3029 extendantur,
2543 2985 2702 3033 quom

398 3036 579 3087 dicat:
627 3037 1017 3102 tentipellium'
1065 3052 1112 3086 e.
1152 3053 1201 3102 q.
1247 3051 1289 3087 s.
1365 3040 1549 3100 ‘quom
1586 3035 1679 3086 ille
1717 3034 1996 3098 τροπικῶς
2030 3036 2271 3091 dixerit)
2331 3029 2701 3101 τετάνωθρον

403 3120 528 3155 esse
554 3106 765 3154 monuit
789 3103 1042 3169 Scaliger
1062 3104 1218 3155 Coni.
1248 3105 1305 3153 in
1323 3103 1480 3155 Varr.
1520 3120 1572 3169 p.
1596 3105 1694 3155 138
1831 3104 1963 3155 xm
2004 3104 2165 3155 Pauli
2190 3106 2389 3155 Festus
2426 3121 2478 3170 p.
2503 3107 2604 3155 215
2625 3104 2702 3153 M.

401 3174 867 3238 ‘pergraecari
896 3177 982 3224 est
1005 3171 1181 3238 epulis
1206 3179 1263 3222 et
1288 3172 1667 3238 potationibus
1691 3172 1981 3223 inseruire.
2054 3172 2365 3222 Titinnius:
2394 3172 2700 3233 hominem’

401 3404 636 3462 Sueten.
685 3405 830 3462 Ner.
877 3403 956 3460 51
1003 3405 1113 3460 sint
1167 3412 1223 3460 et
1279 3404 1590 3461 (licislibri
1637 3407 1905 3479 plerique
1950 3406 2033 3459 sin
2080 3414 2134 3459 et
2188 3403 2320 3460 dicis
2368 3404 2572 3461 Bamb.
2616 3407 2699 3462 siu

391 3467 580 3545 &dices
624 3486 779 3546 Lem.
833 3489 950 3546 116
1011 3490 1331 3563 syntheticis
1385 3490 1711 3546 Palmerius
1754 3490 2023 3562 Spiceleq.
2068 3507 2164 3561 ap.
2212 3489 2376 3546 aruc.
2434 3490 2533 3545 IV
2580 3491 2700 3547 779

574 3575 693 3632 169
738 3589 825 3647 sq.
872 3575 1265 3645 septenariam
1311 3576 1668 3632 trochaicum
1713 3576 2018 3645 discripsi,-
2061 3576 2327 3630 senarios
2368 3575 2414 3629 si
2457 3576 2560 3630 erit
2607 3574 2702 3630 tibi

399 3658 730 3715 Canmndum
763 3659 1141 3715 Hermannus
1167 3661 1207 3715 l.
1238 3661 1278 3715 l.
1311 3658 1433 3716 276
1554 3657 1671 3715 172
1720 3674 1849 3715 caue
1876 3658 2039 3727 libri,
2085 3661 2193 3714 uix
2222 3666 2399 3714 recte.
2478 3659 2706 3716 Conieci

401 3760 503 3818 age
533 3745 628 3800 uel
656 3742 876 3800 callide:
924 3745 1028 3800 sed
1053 3744 1186 3799 uide
1230 3759 1435 3815 supra.
1496 3742 1648 3800 calue
1694 3743 2103 3812 Quicberatius
2278 3737 2425 3799 172¹
2473 3743 2706 3799 excorde

397 3830 534 3885 libri
568 3846 628 3901 p.
662 3827 786 3885 456
946 3826 1095 3884 labes
1139 3831 1355 3900 scripsi
1396 3826 1569 3884 labent
1610 3829 1749 3884 libri
1784 3845 1846 3900 p.
1891 3825 2015 3884 456
2061 3824 2257 3882 habeat
2295 3829 2433 3884 libri
2468 3844 2530 3900 p.
2578 3827 2696 3883 221

400 3929 467 3968 ne
513 3911 702 3969 habeat
735 3911 1110 3969 Hermannus
1152 3915 1191 3969 l.
1235 3915 1276 3968 l.
1325 3912 1488 3971 lateat
1536 3912 1929 3969 Nealcirchius
2101 3910 2262 3968 facito
2306 3913 2513 3970 Iunius
2559 3913 2700 3969 sacto

395 4032 558 4102 libri«,
606 4035 720 4087 nisi
760 4032 915 4105 quod
955 4002 1096 4086 fficio
1137 4031 1324 4087 Ursin.
1359 4029 1481 4088 308
1527 4029 1694 4086 factos
1726 4031 1867 4088 Par.
1915 4028 1962 4097 Q
2003 4046 2061 4102 p.
2096 4028 2216 4085 221
2350 4033 2489 4087 rictu
2533 4030 2702 4086 rideat

408 4116 600 4173 Urbin.
649 4116 818 4171 rictus
862 4115 1032 4171 rideat
1076 4116 1217 4171 Par.
1263 4114 1308 4182 Q
1344 4132 1409 4187 p.
1451 4114 1574 4170 221
1623 4116 1792 4171 rictus
1840 4118 2023 4172 celeri
2062 4116 2231 4185 libri,
2277 4118 2432 4188 quod
2473 4120 2601 4172 olim
2644 4121 2701 4171 in

398 4208 658 4259 extremo
703 4204 990 4257 octonarii
1037 4201 1185 4271 pede
1238 4215 1652 4270 servaveram,
1710 4203 1877 4257 cuius
1920 4201 1993 4256 ab
2050 4203 2209 4256 initio
2263 4207 2385 4256 tres
2438 4202 2703 4273 syllabae

397 4287 684 4343 deessent.
863 4284 983 4342 174
1028 4283 1304 4341 inducitur
1349 4286 1472 4341 cod.
1519 4283 1732 4340 inducis
1762 4282 1907 4340 Pius
2077 4298 2243 4357 rugae
2273 4285 2327 4340 in
2375 4301 2470 4340 ore
2516 4293 2699 4343 exten-

399 4368 604 4427 duntur
649 4371 800 4443 cod„
839 4386 957 4441 pro
999 4372 1342 4445 qlossemate
1384 4369 1559 4426 habel
1587 4369 1977 4427 Forcellinias
