3400 5075
656 384 738 446 68
1445 386 1533 436 CA
1544 384 1828 435 ECILIVS
1866 384 2077 436 STATI
2087 384 2173 437 VS

1760 541 1846 605 11·

757 682 765 691 ,
828 630 1062 694 auffibo

1678 743 1940 808 PVGIL

827 860 991 923 Tum
1050 860 1216 923 inter
1270 858 1649 923 luctandum
1704 859 1877 923 bunc
1933 858 2230 924 timidum
2277 863 2569 926 tremulis
2618 863 2942 946 palpebris

832 975 1170 1038 Percutere
1218 974 1424 1037 nictu:
1470 974 1576 1038 hic
1623 975 1903 1059 gaudere
1950 978 2017 1037 et
2060 977 2365 1039 mirarier.

1557 1102 2043 1198 SYMBOLVM

1788 1249 1818 1312 1

668 1365 789 1427 195
840 1347 1155 1428 Destituit
1201 1385 1424 1428 omues
1474 1364 1695 1427 seruos
1744 1362 1825 1427 ad
1873 1385 2161 1435 mensam
2209 1366 2360 1428 {ulte
2408 1388 2490 1428 se.

1761 1505 1826 1569 11

821 1619 1065 1683 Audire
1115 1620 1323 1704 ignoti
1372 1641 1567 1702 quom
1615 1618 1943 1703 imperant
1989 1621 2193 1704 soleo,
2241 1643 2372 1684 non
2421 1622 2797 1684 auscultare.

1455 1776 1783 1842 SYNARI
1792 1776 2119 1842 STOSAE

825 1891 981 1955 Heri
1031 1896 1184 1957 uero
1232 1891 1641 1976 prospexisse
1688 1915 1835 1956 eum
1884 1915 1950 1956 se
1998 1916 2074 1956 ex
2120 1895 2380 1978 tegulis:

822 2006 998 2070 Haec
1046 2007 1380 2070 nuntiasse
1428 2010 1492 2069 et
1540 2002 1904 2071 flammeum
1955 2012 2294 2091 expassum
2342 2008 2515 2071 domi

784 2201 840 2251 11
879 2201 1005 2251 uide
1044 2201 1115 2249 ad
1153 2201 1345 2250 Nuucl.
1388 2202 1405 2249 l

776 2269 960 2318 onn,
1032 2269 1232 2319 Festus
1269 2285 1321 2333 p.
1364 2270 1458 2318 177
1494 2269 1567 2320 Μ.
1606 2269 1894 2320 ‘nictare
1931 2275 1986 2319 et
2012 2268 2291 2319 oculorum
2317 2274 2376 2319 et
2414 2269 2645 2320 aliorum
2679 2270 2941 2321 membro-

642 2351 757 2385 rum
795 2338 914 2385 nisu
954 2352 1116 2400 saepe
1156 2336 1366 2400 aliquid
1402 2337 1591 2386 conari
1627 2336 1834 2386 dictum
1869 2342 1952 2385 est
1990 2338 2060 2386 ab
2096 2338 2340 2400 antiquis
2364 2363 2430 2372 -—
2455 2364 2511 2373 —
2544 2338 2685 2388 uude
2723 2337 2941 2403 quidam

640 2404 1027 2463 metationem,
1076 2404 1294 2467 quidam
1339 2404 1572 2467 nictum,
1619 2409 1683 2453 ut
1730 2403 2012 2454 Caecilius
2056 2404 2120 2453 in
2167 2404 2487 2470 pugilem:
2534 2408 2668 2454 tum'
2718 2421 2768 2455 e.
2807 2421 2858 2469 q.
2897 2420 2938 2453 s.

639 2472 845 2521 Paulus
892 2487 941 2535 p.
994 2472 1090 2521 176
1135 2471 1206 2523 M.
1258 2471 1525 2521 ‘dicimus
1577 2472 1722 2520 enim
1769 2471 2129 2521 nictationem
2174 2478 2228 2521 et
2273 2472 2542 2521 nictum.
2631 2471 2939 2522 Caecilius:

649 2540 794 2588 hunc
831 2540 1080 2589 tremulis
1118 2556 1170 2604 p.
1209 2555 1262 2604 p.
1303 2541 1497 2590 nictu.'

778 2609 1089 2657 Svusonvu
1161 2608 1185 2656 1
1225 2607 1436 2657 Nonius
1473 2609 1597 2664 280,
1642 2608 1675 2655 2
1712 2606 2041 2656 ‘destitui
2087 2621 2299 2656 rursum
2334 2608 2553 2660 statui.
2578 2644 2592 2658 .
2621 2645 2634 2657 .
2663 2607 2941 2657 Caecilius

641 2676 697 2723 in
736 2673 1018 2738 Symbolo:
1066 2674 1338 2725 destituit'
1386 2691 1435 2725 e.
1486 2690 1535 2739 q.
1587 2689 1629 2722 s.
1802 2673 1854 2724 11
1891 2674 2098 2725 Nonius
2133 2677 2250 2736 246,
2291 2677 2350 2724 14
2391 2674 2818 2724 ‘auscultare
2857 2680 2942 2723 est

642 2742 874 2805 obsequi
912 2780 924 2792 .
954 2779 1006 2793 ..
1044 2742 1323 2792 Caecilius
1362 2740 1683 2792 Simbolm
1727 2741 1936 2790 audire'
1986 2758 2035 2790 c.
2083 2757 2136 2807 q.
2184 2757 2228 2792 s.
2277 2740 2620 2806 (Symbolo
2664 2742 2942 2791 Mcrcerus

641 2810 954 2858 sembono
982 2809 1131 2858 Leid.
1159 2809 1294 2858 Gen.
1321 2823 1386 2857 ex
1422 2807 1765 2859 soembolo
1802 2813 1977 2858 ortum
2003 2811 2279 2860 embono
2315 2811 2483 2859 ceteri
2517 2809 2643 2859 libri
2671 2809 2941 2859 Embolo

646 2875 893 2940 Scaliger
930 2876 1212 2940 Emporo
1248 2876 1533 2926 Turnebus
1570 2876 1707 2926 Adu.
1746 2875 1929 2926 XXIX
1966 2878 2056 2938 20,
2096 2877 2321 2941 Lipsius
2357 2877 2535 2941 Epist
2575 2880 2787 2941 quaest.
2824 2877 2849 2925 I
2880 2876 2941 2925 18

642 2943 1186 3008 Hypobolimaeo
1221 2943 1445 3005 Junius)

780 3012 1188 3060 Svnsais‘rostts
1261 3011 1343 3060 Ex
1380 3008 1664 3060 Menandri
1711 3009 2079 3088 Synaristosis
2123 3010 2260 3061 haec
2305 3010 2454 3088 (Iv):
2496 3000 2674 3074 Ἔρως
2720 3003 2787 3060 δὲ
2830 3008 2941 3060 τῶν

641 3077 801 3129 θεῶν
826 3072 1016 3159 Ἰσχύν
1044 3074 1188 3142 ἔχων
1194 3077 1485 3155 πλείστην
1510 3069 1604 3128 ἐπὶ
1628 3071 1836 3128 τούτου
1874 3077 2198 3128 δείκνυται·
2238 3072 2353 3128 Διά
2377 3076 2582 3129 τοῦτον
2609 3070 2938 3144 ἐπιορκοῦσι

642 3142 775 3204 τοὺς
811 3140 1023 3227 ἅλλςυς
1058 3136 1237 3203 θεούς
1276 3144 1472 3195 affinia
1499 3144 1671 3194 uideri
1696 3161 1793 3210 pos
1770 3151 1927 3195 »sunt
1952 3146 2152 3197 amoris
2176 3145 2429 3195 laudibus
2466 3161 2608 3210 quae
2635 3151 2765 3195 sunt
2796 3144 2939 3210 apud

642 3219 886 3262 nostrum
934 3214 1041 3263 inc.
1092 3213 1206 3262 fab.
1243 3212 1362 3264 XV.
1519 3211 1730 3262 Gellius
1765 3213 1881 3273 XV,
1936 3216 1995 3263 15
2032 3215 2127 3264 ‘ab
2167 3228 2231 3262 eo
2266 3212 2414 3276 quod
2453 3220 2538 3263 est
2575 3213 2782 3277 pando,
2821 3228 2938 3277 pas·

642 3296 759 3330 sum
788 3287 1001 3331 ueteres
1029 3280 1309 3336 dixerunt,
1351 3295 1457 3329 non
1497 3295 1747 3344 pansum,
1781 3286 1836 3329 et
1873 3295 1992 3329 eum
2018 3297 2092 3331 ex
2122 3281 2527 3345 praepositione
2558 3294 2938 3344 expassum,

644 3364 751 3397 non
792 3363 1115 3413 expansum.
1191 3347 1469 3397 Caecilius
1505 3347 1560 3396 in
1597 3346 1986 3411 Synaristosis:
2024 3347 2164 3397 heri’
2205 3364 2253 3400 e.
2291 3365 2342 3413 q.
2380 3363 2427 3398 s.
2501 3348 2709 3397 Nouius
2731 3349 2848 3408 370,
2879 3348 2938 3394 14

643 3421 937 3480 ‘passum
973 3415 1306 3479 dispersum,
1344 3415 1581 3464 solutum
1614 3452 1625 3463 .
1655 3452 1667 3464 .
1699 3453 1712 3465 .
1752 3414 2029 3466 Caecilius
2064 3415 2487 3466 inaristosis:
2540 3414 2680 3464 heri’
2718 3429 2766 3464 e.
2805 3429 2856 3477 q.
2895 3428 2938 3462 s.

642 3484 1070 3538 (aristoteris
1108 3482 1300 3545 Basil.)

815 3695 933 3752 193
981 3695 1290 3751 luctandum
1322 3700 1537 3768 scripsi
1579 3695 1899 3751 laudandum
1948 3696 2074 3753 cod.
2119 3695 2410 3752 ludendum
2457 3700 2550 3753 uir
2592 3698 2795 3753 doctus
2839 3714 2934 3768 ap.

643 3782 1000 3851 Stephanum
1218 3780 1336 3836 194
1383 3782 1586 3836 nictum
1631 3780 1794 3837 Festi
1836 3783 1960 3837 cod.
2169 3780 2286 3838 196
2333 3797 2494 3854 quom
2540 3785 2754 3853 scripsi
2795 3781 2937 3854 quod

639 3866 776 3922 libri
817 3881 955 3937 quae
1010 3864 1247 3921 Botlzius
1484 3864 1601 3921 197
1650 3864 1765 3921 heri
1799 3865 2164 3937 pyrrichium
2211 3881 2469 3938 aequare
2527 3867 2942 3922 demonstrauit

646 3951 994 4007 Bitschelius
1050 3965 1247 4020 opusc.
1308 3949 1374 4004 II
1417 3948 1539 4005 255
1731 3965 1853 4003 eum
1909 3965 1969 4006 se
2016 3949 2220 4005 Petau.
2287 3950 2443 4006 Voss.
2508 3949 2692 4006 Germ.
2762 3951 2936 4023 Mayl.

648 4035 821 4107 Luycl.
868 4034 1061 4089 Paris,
1110 4033 1250 4106 Περ.
1298 4048 1483 4088 cumce
1525 4040 1660 4088 ante
1705 4031 1784 4089 M.
1829 4033 2152 4091 Hertzium.
2199 4052 2274 4089 an
2321 4034 2579 4107 eumpse?
2624 4034 2704 4106 cf.
2753 4053 2810 4090 u.
2859 4032 2938 4090 29

647 4114 806 4193 [item
854 4118 1147 4191 Berylcius
1191 4119 1414 4173 annall.
1455 4117 1680 4187 philoll.
1735 4117 1899 4174 1870
1934 4136 1998 4190 p.
2048 4113 2200 4195 833]
2375 4135 2434 4173 se
2479 4160 2493 4174 .
2528 4161 2541 4173 .
2577 4161 2589 4173 .
2637 4117 2937 4172 flammeum

643 4222 749 4258 οηι.
785 4204 1006 4258 Nouius
1185 4202 1299 4258 198
1346 4201 1477 4256 haec
1519 4220 1592 4259 m.
1628 4220 1728 4273 pr.
1765 4219 1893 4274 sup.
1927 4203 2133 4259 Petau.
2184 4203 2282 4258 hec
2329 4204 2481 4259 Voss.
2655 4202 2936 4266 nunciass3

646 4289 834 4342 Paris,
869 4287 1170 4342 nuntiasset
1202 4287 1407 4341 Peion.
1459 4287 1612 4343 Voss.
1648 4287 1836 4343 Germ.
1868 4286 2048 4361 Mayl.
2077 4287 2256 4360 Luqd.
2294 4288 2432 4360 Rey.
2567 4293 2620 4340 et
2664 4284 2937 4339 nuntiasse

654 4371 969 4445 Berykius:
1014 4389 1089 4426 cm
1137 4372 1475 4425 annuntiasse
1523 4371 1616 4425 et?
1787 4371 1876 4426 dm
1922 4372 2100 4443 [πρά.
2161 4380 2216 4426 et
2262 4388 2415 4424 corr.
2463 4374 2520 4425 in
2578 4364 2701 4423 (10ιῆ
2745 4368 2936 4422 Pari&
