<?xml version="1.0" encoding="UTF-8"?>
<!DOCTYPE html PUBLIC "-//W3C//DTD XHTML 1.0 Transitional//EN"
    "http://www.w3.org/TR/xhtml1/DTD/xhtml1-transitional.dtd">
<html xmlns="http://www.w3.org/1999/xhtml" xml:lang="en" lang="en">
 <head>
  <title>
</title>
<meta http-equiv="Content-Type" content="text/html;charset=utf-8" />
  <meta name='ocr-system' content='tesseract 3.04.00' />
  <meta name='ocr-capabilities' content='ocr_page ocr_carea ocr_par ocr_line ocrx_word'/>
</head>
<body>
  <div class='ocr_page' id='page_1' title='image "./comicorumromano00teregoog_0063.png"; bbox 0 0 3400 5075; ppageno 0'>
   <div class='ocr_carea' id='block_1_1' title="bbox 1280 267 2695 325">
    <p class='ocr_par' dir='ltr' id='par_1_1' title="bbox 1280 267 2695 325">
     <span class='ocr_line' id='line_1_1' title="bbox 1280 267 2695 325; baseline 0.004 -5"><span class='ocrx_word' id='word_1_1' title='bbox 1280 267 1801 321; x_wconf 80' lang='lat' dir='ltr'><strong>COROLLARIVM</strong></span> <span class='ocrx_word' id='word_1_2' title='bbox 2573 272 2695 325; x_wconf 85' lang='lat' dir='ltr'><strong>LXI</strong></span> 
     </span>
    </p>
   </div>
   <div class='ocr_carea' id='block_1_2' title="bbox 397 428 2703 4356">
    <p class='ocr_par' dir='ltr' id='par_1_2' title="bbox 397 428 2703 2967">
     <span class='ocr_line' id='line_1_2' title="bbox 397 428 2698 515; baseline 0.001 -21"><span class='ocrx_word' id='word_1_3' title='bbox 397 430 725 495; x_wconf 82' lang='lat' dir='ltr'>Lucilium</span> <span class='ocrx_word' id='word_1_4' title='bbox 782 452 1034 514; x_wconf 88' lang='lat' dir='ltr'><strong>quoque</strong></span> <span class='ocrx_word' id='word_1_5' title='bbox 1088 430 1317 511; x_wconf 75' lang='lat' dir='ltr'><strong>eliquat</strong></span> <span class='ocrx_word' id='word_1_6' title='bbox 1372 429 1467 513; x_wconf 89' lang='lat' dir='ltr'><strong>(in</strong></span> <span class='ocrx_word' id='word_1_7' title='bbox 1514 430 1820 494; x_wconf 90' lang='lat' dir='ltr'><strong>lemmate</strong></span> <span class='ocrx_word' id='word_1_8' title='bbox 1867 428 2067 493; x_wconf 91' lang='lat' dir='ltr'><strong>Nonii</strong></span> <span class='ocrx_word' id='word_1_9' title='bbox 2114 452 2367 515; x_wconf 86' lang='lat' dir='ltr'><strong>quoque</strong></span> <span class='ocrx_word' id='word_1_10' title='bbox 2423 434 2698 498; x_wconf 86' lang='lat' dir='ltr'><strong>fortasse</strong></span> 
     </span>
     <span class='ocr_line' id='line_1_3' title="bbox 399 534 2698 622; baseline 0.002 -22"><span class='ocrx_word' id='word_1_11' title='bbox 399 534 684 620; x_wconf 78' lang='lat' dir='ltr'><strong>eliquere)</strong></span> <span class='ocrx_word' id='word_1_12' title='bbox 733 535 1142 600; x_wconf 85' lang='lat' dir='ltr'><strong>scribendum</strong></span> <span class='ocrx_word' id='word_1_13' title='bbox 1173 558 1308 601; x_wconf 88' lang='lat' dir='ltr'><strong>esse</strong></span> <span class='ocrx_word' id='word_1_14' title='bbox 1340 536 1611 619; x_wconf 87' lang='lat' dir='ltr'><strong>conici0‚</strong></span> <span class='ocrx_word' id='word_1_15' title='bbox 1658 537 1794 600; x_wconf 82' lang='lat' dir='ltr'><strong>sive</strong></span> <span class='ocrx_word' id='word_1_16' title='bbox 1833 537 2040 599; x_wconf 78' lang='lat' dir='ltr'><strong>mavis</strong></span> <span class='ocrx_word' id='word_1_17' title='bbox 2069 537 2263 616; x_wconf 81' lang='lat' dir='ltr'><strong>elicat,</strong></span> <span class='ocrx_word' id='word_1_18' title='bbox 2311 540 2480 622; x_wconf 90' lang='lat' dir='ltr'><strong>quod</strong></span> <span class='ocrx_word' id='word_1_19' title='bbox 2526 541 2698 604; x_wconf 85' lang='lat' dir='ltr'><strong>idem</strong></span> 
     </span>
     <span class='ocr_line' id='line_1_4' title="bbox 401 642 2697 731; baseline 0.002 -24"><span class='ocrx_word' id='word_1_20' title='bbox 401 648 519 708; x_wconf 87' lang='lat' dir='ltr'><strong>est.</strong></span> <span class='ocrx_word' id='word_1_21' title='bbox 562 643 805 708; x_wconf 86' lang='lat' dir='ltr'><strong>nostris</strong></span> <span class='ocrx_word' id='word_1_22' title='bbox 843 664 997 707; x_wconf 77' lang='lat' dir='ltr'><strong>vero</strong></span> <span class='ocrx_word' id='word_1_23' title='bbox 1043 665 1309 726; x_wconf 87' lang='lat' dir='ltr'><strong>prorsus</strong></span> <span class='ocrx_word' id='word_1_24' title='bbox 1357 642 1600 706; x_wconf 82' lang='lat' dir='ltr'><strong>similia</strong></span> <span class='ocrx_word' id='word_1_25' title='bbox 1646 643 1900 727; x_wconf 78' lang='lat' dir='ltr'><strong>antiqui</strong></span> <span class='ocrx_word' id='word_1_26' title='bbox 1946 644 2404 731; x_wconf 88' lang='lat' dir='ltr'><strong>glossographi</strong></span> <span class='ocrx_word' id='word_1_27' title='bbox 2451 670 2490 709; x_wconf 88' lang='lat' dir='ltr'><strong>a</strong></span> <span class='ocrx_word' id='word_1_28' title='bbox 2535 647 2697 711; x_wconf 88' lang='lat' dir='ltr'><strong>Var-</strong></span> 
     </span>
     <span class='ocr_line' id='line_1_5' title="bbox 403 746 2701 835; baseline 0.002 -22"><span class='ocrx_word' id='word_1_29' title='bbox 403 773 560 815; x_wconf 84' lang='lat' dir='ltr'>rone</span> <span class='ocrx_word' id='word_1_30' title='bbox 615 750 693 813; x_wconf 89' lang='lat' dir='ltr'><strong>de</strong></span> <span class='ocrx_word' id='word_1_31' title='bbox 748 749 789 813; x_wconf 91' lang='lat' dir='ltr'><strong>l.</strong></span> <span class='ocrx_word' id='word_1_32' title='bbox 846 749 887 812; x_wconf 93' lang='lat' dir='ltr'><strong>l.</strong></span> <span class='ocrx_word' id='word_1_33' title='bbox 937 746 1062 811; x_wconf 86' lang='lat' dir='ltr'><strong>VII</strong></span> <span class='ocrx_word' id='word_1_34' title='bbox 1125 750 1249 812; x_wconf 85' lang='lat'><strong>106</strong></span> <span class='ocrx_word' id='word_1_35' title='bbox 1304 750 1553 813; x_wconf 88' lang='lat' dir='ltr'><strong>laudati</strong></span> <span class='ocrx_word' id='word_1_36' title='bbox 1611 751 1985 833; x_wconf 89' lang='lat' dir='ltr'><strong>docuerunt,</strong></span> <span class='ocrx_word' id='word_1_37' title='bbox 2033 751 2145 815; x_wconf 89' lang='lat' dir='ltr'><strong>ubi</strong></span> <span class='ocrx_word' id='word_1_38' title='bbox 2193 751 2383 816; x_wconf 86' lang='lat' dir='ltr'><strong>Atilii</strong></span> <span class='ocrx_word' id='word_1_39' title='bbox 2442 754 2701 835; x_wconf 72' lang='lat' dir='ltr'><strong>liquitur</strong></span> 
     </span>
     <span class='ocr_line' id='line_1_6' title="bbox 401 854 2700 940; baseline 0.002 -20"><span class='ocrx_word' id='word_1_40' title='bbox 401 859 656 921; x_wconf 80' lang='lat' dir='ltr'><strong>animus</strong></span> <span class='ocrx_word' id='word_1_41' title='bbox 710 856 1074 940; x_wconf 79' lang='lat' dir='ltr'><strong>explicatur</strong></span> <span class='ocrx_word' id='word_1_42' title='bbox 1129 854 1301 939; x_wconf 87' lang='lat' dir='ltr'><strong>(vide</strong></span> <span class='ocrx_word' id='word_1_43' title='bbox 1361 879 1419 939; x_wconf 93' lang='lat' dir='ltr'><strong>p.</strong></span> <span class='ocrx_word' id='word_1_44' title='bbox 1466 857 1606 938; x_wconf 84' lang='lat'><strong>33),</strong></span> <span class='ocrx_word' id='word_1_45' title='bbox 1662 860 1738 919; x_wconf 91' lang='lat' dir='ltr'><strong>ut</strong></span> <span class='ocrx_word' id='word_1_46' title='bbox 1789 858 1936 938; x_wconf 87' lang='lat' dir='ltr'><strong>ipsa</strong></span> <span class='ocrx_word' id='word_1_47' title='bbox 1990 858 2285 921; x_wconf 77' lang='lat' dir='ltr'><strong>delicatus</strong></span> <span class='ocrx_word' id='word_1_48' title='bbox 2331 865 2396 921; x_wconf 89' lang='lat' dir='ltr'><strong>et</strong></span> <span class='ocrx_word' id='word_1_49' title='bbox 2448 862 2700 925; x_wconf 73' lang='lat' dir='ltr'><strong>deliciae</strong></span> 
     </span>
     <span class='ocr_line' id='line_1_7' title="bbox 405 961 2698 1049; baseline 0.003 -24"><span class='ocrx_word' id='word_1_50' title='bbox 405 964 725 1027; x_wconf 85' lang='lat' dir='ltr'><strong>vocabula</strong></span> <span class='ocrx_word' id='word_1_51' title='bbox 769 961 1259 1045; x_wconf 86' lang='lat' dir='ltr'><strong>interpretanda</strong></span> <span class='ocrx_word' id='word_1_52' title='bbox 1296 984 1431 1025; x_wconf 88' lang='lat' dir='ltr'><strong>esse</strong></span> <span class='ocrx_word' id='word_1_53' title='bbox 1480 962 1820 1026; x_wconf 84' lang='lat' dir='ltr'><strong>videantur</strong></span> <span class='ocrx_word' id='word_1_54' title='bbox 1875 964 2176 1044; x_wconf 70' lang='lat' dir='ltr'><strong>deliquiae</strong></span> <span class='ocrx_word' id='word_1_55' title='bbox 2221 969 2287 1028; x_wconf 91' lang='lat' dir='ltr'><strong>et</strong></span> <span class='ocrx_word' id='word_1_56' title='bbox 2338 967 2698 1049; x_wconf 64' lang='lat' dir='ltr'><strong>deliquatm.</strong></span> 
     </span>
     <span class='ocr_line' id='line_1_8' title="bbox 402 1069 2697 1153; baseline 0.003 -22"><span class='ocrx_word' id='word_1_57' title='bbox 402 1069 573 1133; x_wconf 85' lang='lat' dir='ltr'><strong>Item</strong></span> <span class='ocrx_word' id='word_1_58' title='bbox 622 1070 891 1133; x_wconf 81' lang='lat' dir='ltr'><strong>verbum</strong></span> <span class='ocrx_word' id='word_1_59' title='bbox 938 1072 1262 1131; x_wconf 81' lang='lat' dir='ltr'><strong>vetustum</strong></span> <span class='ocrx_word' id='word_1_60' title='bbox 1310 1069 1482 1152; x_wconf 89' lang='lat' dir='ltr'><strong>quod</strong></span> <span class='ocrx_word' id='word_1_61' title='bbox 1529 1073 1627 1131; x_wconf 85' lang='lat' dir='ltr'><strong>est</strong></span> <span class='ocrx_word' id='word_1_62' title='bbox 1678 1071 1940 1134; x_wconf 73' lang='lat' dir='ltr'><strong>delicare</strong></span> <span class='ocrx_word' id='word_1_63' title='bbox 1987 1072 2112 1133; x_wconf 89' lang='lat' dir='ltr'><strong>erit</strong></span> <span class='ocrx_word' id='word_1_64' title='bbox 2155 1072 2490 1153; x_wconf 74' lang='lat' dir='ltr'><strong>deliquare‚</strong></span> <span class='ocrx_word' id='word_1_65' title='bbox 2536 1074 2599 1137; x_wconf 91' lang='lat' dir='ltr'><strong>h.</strong></span> <span class='ocrx_word' id='word_1_66' title='bbox 2647 1096 2697 1137; x_wconf 87' lang='lat' dir='ltr'><strong>e.</strong></span> 
     </span>
     <span class='ocr_line' id='line_1_9' title="bbox 407 1174 2699 1263; baseline 0.002 -25"><span class='ocrx_word' id='word_1_67' title='bbox 407 1175 725 1259; x_wconf 89' lang='lat' dir='ltr'><strong>liquidum</strong></span> <span class='ocrx_word' id='word_1_68' title='bbox 762 1175 995 1259; x_wconf 88' lang='lat' dir='ltr'><strong>facere,</strong></span> <span class='ocrx_word' id='word_1_69' title='bbox 1041 1180 1115 1239; x_wconf 90' lang='lat' dir='ltr'><strong>ut</strong></span> <span class='ocrx_word' id='word_1_70' title='bbox 1149 1198 1266 1240; x_wconf 88' lang='lat' dir='ltr'><strong>nos</strong></span> <span class='ocrx_word' id='word_1_71' title='bbox 1317 1174 1708 1239; x_wconf 68' lang='lat' dir='ltr'><strong>‘aufkliiren&#39;</strong></span> <span class='ocrx_word' id='word_1_72' title='bbox 1756 1177 1858 1239; x_wconf 88' lang='lat' dir='ltr'><strong>vel</strong></span> <span class='ocrx_word' id='word_1_73' title='bbox 1906 1175 2248 1241; x_wconf 61' lang='lat' dir='ltr'><strong>‘erklaren&#39;</strong></span> <span class='ocrx_word' id='word_1_74' title='bbox 2296 1202 2699 1263; x_wconf 82' lang='lat' dir='ltr'><strong>usurpamus.</strong></span> 
     </span>
     <span class='ocr_line' id='line_1_10' title="bbox 404 1276 2700 1373; baseline 0.002 -27"><span class='ocrx_word' id='word_1_75' title='bbox 404 1305 561 1346; x_wconf 88' lang='lat' dir='ltr'><strong>nam</strong></span> <span class='ocrx_word' id='word_1_76' title='bbox 622 1276 823 1346; x_wconf 87' lang='lat' dir='ltr'><strong>etiam</strong></span> <span class='ocrx_word' id='word_1_77' title='bbox 876 1283 1064 1366; x_wconf 88' lang='lat' dir='ltr'><strong>tigna</strong></span> <span class='ocrx_word' id='word_1_78' title='bbox 1117 1284 1367 1347; x_wconf 76' lang='lat' dir='ltr'><strong>deliciae</strong></span> <span class='ocrx_word' id='word_1_79' title='bbox 1421 1278 1624 1369; x_wconf 83' lang='lat' dir='ltr'><strong>(apud</strong></span> <span class='ocrx_word' id='word_1_80' title='bbox 1683 1282 1874 1346; x_wconf 90' lang='lat' dir='ltr'><strong>Pauli</strong></span> <span class='ocrx_word' id='word_1_81' title='bbox 1933 1282 2200 1347; x_wconf 88' lang='lat' dir='ltr'><strong>Festum</strong></span> <span class='ocrx_word' id='word_1_82' title='bbox 2256 1307 2315 1367; x_wconf 91' lang='lat' dir='ltr'><strong>p.</strong></span> <span class='ocrx_word' id='word_1_83' title='bbox 2367 1284 2478 1373; x_wconf 84' lang='lat'><strong>73)</strong></span> <span class='ocrx_word' id='word_1_84' title='bbox 2533 1290 2607 1350; x_wconf 93' lang='lat' dir='ltr'><strong>ut</strong></span> <span class='ocrx_word' id='word_1_85' title='bbox 2660 1310 2700 1351; x_wconf 90' lang='lat' dir='ltr'><strong>a</strong></span> 
     </span>
     <span class='ocr_line' id='line_1_11' title="bbox 405 1388 2700 1475; baseline 0.001 -23"><span class='ocrx_word' id='word_1_86' title='bbox 405 1390 711 1474; x_wconf 90' lang='lat' dir='ltr'><strong>liquendo</strong></span> <span class='ocrx_word' id='word_1_87' title='bbox 769 1389 1071 1470; x_wconf 78' lang='lat' dir='ltr'><strong>deliquiae</strong></span> <span class='ocrx_word' id='word_1_88' title='bbox 1134 1388 1435 1454; x_wconf 85' lang='lat' dir='ltr'><strong>Vitruvio</strong></span> <span class='ocrx_word' id='word_1_89' title='bbox 1482 1388 1576 1453; x_wconf 91' lang='lat' dir='ltr'><strong>VI</strong></span> <span class='ocrx_word' id='word_1_90' title='bbox 1626 1390 1665 1452; x_wconf 86' lang='lat'><strong>3</strong></span> <span class='ocrx_word' id='word_1_91' title='bbox 1730 1390 2158 1473; x_wconf 75' lang='lat' dir='ltr'><strong>appellantur.</strong></span> <span class='ocrx_word' id='word_1_92' title='bbox 2249 1389 2431 1454; x_wconf 87' lang='lat' dir='ltr'><strong>Haec</strong></span> <span class='ocrx_word' id='word_1_93' title='bbox 2494 1392 2700 1475; x_wconf 88' lang='lat' dir='ltr'><strong>igitur</strong></span> 
     </span>
     <span class='ocr_line' id='line_1_12' title="bbox 407 1495 2697 1579; baseline 0.001 -20"><span class='ocrx_word' id='word_1_94' title='bbox 407 1497 463 1560; x_wconf 90' lang='lat' dir='ltr'><strong>si</strong></span> <span class='ocrx_word' id='word_1_95' title='bbox 510 1500 681 1560; x_wconf 89' lang='lat' dir='ltr'><strong>recte</strong></span> <span class='ocrx_word' id='word_1_96' title='bbox 730 1500 843 1559; x_wconf 87' lang='lat' dir='ltr'><strong>aut</strong></span> <span class='ocrx_word' id='word_1_97' title='bbox 894 1495 1326 1579; x_wconf 82' lang='lat' dir='ltr'><strong>probabiliter</strong></span> <span class='ocrx_word' id='word_1_98' title='bbox 1371 1497 1704 1578; x_wconf 85' lang='lat' dir='ltr'><strong>disputata</strong></span> <span class='ocrx_word' id='word_1_99' title='bbox 1750 1499 1924 1578; x_wconf 87' lang='lat' dir='ltr'><strong>sunt,</strong></span> <span class='ocrx_word' id='word_1_100' title='bbox 1979 1497 2186 1578; x_wconf 74' lang='lat' dir='ltr'><strong>diliyit</strong></span> <span class='ocrx_word' id='word_1_101' title='bbox 2224 1518 2492 1577; x_wconf 76' lang='lat' dir='ltr'><strong>pemam</strong></span> <span class='ocrx_word' id='word_1_102' title='bbox 2537 1497 2697 1561; x_wconf 71' lang='lat' dir='ltr'><strong>&#39;ffli-</strong></span> 
     </span>
     <span class='ocr_line' id='line_1_13' title="bbox 404 1600 2698 1686; baseline 0 -21"><span class='ocrx_word' id='word_1_103' title='bbox 404 1603 589 1666; x_wconf 83' lang='lat' dir='ltr'><strong>m&#39;um</strong></span> <span class='ocrx_word' id='word_1_104' title='bbox 619 1607 733 1665; x_wconf 88' lang='lat' dir='ltr'><strong>aut</strong></span> <span class='ocrx_word' id='word_1_105' title='bbox 768 1602 1153 1684; x_wconf 72' lang='lat' dir='ltr'><strong>elephantum</strong></span> <span class='ocrx_word' id='word_1_106' title='bbox 1181 1601 1505 1686; x_wconf 88' lang='lat' dir='ltr'><strong>Plautum,</strong></span> <span class='ocrx_word' id='word_1_107' title='bbox 1552 1602 1666 1666; x_wconf 88' lang='lat' dir='ltr'><strong>ubi</strong></span> <span class='ocrx_word' id='word_1_108' title='bbox 1706 1600 2057 1665; x_wconf 79' lang='lat' dir='ltr'><strong>‘discindit’</strong></span> <span class='ocrx_word' id='word_1_109' title='bbox 2105 1602 2402 1686; x_wconf 82' lang='lat' dir='ltr'><strong>intellegi</strong></span> <span class='ocrx_word' id='word_1_110' title='bbox 2438 1603 2698 1685; x_wconf 88' lang='lat' dir='ltr'><strong>vellent,</strong></span> 
     </span>
     <span class='ocr_line' id='line_1_14' title="bbox 408 1708 2698 1793; baseline 0 -20"><span class='ocrx_word' id='word_1_111' title='bbox 408 1708 737 1793; x_wconf 87' lang='lat' dir='ltr'><strong>scripsisse</strong></span> <span class='ocrx_word' id='word_1_112' title='bbox 784 1733 916 1774; x_wconf 92' lang='lat' dir='ltr'><strong>non</strong></span> <span class='ocrx_word' id='word_1_113' title='bbox 961 1710 1267 1773; x_wconf 80' lang='lat' dir='ltr'><strong>credibile</strong></span> <span class='ocrx_word' id='word_1_114' title='bbox 1314 1710 1584 1773; x_wconf 87' lang='lat' dir='ltr'><strong>videtur.</strong></span> <span class='ocrx_word' id='word_1_115' title='bbox 1656 1709 1859 1773; x_wconf 90' lang='lat' dir='ltr'><strong>immo</strong></span> <span class='ocrx_word' id='word_1_116' title='bbox 1908 1708 2081 1792; x_wconf 89' lang='lat' dir='ltr'><strong>apud</strong></span> <span class='ocrx_word' id='word_1_117' title='bbox 2126 1708 2312 1772; x_wconf 92' lang='lat' dir='ltr'><strong>illum</strong></span> <span class='ocrx_word' id='word_1_118' title='bbox 2361 1713 2474 1773; x_wconf 91' lang='lat' dir='ltr'><strong>aut</strong></span> <span class='ocrx_word' id='word_1_119' title='bbox 2517 1711 2698 1774; x_wconf 81' lang='lat' dir='ltr'><strong>dissi-</strong></span> 
     </span>
     <span class='ocr_line' id='line_1_15' title="bbox 407 1815 2698 1900; baseline 0.001 -22"><span class='ocrx_word' id='word_1_120' title='bbox 407 1817 493 1878; x_wconf 76' lang='lat' dir='ltr'><strong>cit</strong></span> <span class='ocrx_word' id='word_1_121' title='bbox 517 1815 968 1900; x_wconf 87' lang='lat' dir='ltr'><strong>corrigendum</strong></span> <span class='ocrx_word' id='word_1_122' title='bbox 997 1820 1111 1900; x_wconf 88' lang='lat' dir='ltr'><strong>est,</strong></span> <span class='ocrx_word' id='word_1_123' title='bbox 1139 1820 1213 1879; x_wconf 93' lang='lat' dir='ltr'><strong>ut</strong></span> <span class='ocrx_word' id='word_1_124' title='bbox 1239 1817 1366 1900; x_wconf 90' lang='lat' dir='ltr'><strong>ipsi</strong></span> <span class='ocrx_word' id='word_1_125' title='bbox 1396 1815 1611 1879; x_wconf 88' lang='lat' dir='ltr'><strong>Plauti</strong></span> <span class='ocrx_word' id='word_1_126' title='bbox 1642 1816 1913 1899; x_wconf 88' lang='lat' dir='ltr'><strong>codices,</strong></span> <span class='ocrx_word' id='word_1_127' title='bbox 1952 1815 2420 1880; x_wconf 84' lang='lat' dir='ltr'><strong>emendatiores</strong></span> <span class='ocrx_word' id='word_1_128' title='bbox 2460 1817 2698 1900; x_wconf 89' lang='lat' dir='ltr'><strong>quippe</strong></span> 
     </span>
     <span class='ocr_line' id='line_1_16' title="bbox 410 1922 2697 2006; baseline 0.001 -21"><span class='ocrx_word' id='word_1_129' title='bbox 410 1945 487 1986; x_wconf 95' lang='lat' dir='ltr'><strong>eo</strong></span> <span class='ocrx_word' id='word_1_130' title='bbox 533 1944 660 2006; x_wconf 84' lang='lat' dir='ltr'><strong>quo</strong></span> <span class='ocrx_word' id='word_1_131' title='bbox 691 1922 958 1986; x_wconf 88' lang='lat' dir='ltr'><strong>Verrius</strong></span> <span class='ocrx_word' id='word_1_132' title='bbox 1004 1946 1154 1987; x_wconf 89' lang='lat' dir='ltr'><strong>usus</strong></span> <span class='ocrx_word' id='word_1_133' title='bbox 1203 1926 1317 2005; x_wconf 89' lang='lat' dir='ltr'><strong>est,</strong></span> <span class='ocrx_word' id='word_1_134' title='bbox 1361 1926 1716 2006; x_wconf 77' lang='lat' dir='ltr'><strong>praestant,</strong></span> <span class='ocrx_word' id='word_1_135' title='bbox 1746 1926 1859 1987; x_wconf 91' lang='lat' dir='ltr'><strong>aut</strong></span> <span class='ocrx_word' id='word_1_136' title='bbox 1905 1923 2096 1986; x_wconf 88' lang='lat' dir='ltr'><strong>aliter</strong></span> <span class='ocrx_word' id='word_1_137' title='bbox 2141 1922 2697 2006; x_wconf 87' lang='lat' dir='ltr'><strong>interpretandum</strong></span> 
     </span>
     <span class='ocr_line' id='line_1_17' title="bbox 406 2029 2697 2115; baseline 0.001 -23"><span class='ocrx_word' id='word_1_138' title='bbox 406 2029 625 2111; x_wconf 69' lang='lat' dir='ltr'><strong>diliqit.</strong></span> <span class='ocrx_word' id='word_1_139' title='bbox 709 2029 934 2113; x_wconf 85' lang='lat' dir='ltr'><strong>quidni</strong></span> <span class='ocrx_word' id='word_1_140' title='bbox 981 2029 1153 2093; x_wconf 88' lang='lat' dir='ltr'><strong>enim</strong></span> <span class='ocrx_word' id='word_1_141' title='bbox 1200 2051 1252 2092; x_wconf 89' lang='lat' dir='ltr'><strong>e.</strong></span> <span class='ocrx_word' id='word_1_142' title='bbox 1300 2052 1350 2092; x_wconf 90' lang='lat' dir='ltr'><strong>c.</strong></span> <span class='ocrx_word' id='word_1_143' title='bbox 1398 2029 1852 2094; x_wconf 86' lang='lat' dir='ltr'><strong>voracissimus</strong></span> <span class='ocrx_word' id='word_1_144' title='bbox 1909 2030 2231 2112; x_wconf 79' lang='lat' dir='ltr'><strong>parasitus</strong></span> <span class='ocrx_word' id='word_1_145' title='bbox 2279 2029 2551 2115; x_wconf 88' lang='lat' dir='ltr'><strong>diligere</strong></span> <span class='ocrx_word' id='word_1_146' title='bbox 2599 2053 2697 2095; x_wconf 89' lang='lat' dir='ltr'><strong>so-</strong></span> 
     </span>
     <span class='ocr_line' id='line_1_18' title="bbox 406 2135 2699 2221; baseline 0 -22"><span class='ocrx_word' id='word_1_147' title='bbox 406 2136 527 2199; x_wconf 86' lang='lat' dir='ltr'><strong>lito</strong></span> <span class='ocrx_word' id='word_1_148' title='bbox 575 2158 782 2220; x_wconf 88' lang='lat' dir='ltr'><strong>sensu,</strong></span> <span class='ocrx_word' id='word_1_149' title='bbox 827 2136 891 2200; x_wconf 88' lang='lat' dir='ltr'><strong>h.</strong></span> <span class='ocrx_word' id='word_1_150' title='bbox 921 2158 971 2199; x_wconf 90' lang='lat' dir='ltr'><strong>e.</strong></span> <span class='ocrx_word' id='word_1_151' title='bbox 1009 2137 1232 2220; x_wconf 84' lang='lat' dir='ltr'><strong>magni</strong></span> <span class='ocrx_word' id='word_1_152' title='bbox 1273 2135 1615 2199; x_wconf 84' lang='lat' dir='ltr'><strong>aestimare</strong></span> <span class='ocrx_word' id='word_1_153' title='bbox 1664 2140 1730 2197; x_wconf 89' lang='lat' dir='ltr'><strong>et</strong></span> <span class='ocrx_word' id='word_1_154' title='bbox 1767 2136 1996 2218; x_wconf 88' lang='lat' dir='ltr'><strong>cupide</strong></span> <span class='ocrx_word' id='word_1_155' title='bbox 2036 2135 2335 2218; x_wconf 83' lang='lat' dir='ltr'><strong>adpetere</strong></span> <span class='ocrx_word' id='word_1_156' title='bbox 2374 2137 2699 2221; x_wconf 86' lang='lat' dir='ltr'><strong>integram</strong></span> 
     </span>
     <span class='ocr_line' id='line_1_19' title="bbox 406 2241 2699 2326; baseline 0 -20"><span class='ocrx_word' id='word_1_157' title='bbox 406 2266 702 2326; x_wconf 84' lang='lat' dir='ltr'><strong>pernam,</strong></span> <span class='ocrx_word' id='word_1_158' title='bbox 758 2244 1012 2307; x_wconf 90' lang='lat' dir='ltr'><strong>minuta</strong></span> <span class='ocrx_word' id='word_1_159' title='bbox 1067 2247 1284 2306; x_wconf 89' lang='lat' dir='ltr'><strong>autem</strong></span> <span class='ocrx_word' id='word_1_160' title='bbox 1331 2241 1541 2304; x_wconf 81' lang='lat' dir='ltr'><strong>frusta</strong></span> <span class='ocrx_word' id='word_1_161' title='bbox 1596 2243 1926 2325; x_wconf 84' lang='lat' dir='ltr'><strong>deprecari</strong></span> <span class='ocrx_word' id='word_1_162' title='bbox 1977 2264 2090 2324; x_wconf 89' lang='lat' dir='ltr'><strong>per</strong></span> <span class='ocrx_word' id='word_1_163' title='bbox 2142 2242 2358 2306; x_wconf 90' lang='lat' dir='ltr'><strong>iocum</strong></span> <span class='ocrx_word' id='word_1_164' title='bbox 2403 2243 2699 2306; x_wconf 77' lang='lat' dir='ltr'><strong>dicatur?</strong></span> 
     </span>
     <span class='ocr_line' id='line_1_20' title="bbox 411 2347 2700 2434; baseline -0.001 -20"><span class='ocrx_word' id='word_1_165' title='bbox 411 2373 805 2434; x_wconf 86' lang='lat' dir='ltr'><strong>quamquam</strong></span> <span class='ocrx_word' id='word_1_166' title='bbox 867 2372 948 2414; x_wconf 88' lang='lat' dir='ltr'><strong>ne</strong></span> <span class='ocrx_word' id='word_1_167' title='bbox 1012 2355 1239 2413; x_wconf 77' lang='lat' dir='ltr'><strong>coctam</strong></span> <span class='ocrx_word' id='word_1_168' title='bbox 1303 2350 1589 2433; x_wconf 87' lang='lat' dir='ltr'><strong>quidem,</strong></span> <span class='ocrx_word' id='word_1_169' title='bbox 1654 2348 1825 2431; x_wconf 91' lang='lat' dir='ltr'><strong>quod</strong></span> <span class='ocrx_word' id='word_1_170' title='bbox 1890 2347 2111 2412; x_wconf 88' lang='lat' dir='ltr'><strong>Iunius</strong></span> <span class='ocrx_word' id='word_1_171' title='bbox 2166 2371 2284 2432; x_wconf 90' lang='lat' dir='ltr'><strong>pro</strong></span> <span class='ocrx_word' id='word_1_172' title='bbox 2341 2349 2456 2413; x_wconf 90' lang='lat' dir='ltr'><strong>illo</strong></span> <span class='ocrx_word' id='word_1_173' title='bbox 2513 2354 2700 2413; x_wconf 78' lang='lat' dir='ltr'><strong>tota-m</strong></span> 
     </span>
     <span class='ocr_line' id='line_1_21' title="bbox 409 2455 2703 2542; baseline 0 -23"><span class='ocrx_word' id='word_1_174' title='bbox 409 2457 777 2542; x_wconf 81' lang='lat' dir='ltr'><strong>proposuit,</strong></span> <span class='ocrx_word' id='word_1_175' title='bbox 823 2457 1118 2541; x_wconf 90' lang='lat' dir='ltr'><strong>ineptum</strong></span> <span class='ocrx_word' id='word_1_176' title='bbox 1166 2459 1278 2519; x_wconf 89' lang='lat' dir='ltr'><strong>est.</strong></span> <span class='ocrx_word' id='word_1_177' title='bbox 1370 2455 1666 2539; x_wconf 87' lang='lat' dir='ltr'><strong>Apparet</strong></span> <span class='ocrx_word' id='word_1_178' title='bbox 1711 2456 1984 2539; x_wconf 89' lang='lat' dir='ltr'><strong>denique</strong></span> <span class='ocrx_word' id='word_1_179' title='bbox 2031 2476 2225 2540; x_wconf 89' lang='lat' dir='ltr'><strong>quam</strong></span> <span class='ocrx_word' id='word_1_180' title='bbox 2278 2477 2581 2540; x_wconf 87' lang='lat' dir='ltr'><strong>perversa</strong></span> <span class='ocrx_word' id='word_1_181' title='bbox 2638 2461 2703 2520; x_wconf 93' lang='lat' dir='ltr'><strong>et</strong></span> 
     </span>
     <span class='ocr_line' id='line_1_22' title="bbox 408 2563 2700 2647; baseline -0 -18"><span class='ocrx_word' id='word_1_182' title='bbox 408 2564 686 2629; x_wconf 89' lang='lat' dir='ltr'><strong>ridicula</strong></span> <span class='ocrx_word' id='word_1_183' title='bbox 739 2564 809 2627; x_wconf 91' lang='lat' dir='ltr'><strong>in</strong></span> <span class='ocrx_word' id='word_1_184' title='bbox 863 2563 1122 2627; x_wconf 89' lang='lat' dir='ltr'><strong>Afranii</strong></span> <span class='ocrx_word' id='word_1_185' title='bbox 1170 2588 1227 2627; x_wconf 85' lang='lat' dir='ltr'><strong>v.</strong></span> <span class='ocrx_word' id='word_1_186' title='bbox 1274 2565 1404 2627; x_wconf 83' lang='lat'><strong>244</strong></span> <span class='ocrx_word' id='word_1_187' title='bbox 1460 2563 1782 2646; x_wconf 89' lang='lat' dir='ltr'><strong>scriptura</strong></span> <span class='ocrx_word' id='word_1_188' title='bbox 1836 2563 2059 2626; x_wconf 71' lang='lat' dir='ltr'><strong>deloeta</strong></span> <span class='ocrx_word' id='word_1_189' title='bbox 2111 2584 2284 2626; x_wconf 85' lang='lat' dir='ltr'><strong>coma</strong></span> <span class='ocrx_word' id='word_1_190' title='bbox 2337 2563 2450 2646; x_wconf 87' lang='lat' dir='ltr'><strong>sit,</strong></span> <span class='ocrx_word' id='word_1_191' title='bbox 2505 2587 2700 2647; x_wconf 91' lang='lat' dir='ltr'><strong>quam</strong></span> 
     </span>
     <span class='ocr_line' id='line_1_23' title="bbox 408 2669 2699 2753; baseline 0 -18"><span class='ocrx_word' id='word_1_192' title='bbox 408 2671 580 2735; x_wconf 87' lang='lat' dir='ltr'><strong>tueri</strong></span> <span class='ocrx_word' id='word_1_193' title='bbox 646 2669 1193 2735; x_wconf 85' lang='lat' dir='ltr'><strong>CFWMuellerus</strong></span> <span class='ocrx_word' id='word_1_194' title='bbox 1260 2674 1530 2735; x_wconf 88' lang='lat' dir='ltr'><strong>conatus</strong></span> <span class='ocrx_word' id='word_1_195' title='bbox 1588 2674 1711 2734; x_wconf 88' lang='lat' dir='ltr'><strong>est:</strong></span> <span class='ocrx_word' id='word_1_196' title='bbox 1777 2692 2054 2753; x_wconf 90' lang='lat' dir='ltr'><strong>pronum</strong></span> <span class='ocrx_word' id='word_1_197' title='bbox 2108 2669 2238 2733; x_wconf 89' lang='lat' dir='ltr'><strong>fuit</strong></span> <span class='ocrx_word' id='word_1_198' title='bbox 2288 2671 2518 2734; x_wconf 73' lang='lat' dir='ltr'><strong>detecta</strong></span> <span class='ocrx_word' id='word_1_199' title='bbox 2562 2694 2699 2735; x_wconf 87' lang='lat' dir='ltr'><strong>cor-</strong></span> 
     </span>
     <span class='ocr_line' id='line_1_24' title="bbox 408 2776 2702 2862; baseline 0 -21"><span class='ocrx_word' id='word_1_200' title='bbox 408 2779 648 2862; x_wconf 85' lang='lat' dir='ltr'><strong>rigere,</strong></span> <span class='ocrx_word' id='word_1_201' title='bbox 704 2781 778 2841; x_wconf 91' lang='lat' dir='ltr'><strong>ut</strong></span> <span class='ocrx_word' id='word_1_202' title='bbox 829 2777 1090 2841; x_wconf 80' lang='lat' dir='ltr'><strong>Tacitus</strong></span> <span class='ocrx_word' id='word_1_203' title='bbox 1147 2800 1292 2841; x_wconf 88' lang='lat' dir='ltr'><strong>ann.</strong></span> <span class='ocrx_word' id='word_1_204' title='bbox 1339 2776 1494 2841; x_wconf 89' lang='lat' dir='ltr'><strong>XIV</strong></span> <span class='ocrx_word' id='word_1_205' title='bbox 1544 2778 1631 2841; x_wconf 84' lang='lat'><strong>30</strong></span> <span class='ocrx_word' id='word_1_206' title='bbox 1676 2776 1952 2840; x_wconf 89' lang='lat' dir='ltr'><strong>feminas</strong></span> <span class='ocrx_word' id='word_1_207' title='bbox 2007 2780 2231 2840; x_wconf 87' lang='lat' dir='ltr'><strong>narrat</strong></span> <span class='ocrx_word' id='word_1_208' title='bbox 2286 2776 2384 2840; x_wconf 82' lang='lat' dir='ltr'><strong>‘in</strong></span> <span class='ocrx_word' id='word_1_209' title='bbox 2440 2778 2702 2842; x_wconf 78' lang='lat' dir='ltr'><strong>moduni</strong></span> 
     </span>
     <span class='ocr_line' id='line_1_25' title="bbox 407 2882 2530 2967; baseline -0.001 -19"><span class='ocrx_word' id='word_1_210' title='bbox 407 2884 755 2948; x_wconf 82' lang='lat' dir='ltr'><strong>Furiarum</strong></span> <span class='ocrx_word' id='word_1_211' title='bbox 802 2887 977 2948; x_wconf 88' lang='lat' dir='ltr'><strong>veste</strong></span> <span class='ocrx_word' id='word_1_212' title='bbox 1022 2884 1233 2967; x_wconf 85' lang='lat' dir='ltr'><strong>ferali,</strong></span> <span class='ocrx_word' id='word_1_213' title='bbox 1277 2884 1550 2948; x_wconf 76' lang='lat' dir='ltr'><strong>crinibus</strong></span> <span class='ocrx_word' id='word_1_214' title='bbox 1595 2885 1834 2947; x_wconf 74' lang='lat' dir='ltr'><strong>deiectis</strong></span> <span class='ocrx_word' id='word_1_215' title='bbox 1878 2882 2084 2946; x_wconf 84' lang='lat' dir='ltr'><strong>faces&#39;</strong></span> <span class='ocrx_word' id='word_1_216' title='bbox 2132 2884 2530 2966; x_wconf 85' lang='lat' dir='ltr'><strong>praetulisse.</strong></span> 
     </span>
    </p>

    <p class='ocr_par' dir='ltr' id='par_1_3' title="bbox 590 2989 2051 3071">
     <span class='ocr_line' id='line_1_26' title="bbox 590 2989 2051 3071; baseline 0.001 -19"><span class='ocrx_word' id='word_1_217' title='bbox 590 2991 672 3052; x_wconf 84' lang='lat'><strong>91</strong></span> <span class='ocrx_word' id='word_1_218' title='bbox 723 2991 1128 3071; x_wconf 74' lang='lat' dir='ltr'><strong>contemplare</strong></span> <span class='ocrx_word' id='word_1_219' title='bbox 1172 2994 1237 3054; x_wconf 91' lang='lat' dir='ltr'><strong>et</strong></span> <span class='ocrx_word' id='word_1_220' title='bbox 1281 2992 1590 3054; x_wconf 81' lang='lat' dir='ltr'><strong>arbitrare</strong></span> <span class='ocrx_word' id='word_1_221' title='bbox 1633 2989 2051 3054; x_wconf 76' lang='lat' dir='ltr'><strong>PasseratiuS.</strong></span> 
     </span>
    </p>

    <p class='ocr_par' dir='ltr' id='par_1_4' title="bbox 408 3095 2701 3928">
     <span class='ocr_line' id='line_1_27' title="bbox 588 3095 2700 3182; baseline 0.001 -23"><span class='ocrx_word' id='word_1_222' title='bbox 588 3097 672 3159; x_wconf 83' lang='lat'><strong>93</strong></span> <span class='ocrx_word' id='word_1_223' title='bbox 736 3099 901 3161; x_wconf 76' lang='lat' dir='ltr'><strong>mein</strong></span> <span class='ocrx_word' id='word_1_224' title='bbox 960 3096 1078 3161; x_wconf 85' lang='lat' dir='ltr'><strong>Ed.</strong></span> <span class='ocrx_word' id='word_1_225' title='bbox 1124 3095 1373 3162; x_wconf 91' lang='lat' dir='ltr'><strong>Becker</strong></span> <span class='ocrx_word' id='word_1_226' title='bbox 1432 3097 1509 3160; x_wconf 90' lang='lat' dir='ltr'><strong>de</strong></span> <span class='ocrx_word' id='word_1_227' title='bbox 1571 3097 1831 3180; x_wconf 82' lang='lat' dir='ltr'><strong>syntaxi</strong></span> <span class='ocrx_word' id='word_1_228' title='bbox 1889 3097 2478 3182; x_wconf 86' lang='lat' dir='ltr'><strong>interrogationum</strong></span> <span class='ocrx_word' id='word_1_229' title='bbox 2537 3098 2700 3163; x_wconf 88' lang='lat' dir='ltr'><strong>obli-</strong></span> 
     </span>
     <span class='ocr_line' id='line_1_28' title="bbox 409 3201 2700 3289; baseline 0.001 -23"><span class='ocrx_word' id='word_1_230' title='bbox 409 3224 684 3287; x_wconf 84' lang='lat' dir='ltr'><strong>quarum</strong></span> <span class='ocrx_word' id='word_1_231' title='bbox 740 3204 809 3266; x_wconf 89' lang='lat' dir='ltr'><strong>in</strong></span> <span class='ocrx_word' id='word_1_232' title='bbox 863 3203 1091 3267; x_wconf 87' lang='lat' dir='ltr'><strong>studiis</strong></span> <span class='ocrx_word' id='word_1_233' title='bbox 1150 3201 1573 3268; x_wconf 87' lang='lat' dir='ltr'><strong>Studemundi</strong></span> <span class='ocrx_word' id='word_1_234' title='bbox 1627 3204 1660 3267; x_wconf 93' lang='lat' dir='ltr'>I</span> <span class='ocrx_word' id='word_1_235' title='bbox 1706 3227 1768 3288; x_wconf 90' lang='lat' dir='ltr'><strong>p.</strong></span> <span class='ocrx_word' id='word_1_236' title='bbox 1819 3205 1972 3287; x_wconf 88' lang='lat'><strong>130,</strong></span> <span class='ocrx_word' id='word_1_237' title='bbox 2027 3206 2165 3289; x_wconf 88' lang='lat' dir='ltr'><strong>ipse</strong></span> <span class='ocrx_word' id='word_1_238' title='bbox 2220 3226 2473 3288; x_wconf 90' lang='lat' dir='ltr'><strong>quoque</strong></span> <span class='ocrx_word' id='word_1_239' title='bbox 2519 3227 2700 3269; x_wconf 87' lang='lat' dir='ltr'><strong>sena-</strong></span> 
     </span>
     <span class='ocr_line' id='line_1_29' title="bbox 409 3309 2700 3392; baseline 0.001 -20"><span class='ocrx_word' id='word_1_240' title='bbox 409 3309 581 3372; x_wconf 88' lang='lat' dir='ltr'><strong>rium</strong></span> <span class='ocrx_word' id='word_1_241' title='bbox 636 3310 1020 3392; x_wconf 90' lang='lat' dir='ltr'><strong>pronomine</strong></span> <span class='ocrx_word' id='word_1_242' title='bbox 1078 3311 1479 3375; x_wconf 87' lang='lat' dir='ltr'><strong>concludens.</strong></span> <span class='ocrx_word' id='word_1_243' title='bbox 1571 3314 1858 3374; x_wconf 89' lang='lat' dir='ltr'><strong>ceterum</strong></span> <span class='ocrx_word' id='word_1_244' title='bbox 1923 3311 2001 3374; x_wconf 88' lang='lat' dir='ltr'><strong>cf.</strong></span> <span class='ocrx_word' id='word_1_245' title='bbox 2048 3310 2267 3374; x_wconf 88' lang='lat' dir='ltr'><strong>Plauti</strong></span> <span class='ocrx_word' id='word_1_246' title='bbox 2323 3310 2523 3374; x_wconf 83' lang='lat' dir='ltr'><strong>Stich.</strong></span> <span class='ocrx_word' id='word_1_247' title='bbox 2571 3312 2700 3374; x_wconf 81' lang='lat'><strong>334</strong></span> 
     </span>
     <span class='ocr_line' id='line_1_30' title="bbox 410 3414 2701 3500; baseline 0.001 -23"><span class='ocrx_word' id='word_1_248' title='bbox 410 3414 607 3477; x_wconf 75' lang='lat' dir='ltr'><strong>‘mein</strong></span> <span class='ocrx_word' id='word_1_249' title='bbox 646 3415 922 3494; x_wconf 72' lang='lat' dir='ltr'><strong>fastidis,</strong></span> <span class='ocrx_word' id='word_1_250' title='bbox 969 3417 1402 3500; x_wconf 86' lang='lat' dir='ltr'><strong>propudiose?</strong></span> <span class='ocrx_word' id='word_1_251' title='bbox 1468 3417 1768 3500; x_wconf 91' lang='lat' dir='ltr'><strong>eloquere</strong></span> <span class='ocrx_word' id='word_1_252' title='bbox 1814 3438 2114 3500; x_wconf 88' lang='lat' dir='ltr'><strong>propere,</strong></span> <span class='ocrx_word' id='word_1_253' title='bbox 2160 3415 2540 3478; x_wconf 88' lang='lat' dir='ltr'><strong>Pinacium.&#39;</strong></span> <span class='ocrx_word' id='word_1_254' title='bbox 2623 3416 2701 3480; x_wconf 90' lang='lat' dir='ltr'><strong>In</strong></span> 
     </span>
     <span class='ocr_line' id='line_1_31' title="bbox 409 3521 2700 3608; baseline 0.001 -24"><span class='ocrx_word' id='word_1_255' title='bbox 409 3521 697 3585; x_wconf 86' lang='lat' dir='ltr'><strong>eiusdem</strong></span> <span class='ocrx_word' id='word_1_256' title='bbox 735 3544 950 3586; x_wconf 87' lang='lat' dir='ltr'><strong>versus</strong></span> <span class='ocrx_word' id='word_1_257' title='bbox 1000 3524 1189 3587; x_wconf 87' lang='lat' dir='ltr'><strong>initio</strong></span> <span class='ocrx_word' id='word_1_258' title='bbox 1237 3525 1406 3608; x_wconf 87' lang='lat' dir='ltr'><strong>quod</strong></span> <span class='ocrx_word' id='word_1_259' title='bbox 1452 3524 1765 3587; x_wconf 86' lang='lat' dir='ltr'><strong>traditum</strong></span> <span class='ocrx_word' id='word_1_260' title='bbox 1813 3525 1912 3586; x_wconf 88' lang='lat' dir='ltr'><strong>est</strong></span> <span class='ocrx_word' id='word_1_261' title='bbox 1954 3523 2108 3585; x_wconf 68' lang='lat' dir='ltr'><strong>dicis</strong></span> <span class='ocrx_word' id='word_1_262' title='bbox 2136 3528 2201 3585; x_wconf 69' lang='lat' dir='ltr'><strong>tec</strong></span> <span class='ocrx_word' id='word_1_263' title='bbox 2245 3521 2522 3586; x_wconf 87' lang='lat' dir='ltr'><strong>fortasse</strong></span> <span class='ocrx_word' id='word_1_264' title='bbox 2568 3544 2700 3586; x_wconf 87' lang='lat' dir='ltr'><strong>rec-</strong></span> 
     </span>
     <span class='ocr_line' id='line_1_32' title="bbox 408 3626 2701 3713; baseline 0 -22"><span class='ocrx_word' id='word_1_265' title='bbox 408 3629 540 3692; x_wconf 86' lang='lat' dir='ltr'><strong>tius</strong></span> <span class='ocrx_word' id='word_1_266' title='bbox 589 3628 680 3692; x_wconf 88' lang='lat' dir='ltr'><strong>sic</strong></span> <span class='ocrx_word' id='word_1_267' title='bbox 736 3629 1182 3713; x_wconf 87' lang='lat' dir='ltr'><strong>interpreteris</strong></span> <span class='ocrx_word' id='word_1_268' title='bbox 1229 3633 1327 3695; x_wconf 72' lang='lat' dir='ltr'><strong>dic</strong></span> <span class='ocrx_word' id='word_1_269' title='bbox 1370 3633 1458 3695; x_wconf 72' lang='lat' dir='ltr'><strong>sis</strong></span> <span class='ocrx_word' id='word_1_270' title='bbox 1503 3636 1596 3709; x_wconf 77' lang='lat' dir='ltr'><strong>tu,</strong></span> <span class='ocrx_word' id='word_1_271' title='bbox 1644 3634 1718 3693; x_wconf 92' lang='lat' dir='ltr'><strong>ut</strong></span> <span class='ocrx_word' id='word_1_272' title='bbox 1765 3629 1889 3693; x_wconf 75' lang='lat' dir='ltr'><strong>‘dic</strong></span> <span class='ocrx_word' id='word_1_273' title='bbox 1936 3627 2161 3711; x_wconf 87' lang='lat' dir='ltr'><strong>sodes&#39;,</strong></span> <span class='ocrx_word' id='word_1_274' title='bbox 2210 3627 2336 3692; x_wconf 77' lang='lat' dir='ltr'><strong>‘dic</strong></span> <span class='ocrx_word' id='word_1_275' title='bbox 2385 3627 2523 3693; x_wconf 88' lang='lat' dir='ltr'><strong>oro&#39;</strong></span> <span class='ocrx_word' id='word_1_276' title='bbox 2571 3626 2701 3713; x_wconf 85' lang='lat' dir='ltr'><strong>(vel</strong></span> 
     </span>
     <span class='ocr_line' id='line_1_33' title="bbox 410 3732 2699 3823; baseline 0.001 -26"><span class='ocrx_word' id='word_1_277' title='bbox 410 3732 731 3799; x_wconf 75' lang='lat' dir='ltr'><strong>‘obsecro&#39;</strong></span> <span class='ocrx_word' id='word_1_278' title='bbox 778 3736 881 3799; x_wconf 83' lang='lat' dir='ltr'><strong>vel</strong></span> <span class='ocrx_word' id='word_1_279' title='bbox 929 3736 1186 3802; x_wconf 74' lang='lat' dir='ltr'><strong>‘amabo</strong></span> <span class='ocrx_word' id='word_1_280' title='bbox 1233 3736 1352 3823; x_wconf 90' lang='lat' dir='ltr'><strong>te&#39;)</strong></span> <span class='ocrx_word' id='word_1_281' title='bbox 1409 3736 1731 3803; x_wconf 85' lang='lat' dir='ltr'><strong>formulae</strong></span> <span class='ocrx_word' id='word_1_282' title='bbox 1788 3736 2030 3800; x_wconf 87' lang='lat' dir='ltr'><strong>similes</strong></span> <span class='ocrx_word' id='word_1_283' title='bbox 2086 3736 2511 3819; x_wconf 88' lang='lat' dir='ltr'><strong>reperiuntur.</strong></span> <span class='ocrx_word' id='word_1_284' title='bbox 2601 3733 2699 3799; x_wconf 90' lang='lat' dir='ltr'><strong>De</strong></span> 
     </span>
     <span class='ocr_line' id='line_1_34' title="bbox 408 3841 2238 3928; baseline 0.001 -25"><span class='ocrx_word' id='word_1_285' title='bbox 408 3842 794 3924; x_wconf 87' lang='lat' dir='ltr'><strong>pronomine</strong></span> <span class='ocrx_word' id='word_1_286' title='bbox 842 3841 922 3907; x_wconf 90' lang='lat' dir='ltr'><strong>cf.</strong></span> <span class='ocrx_word' id='word_1_287' title='bbox 968 3842 1087 3907; x_wconf 85' lang='lat' dir='ltr'><strong>Ed.</strong></span> <span class='ocrx_word' id='word_1_288' title='bbox 1131 3843 1403 3907; x_wconf 90' lang='lat' dir='ltr'><strong>Beckeri</strong></span> <span class='ocrx_word' id='word_1_289' title='bbox 1448 3867 1511 3928; x_wconf 89' lang='lat' dir='ltr'><strong>p.</strong></span> <span class='ocrx_word' id='word_1_290' title='bbox 1564 3844 1686 3907; x_wconf 86' lang='lat'><strong>149</strong></span> <span class='ocrx_word' id='word_1_291' title='bbox 1735 3843 2238 3908; x_wconf 86' lang='lat' dir='ltr'><strong>adnotationem.</strong></span> 
     </span>
    </p>

    <p class='ocr_par' dir='ltr' id='par_1_5' title="bbox 598 3948 1534 4030">
     <span class='ocr_line' id='line_1_35' title="bbox 598 3948 1534 4030; baseline 0.006 -21"><span class='ocrx_word' id='word_1_292' title='bbox 598 3948 716 4010; x_wconf 88' lang='grc'><strong>101</strong></span> <span class='ocrx_word' id='word_1_293' title='bbox 766 3950 1131 4030; x_wconf 66' lang='lat' dir='ltr'><strong>desponsata</strong></span> <span class='ocrx_word' id='word_1_294' title='bbox 1175 3973 1290 4015; x_wconf 89' lang='lat' dir='ltr'><strong>ms.</strong></span> <span class='ocrx_word' id='word_1_295' title='bbox 1334 3950 1534 4014; x_wconf 87' lang='lat' dir='ltr'><strong>Fabri</strong></span> 
     </span>
    </p>

    <p class='ocr_par' dir='ltr' id='par_1_6' title="bbox 412 4053 2700 4356">
     <span class='ocr_line' id='line_1_36' title="bbox 597 4053 2699 4142; baseline 0.002 -26"><span class='ocrx_word' id='word_1_296' title='bbox 597 4055 722 4118; x_wconf 93' lang='grc'><strong>102</strong></span> <span class='ocrx_word' id='word_1_297' title='bbox 769 4053 1039 4139; x_wconf 84' lang='lat' dir='ltr'><strong>Triplici</strong></span> <span class='ocrx_word' id='word_1_298' title='bbox 1086 4058 1277 4122; x_wconf 89' lang='lat' dir='ltr'><strong>modo</strong></span> <span class='ocrx_word' id='word_1_299' title='bbox 1327 4061 1441 4121; x_wconf 85' lang='lat' dir='ltr'><strong>aut</strong></span> <span class='ocrx_word' id='word_1_300' title='bbox 1483 4059 1635 4138; x_wconf 74' lang='lat' dir='ltr'><strong>quid</strong></span> <span class='ocrx_word' id='word_1_301' title='bbox 1674 4058 1831 4121; x_wconf 56' lang='lat' dir='ltr'><strong>istuc</strong></span> <span class='ocrx_word' id='word_1_302' title='bbox 1874 4062 1960 4122; x_wconf 80' lang='lat' dir='ltr'><strong>est</strong></span> <span class='ocrx_word' id='word_1_303' title='bbox 2005 4055 2107 4142; x_wconf 83' lang='lat' dir='ltr'><strong>(ut</strong></span> <span class='ocrx_word' id='word_1_304' title='bbox 2150 4056 2290 4121; x_wconf 86' lang='lat' dir='ltr'><strong>Ter.</strong></span> <span class='ocrx_word' id='word_1_305' title='bbox 2336 4057 2514 4120; x_wconf 84' lang='lat' dir='ltr'><strong>haut.</strong></span> <span class='ocrx_word' id='word_1_306' title='bbox 2552 4056 2699 4121; x_wconf 83' lang='grc'><strong>562.</strong></span> 
     </span>
     <span class='ocr_line' id='line_1_37' title="bbox 412 4159 2700 4247; baseline 0.001 -23"><span class='ocrx_word' id='word_1_307' title='bbox 412 4161 543 4224; x_wconf 77' lang='lat'><strong>579</strong></span> <span class='ocrx_word' id='word_1_308' title='bbox 604 4159 863 4225; x_wconf 86' lang='lat' dir='ltr'><strong>Phorm.</strong></span> <span class='ocrx_word' id='word_1_309' title='bbox 910 4164 1057 4227; x_wconf 81' lang='lat'><strong>343.</strong></span> <span class='ocrx_word' id='word_1_310' title='bbox 1103 4164 1251 4228; x_wconf 86' lang='lat'><strong>990.</strong></span> <span class='ocrx_word' id='word_1_311' title='bbox 1298 4165 1429 4228; x_wconf 84' lang='lat'><strong>995</strong></span> <span class='ocrx_word' id='word_1_312' title='bbox 1491 4186 1632 4227; x_wconf 90' lang='lat' dir='ltr'><strong>eun.</strong></span> <span class='ocrx_word' id='word_1_313' title='bbox 1681 4163 1807 4226; x_wconf 84' lang='grc'><strong>237</strong></span> <span class='ocrx_word' id='word_1_314' title='bbox 1874 4162 2126 4247; x_wconf 89' lang='lat' dir='ltr'><strong>adelph.</strong></span> <span class='ocrx_word' id='word_1_315' title='bbox 2173 4164 2305 4226; x_wconf 88' lang='grc'><strong>210</strong></span> <span class='ocrx_word' id='word_1_316' title='bbox 2358 4162 2496 4226; x_wconf 90' lang='lat' dir='ltr'><strong>hec.</strong></span> <span class='ocrx_word' id='word_1_317' title='bbox 2542 4163 2700 4245; x_wconf 83' lang='lat'>588)</span> 
     </span>
     <span class='ocr_line' id='line_1_38' title="bbox 414 4266 2699 4356; baseline 0.002 -24"><span class='ocrx_word' id='word_1_318' title='bbox 414 4271 531 4332; x_wconf 87' lang='lat' dir='ltr'><strong>aut</strong></span> <span class='ocrx_word' id='word_1_319' title='bbox 572 4269 725 4351; x_wconf 76' lang='lat' dir='ltr'><strong>quid</strong></span> <span class='ocrx_word' id='word_1_320' title='bbox 767 4269 925 4334; x_wconf 69' lang='lat' dir='ltr'><strong>istdc</strong></span> <span class='ocrx_word' id='word_1_321' title='bbox 968 4274 1058 4332; x_wconf 62' lang='lat' dir='ltr'><strong>esi</strong></span> <span class='ocrx_word' id='word_1_322' title='bbox 1100 4266 1201 4356; x_wconf 87' lang='lat' dir='ltr'><strong>(ut</strong></span> <span class='ocrx_word' id='word_1_323' title='bbox 1243 4271 1445 4335; x_wconf 84' lang='lat' dir='ltr'><strong>Andr.</strong></span> <span class='ocrx_word' id='word_1_324' title='bbox 1492 4270 1623 4335; x_wconf 79' lang='lat'><strong>572</strong></span> <span class='ocrx_word' id='word_1_325' title='bbox 1670 4293 1810 4334; x_wconf 91' lang='lat' dir='ltr'><strong>eun.</strong></span> <span class='ocrx_word' id='word_1_326' title='bbox 1857 4270 1987 4336; x_wconf 90' lang='grc'><strong>388</strong></span> <span class='ocrx_word' id='word_1_327' title='bbox 2033 4268 2296 4336; x_wconf 89' lang='lat' dir='ltr'><strong>Phorm.</strong></span> <span class='ocrx_word' id='word_1_328' title='bbox 2348 4271 2493 4336; x_wconf 88' lang='lat'><strong>184.</strong></span> <span class='ocrx_word' id='word_1_329' title='bbox 2541 4271 2699 4356; x_wconf 89' lang='lat'>816)</span> 
     </span>
    </p>
   </div>
  </div>
 </body>
</html>
