3400 5075
663 323 791 388 234
1285 327 1347 381 L.
1388 327 1803 378 POMPONWS
1845 313 2330 383 BONouissNsls

1705 486 1767 549 II
1847 489 1886 550 2

841 600 1019 665 Heus
1066 604 1313 686 aptate,
1358 602 1568 686 pueri,
1613 485 1851 666 mundfa
1889 485 2091 686 {itque
2140 605 2439 690 ampliter
2484 605 2883 671 conuiuium!

1469 717 1820 782 HIRNEA
1867 717 2121 783 PAPPI

708 832 795 899 55
843 831 1143 898 Decimus
1172 834 1412 898 mensis
1460 835 1583 919 est,
1632 855 1777 899 cum
1822 834 2067 898 factum
2096 837 2211 900 est.
2278 834 2373 899 fta
2417 837 2519 921 fit,
2565 838 2658 901 ita
2705 844 2955 925 semper

2263 952 2456 1015 solet:

841 1065 1130 1131 Decumo
1178 1088 1397 1130 mense
1445 1067 1702 1130 demum
1748 1071 2017 1152 turgens
2063 1067 2487 1152 uei-minatur,
2532 1071 2827 1153 pai-turin

1342 1189 1831 1254 KALENDAE
1880 1189 2284 1256 MARTIAE

836 1305 1080 1370 Vocem
1127 1307 1403 1371 deducas
1450 1309 1734 1390 oportet,
1780 1309 1853 1369 ut
1899 1307 2243 1371 uideantur
2289 1308 2573 1374 mulieris

832 1421 1066 1488 Verba.
1114 1423 1323 1501 [siube
1353 1423 1543 1488 modo
1592 1421 1921 1486 adferatur
1961 1427 2221 1507 munus»,
2266 1446 2491 1488 uocem
2538 1425 2800 1491 reddam
2831 1449 2951 1513 ego

836 1537 1122 1602 Tenuem
1170 1541 1235 1602 et
1280 1539 1600 1603 tinnulam
1693 1588 2777 1607 ...........

703 1653 789 1717 60
835 1648 1071 1719 'Etiam
1119 1677 1291 1719 nune
1336 1657 1561 1720 uocem
1608 1653 1964 1717 deducam?

1439 1768 1616 1834 LAR
1661 1768 2176 1835 FAMILIARIS

837 1936 851 1950 .
901 1935 914 1950 .
963 1937 976 1950 .
1022 1890 1086 1951 te
1135 1909 1278 1970 oro,
1323 1888 1509 1970 uziSO,
1555 1909 1671 1971 per
1717 1887 1914 1950 lactes
1961 1889 2106 1949 tuas

654 2065 989 2129 Pomponius
1025 2065 1338 2114 Petitore
1374 2063 1735 2114 Heredem:
1776 2065 1877 2113 ita’
1916 2079 1961 2117 e.
2000 2079 2048 2129 q.
2088 2079 2134 2116 s.
2196 2063 2585 2130 (petitorem
2622 2069 2745 2118 Par.
2784 2067 2848 2131 P)

654 2134 708 2183 11
744 2133 953 2182 Nonius
988 2135 1112 2194 511,
1154 2133 1214 2183 18
1252 2132 1600 2197 ‘ampliter
1625 2169 1639 2184 .
1666 2172 1677 2182 .
1708 2169 1721 2182 .
1747 2132 2078 2196 Pomponius
2115 2133 2383 2184 Herede
2420 2138 2749 2200 petitore:
2790 2137 2950 2187 heus'

655 2217 701 2256 e.
741 2217 791 2264 q.
830 2216 872 2251 s.
910 2198 1271 2266 (poponius
1309 2202 1433 2253 Par.
1474 2201 1516 2249 P
1603 2201 1912 2265 potitore
1950 2200 2141 2250 Bamb.
2180 2207 2457 2265 pectore
2496 2204 2622 2257 Par.
2658 2204 2725 2264 P)
2798 2204 2951 2255 Idem

652 2272 770 2329 234,
796 2272 863 2319 30
889 2273 945 2319 ‘a
959 2273 1157 2333 ptum,
1186 2268 1561 2334 compositum,
1590 2273 1842 2334 paratum
1869 2304 1881 2316 .
1910 2304 1922 2316 .
1953 2305 1965 2317 .
1992 2267 2350 2333 Pomponius:
2380 2271 2499 2320 eius
2525 2276 2745 2336 aptate’
2767 2289 2810 2322 e.
2838 2289 2885 2337 q.
2909 2291 2952 2323 s.

785 2338 1018 2388 Humum
1064 2338 1242 2387 ΡΑΡΡι
1348 2336 1558 2386 Nonius
1602 2339 1696 2397 40,
1744 2337 1810 2385 20
1857 2336 2255 2386 ‘uerminari
2299 2339 2540 2400 positum
2587 2341 2859 2403 torqueri,
2915 2358 2949 2390 a

653 2406 958 2465 uermibus,
997 2404 1139 2468 quod
1176 2404 1342 2454 faciie
1381 2420 1441 2454 se
1480 2408 1818 2468 torqueant)
1892 2401 2170 2468 (hyrnea
2201 2404 2267 2453 W
2302 2405 2544 2455 hernia.
2582 2407 2840 2474 Scaliger
2878 2407 2949 2457 sd

651 2474 803 2523 Fest.
853 2490 904 2539 p.
943 2471 1170 2522 ccxm
1220 2473 1476 2522 Hernis
1523 2479 1620 2522 aut
1676 2471 1917 2520 hirnea
1964 2487 2216 2536 sponsa
2262 2473 2475 2539 Pappi
2527 2472 2780 2541 Scaliger
2826 2476 2950 2525 Cat.

789 2611 1098 2659 Kammoni
1147 2609 1404 2658 Mne-rue
1477 2608 1796 2657 Macrobius
1841 2608 1955 2661 Sat.
1999 2605 2067 2657 v1
2103 2610 2162 2669 4,
2216 2611 2275 2658 13
2323 2608 2645 2660 ‘deducta
2692 2626 2854 2662 uoce
2894 2648 2906 2662 .
2934 2648 2948 2661 .

651 2676 750 2726 sed
783 2677 922 2727 haec
945 2679 1015 2726 ab
1049 2676 1146 2727 illo
1183 2677 1477 2738 fluxerunt,
1519 2675 1662 2738 quod
1690 2676 2024 2740 Pomponius
2060 2676 2117 2724 in
2145 2674 2455 2737 Atellania,
2494 2693 2634 2741 quae
2662 2678 2948 2729 Kalendae

649 2745 888 2794 Martiae
934 2744 1282 2803 inscribitur,
1340 2747 1442 2793 ait:
1499 2757 1732 2794 uocem
1777 2779 1789 2793 .
1828 2781 1839 2793 .
1878 2780 1890 2792 .
1935 2742 2271 2793 tinnulam
2319 2749 2375 2793 et
2431 2745 2581 2795 infra
2629 2743 2775 2811 [601⁹
2862 2746 2948 2796 cf.

657 2812 920 2862 Munkius
959 2828 1011 2876 p.
1048 2814 1114 2862 49
1151 2827 1231 2877 sq.

790 2881 912 2929 Lan
947 2880 1294 2928 Funeratus
1400 2879 1718 2929 Priscianus
1763 2878 1838 2928 VI
1875 2880 1907 2927 4
1954 2895 2002 2941 p.
2042 2880 2142 2928 686
2179 2878 2240 2927 P.
2293 2879 2452 2930 ‘hae
2503 2880 2727 2932 lactes
2765 2885 2949 2945 partes

653 2952 784 2996 sunt
817 2947 1207 2997 intestinorum
1244 2963 1277 2997 a
1302 2946 1518 2997 Graeco
1544 2945 1888 3013 γαλακτίδες
1915 2946 2131 3005 dictae,
2173 2952 2229 2995 et
2267 2954 2634 2999 seruauerunt
2658 2948 2806 3014 apud
2843 2964 2948 2999 nos
3001 2996 3009 3005 ,

650 3029 867 3078 quoque
915 3014 1057 3064 idem
1101 3029 1299 3079 genus,
1349 3015 1505 3065 cuius
1550 3015 1835 3078 singulare
1882 3014 2021 3064 haec
2059 3014 2221 3064 laetis
2259 3021 2344 3065 est
2380 3052 2392 3065 .
2420 3051 2435 3065 .
2462 3052 2475 3065 .
2517 3018 2848 3082 Pomponius
2889 3017 2946 3066 in

654 3085 799 3133 Lare
840 3081 1136 3132 familiari:
1175 3087 1293 3132 oro’
1332 3097 1379 3131 e.
1419 3099 1466 3148 q.
1505 3098 1547 3132 s.
1625 3080 1867 3147 (latere
1898 3082 2086 3132 Bamb.
2125 3098 2192 3134 m.
2230 3099 2328 3147 pr„
2367 3099 2506 3138 eras.
2545 3084 2636 3147 te)

650 3244 962 3299 lauatrinam
995 3244 1406 3300 Lachmannus
1448 3248 1504 3299 in
1543 3245 1716 3300 Lacr.
1763 3244 1884 3301 393
1931 3246 2178 3300 lau-inem
2228 3245 2430 3301 Bamb.
2478 3245 2722 3301 latrinam
2768 3249 2950 3301 celeri

646 3331 785 3385 libra·
1008 3328 1088 3384 54
1134 3328 1268 3383 heus
1311 3330 1449 3384 libri
1485 3346 1544 3399 p.
1595 3329 1712 3385 511
1776 3330 1891 3384 eius
1944 3330 2082 3385 libri
2130 3346 2187 3399 p.
2238 3327 2359 3386 234
2577 3345 2712 3403 puer
2769 3327 2942 3387 Harl.

648 3415 789 3469 Par.
840 3413 891 3468 P
927 3431 988 3485 p.
1038 3411 1160 3470 234
1334 3412 1664 3487 mundalque
1720 3414 1861 3469 Par.
1911 3415 1965 3469 P
2012 3431 2072 3485 p.
2118 3413 2237 3468 511
2426 3415 2679 3471 connium
2738 3416 2942 3470 Bamb.

642 3516 703 3569 p.
751 3498 867 3555 511
919 3499 1168 3554 conuiuia
1224 3498 1419 3555 Urbin.
1481 3498 1603 3555 308
1657 3517 1717 3570 p.
1770 3497 1892 3555 234
2064 3498 2145 3554 56
2201 3497 2397 3554 demun
2457 3500 2597 3555 Par.
2644 3498 2698 3552 P
2865 3499 2943 3555 57

648 3582 932 3638 uideantur
977 3583 1216 3638 mulieris
1264 3583 1508 3639 Bothius
1554 3584 1792 3639 mulieris
1840 3582 2125 3639 uideantur
2177 3583 2313 3638 libri
2509 3583 2588 3640 58
2635 3581 2758 3637 iube
2814 3600 2948 3656 ergo

651 3668 858 3726 Salisb.
1064 3683 1204 3722 unus
1249 3668 1393 3723 Par.
1435 3668 1486 3739 f.
1539 3668 1715 3724 Bor-b.
1936 3684 2125 3724 uocem
2173 3666 2390 3722 reddam
2437 3685 2542 3741 ego
2588 3667 2651 3722 L.
2701 3667 2951 3723 Mueller

648 3768 791 3808 max.
837 3753 1026 3809 Rhea.
1057 3751 1277 3808 XXIV
1301 3751 1422 3809 243
1468 3769 1573 3826 ego
1621 3769 1812 3808 uocem
1858 3751 2072 3807 reddam
2105 3752 2241 3807 libri
2267 3769 2373 3827 ego
2407 3768 2594 3808 uocem
2641 3750 2776 3807 dabo
2822 3755 2949 3808 olim

650 3838 1046 3899 conieceram;
1104 3838 1275 3892 etiam
1334 3853 1520 3893 uocem
1570 3836 1793 3893 reddiho
1840 3841 1896 3892 in
1944 3845 2182 3893 mentem
2230 3840 2385 3894 uenit
2557 3836 2638 3893 59
2689 3836 2951 3892 [innulem

648 3923 825 3978 Bor-b.
1000 3920 1216 3976 reddam
1264 3937 1370 3995 ego
1416 3921 1711 3992 tinnulam,
1757 3926 1979 3977 omissis
2023 3923 2288 3993 reliquis,
2346 3921 2591 3978 Bothius
2635 3928 2850 3977 tenuem
2898 3929 2952 3975 et

646 4006 907 4062 tinnulam
942 4005 1133 4061 Vocem
1182 4022 1287 4078 ego
1334 4004 1549 4060 reddam
1585 4006 1860 4062 Munlcius
2049 4007 2227 4063 Valde
2273 4008 2538 4062 arrident
2569 4008 2954 4079 elepantiores

651 4091 1000 4147 Buecheleri
1055 4106 1264 4147 uersus
1321 4087 1510 4145 uocem
1576 4091 1628 4145 d.
1679 4107 1754 4162 0.,
1815 4090 1874 4146 uit
1921 4090 2171 4146 uideatur
2214 4089 2471 4149 mulieris,
2542 4083 2576 4157 ΙΓ
2622 4088 2745 4145 hibe
2791 4089 2950 4144 modo

646 4175 923 4231 adseratur
976 4192 1208 4245 munus,
1267 4174 1484 4230 reddam
1544 4192 1649 4249 ego
1708 4184 1946 4231 teneram
2008 4183 2064 4230 et
2122 4175 2402 4230 tinnulam.
2504 4176 2725 4231 Deinde
2782 4177 2954 4229 unius

637 4264 930 4316 ‘minimam
977 4274 1187 4315 uersus
1230 4262 1502 4315 lacunam
1549 4276 1674 4315 esse
1721 4275 1928 4316 censeo
2172 4260 2253 4317 60
2296 4260 2709 4332 Inter-rogandi
2760 4265 2953 4314 notam

649 4361 804 4401 nunc
843 4347 1018 4416 posui
1235 4342 1310 4400 61
1361 4359 1458 4399 oro
1505 4352 1559 4400 te
1603 4345 1763 4415 libri,
1820 4347 2157 4416 transposui
2370 4360 2527 4413 uaso,
2585 4346 2621 4399 i.
2671 4358 2721 4402 e.
2769 4350 2952 4399 uasate
