3400 5075
627 308 709 374 98
1393 308 1671 363 SEXTVS
1708 313 2102 366 TVRPILIVS

1658 467 1725 531 11
1774 465 1874 554 (8)

801 581 1017 645 Viden
1064 587 1135 646 tu
1175 582 1407 668 Frugis
1445 584 1811 647 incessum?
1858 594 2051 667 quain
2079 588 2177 648 est
2205 582 2566 649 confidens!
2615 584 2678 648 di
2708 585 2920 649 istunc

2040 700 2358 782 perduint.

1620 780 1728 851 ΠΙ
1776 785 1923 874 (16)

805 952 1247 966 .....
1339 900 1537 967 uiden
1581 906 1656 966 ut
1702 901 1958 966 fastidit
2002 902 2173 966 mei?

1647 1017 1745 1082 IV
1794 1015 1895 1103 (1)

801 1131 883 1195 Ei
945 1133 1132 1216 perii!
1199 1133 1393 1196 uiden
1454 1136 1528 1196 ut
1582 1132 1911 1196 6sculatur
1967 1132 2247 1196 cariem?
2312 1154 2469 1195 num
2533 1132 2738 1197 hilum
2803 1134 2915 1198 illa

2035 1246 2193 1310 haec
2240 1247 2482 1330 pudet?

1634 1336 1695 1400 V
1745 1332 1892 1421 (12)

636 1450 759 1514 105
808 1500 1193 1514 .......
1284 1451 1395 1514 sed
1443 1473 1636 1535 quam
1683 1451 1878 1535 longe
1926 1450 2067 1513 est?
2123 1472 2342 1514 eccum
2388 1451 2496 1514 isti
2543 1448 2711 1515 ssico.

1646 1564 1744 1629 VI
1792 1563 1893 1650 (2)

805 1729 1254 1744 ........
1300 1702 1382 1744 ne
1429 1702 1530 1744 me
1579 1680 1820 1764 sittigas
1832 1732 1850 1764 ‚
1896 1683 2087 1763 atque
2134 1681 2314 1744 aufer

800 1794 1087 1860 Manum.
1135 1797 1169 1868 [Γ
1210 1792 1360 1859 heia
1407 1817 1599 1879 quam
1646 1796 1933 1860 ferocula
1978 1797 2099 1859 est!

623 1953 1003 2004 fastidientem
1044 1959 1100 2003 et
1148 1953 1365 2019 puellae
1410 1953 1564 2004 illius
1599 1970 1815 2004 amores
1853 1959 2218 2019 spernentem.
2295 1955 2450 2016 Quae
2487 1952 2579 2003 uel
2614 1953 2916 2018 desperans

621 2021 711 2070 uel
748 2023 902 2070 iussa
928 2023 997 2070 ab
1038 2037 1102 2071 eo
1127 2022 1185 2070 in
1223 2037 1370 2071 mare
1399 2036 1457 2072 se
1482 2023 1711 2086 proicit,
1750 2023 1894 2071 unde
1923 2022 1992 2071 ab
2023 2020 2380 2071 adulescente
2417 2022 2655 2070 fortasse
2693 2031 2916 2072 seruata

620 2088 689 2137 ad
736 2089 1019 2151 antiquam
1066 2089 1517 2139 consuetudinem
1562 2088 1725 2138 redit.
1820 2091 1936 2138 Iam
1973 2093 2153 2137 restat
2187 2094 2251 2136 ut
2299 2090 2550 2153 personis
2588 2090 2703 2138 suis
2737 2088 2918 2138 distri·

621 2155 865 2205 buentur
908 2156 1205 2219 reliquiae:
1258 2156 1632 2207 adulescentis
1675 2158 1723 2217 I,
1771 2172 1888 2206 cum
1934 2156 2041 2206 alio
2084 2156 2510 2205 sermocinantis
2546 2156 2601 2205 11
2637 2156 2720 2207 111
2757 2157 2835 2207 IV
2871 2156 2918 2205 V

622 2224 718 2286 (cf.
774 2224 913 2272 Enn.
965 2223 1195 2286 Thyest.
1244 2224 1401 2285 VIII)
1452 2223 1582 2286 VII,
1642 2225 1878 2273 amicam
1937 2225 2177 2273 fortasse
2234 2223 2438 2272 frustra
2486 2223 2776 2273 mulcentis
2823 2223 2918 2288 VI,

621 2289 1066 2407 {3⁶}“⁰.ss¹13.‘3¹3³
1074 2292 1090 2338 i
1105 2290 1681 2408 riuitf‘iissfiffwkffi
1709 2290 2549 2408 523032321220333332222?
2574 2291 2918 2408 ⁰333&ssss

620 2425 726 2485 XI,
766 2373 1140 2474 a'dulescenEis
1168 2374 1236 2474 let
1273 2426 1433 2474 amici
1469 2375 1577 2476 &11³1
1612 2376 1776 2487 qull,
1820 2426 1940 2475 eius
1977 2427 2068 2490 qui
2104 2425 2406 2475 luctantem
2446 2394 2763 2489 expiscatus
2797 2429 2919 2476 erat
2977 2424 2986 2431 '

621 2491 761 2554 XIV,
796 2490 1014 2556 puellae
1054 2493 1258 2558 frigore
1296 2492 1603 2544 laborantis
1640 2494 1758 2556 XV,
1799 2492 2175 2544 adulescentis
2208 2492 2264 2543 in
2303 2495 2539 2557 gratiam
2578 2507 2700 2543 cum
2738 2495 2917 2543 amica

620 2560 900 2609 redeuntis
925 2560 1069 2609 XV-I.
1144 2561 1398 2625 Denique
1436 2562 1665 2626 nuptiae
1704 2566 1971 2626 parantur
2009 2562 2074 2610 fr.
2100 2560 2274 2614 XVII.
2411 2562 2438 2611 1
2473 2560 2683 2610 Nonius
2708 2563 2825 2624 322,
2851 2563 2912 2610 21

621 2626 952 2677 ‘insolens
988 2643 1196 2677 rursum
1222 2644 1330 2679 non
1356 2627 1543 2679 solens
1571 2665 1583 2678 .
1615 2666 1625 2676 .
1653 2665 1665 2677 .
1692 2627 1972 2693 Turpilius
2000 2629 2281 2679 Demetrio
2307 2665 2320 2676 .
2347 2664 2359 2677 .
2387 2664 2399 2676 .
2426 2627 2574 2676 idem
2604 2628 2914 2678 Leucadia:

622 2696 796 2758 quem‘
837 2710 883 2744 e.
923 2710 974 2758 q.
1016 2712 1058 2746 s.
1230 2695 1283 2745 11
1322 2697 1530 2746 Nonius
1566 2697 1690 2759 262,
1735 2698 1797 2746 13
1843 2695 2306 2746 ‘confidentia
2354 2710 2566 2745 rursum
2612 2697 2916 2754 temeritas,

621 2760 859 2812 audacia
885 2798 899 2811 .
924 2798 937 2812 .
966 2799 979 2812 .
1013 2762 1296 2827 Turpilius
1331 2763 1640 2814 Leucadia:
1676 2764 1958 2814 uidentur’
1999 2779 2046 2813 e.
2086 2779 2135 2826 q.
2175 2778 2218 2812 s.
2357 2763 2441 2813 111
2475 2762 2686 2813 Nonius
2709 2765 2827 2825 496,
2855 2763 2917 2812 18

622 2830 1018 2893 ‘genetiuus
1064 2845 1222 2882 casus
1269 2832 1482 2897 positus
1518 2847 1616 2896 pro
1664 2832 1987 2882 accusatiuo
2025 2868 2037 2882 .
2062 2866 2075 2880 .
2102 2867 2115 2881 .
2146 2834 2182 2881 .'
2375 2831 2453 2881 IV
2488 2830 2698 2881 Nonius
2731 2833 2815 2891 21,
2851 2832 2918 2879 25

622 2898 876 2947 ‘caries
915 2905 1002 2948 est
1037 2902 1291 2950 uetustas
1328 2899 1419 2949 uel
1455 2899 1767 2964 putrilagO.
1798 2936 1810 2949 .
1833 2903 1868 2948 .’
2008 2900 2057 2949 V
2091 2898 2302 2949 Nonius
2326 2901 2444 2959 325,
2479 2901 2511 2948 3
2549 2898 2758 2962 ‘ilico‚
2799 2898 2913 2947 illo.

620 2965 901 3029 Turpilius
937 2965 1248 3017 Leucadia:
1287 2966 1387 3016 sed
1426 3008 1436 3019 .
1466 3008 1479 3020 .
1505 3004 1517 3016 .
1552 2981 1672 3016 cum
1708 2967 1822 3016 isti.
1893 2966 2056 3030 Ilico,
2093 2967 2148 3015 in
2188 2981 2253 3015 eo
2292 2962 2452 3014 loco.‘
2594 2967 2671 3016 VI
2705 2965 2916 3015 Nonius

796 3126 912 3183 102
959 3127 1256 3181 iambicum
1288 3129 1681 3195 septenarium
1713 3129 1842 3183 olim
1873 3128 2171 3197 dederam,
2203 3142 2359 3182 nunc
2392 3124 2491 3180 CF
2502 3125 2916 3182 WMuellerum

621 3207 678 3284 (Ι.
721 3213 761 3266 l.
814 3209 953 3282 151)
996 3215 1231 3265 secutus
1287 3211 1644 3266 trochaicum
1700 3215 1919 3268 notaui.
2115 3210 2273 3266 uiden
2331 3218 2388 3265 tu
2438 3209 2631 3282 Frygis
2686 3211 2917 3280 Lipsius

621 3299 784 3365 epist.
831 3301 1055 3368 quaest.
1088 3294 1126 3348 I
1152 3292 1213 3363 2,
1258 3298 1359 3367 qui
1389 3293 1583 3368 Frygis
1630 3303 1790 3352 recte
1832 3300 2159 3369 yenetiuum
2203 3310 2328 3350 esse
2372 3291 2571 3350 ubluit.
2661 3294 2916 3349 uidentur

621 3380 796 3452 frigus
839 3380 976 3435 libri
1019 3377 1179 3433 uiden
1214 3386 1305 3449 tu,
1352 3378 1549 3453 Frugia
1596 3381 1840 3437 Bolbius
1873 3379 1909 3434 2
2088 3379 2206 3436 103
2253 3379 2415 3434 uiden
2460 3386 2520 3433 ut
2565 3379 2667 3432 Fr.
2713 3378 2913 3433 Dousa

622 3463 744 3519 uide
788 3480 932 3518 nunc
973 3463 1111 3518 libri
1285 3461 1402 3519 104
1448 3465 1533 3519 hei
1586 3467 1722 3538 perii
1770 3465 2100 3521 Gulielmius
2157 3462 2340 3520 Veris,
2387 3461 2575 3518 1121
2625 3462 2787 3534 ciperi
2848 3462 2918 3516 W

621 3548 772 3602 Leid.
820 3549 869 3603 ei
913 3549 1027 3620 peri
1076 3549 1259 3602 celeri
1298 3548 1435 3604 libri
1604 3544 1760 3626 num]
1809 3566 1951 3619 nou,
1999 3564 2304 3619 suprascr.
2350 3543 2404 3618 ὖ,
2450 3548 2625 3603 Harl.
2785 3562 2914 3600 num

620 3630 769 3686 illum
816 3630 906 3686 illa
952 3632 1081 3686 haec
1126 3630 1294 3704 pudet
1338 3633 1407 3687 W
1449 3650 1575 3688 num
1608 3634 1759 3689 illum
1804 3632 1957 3689 illaec
2001 3632 2171 3707 pudet
2213 3635 2396 3688 ceteri
2434 3632 2595 3702 libri,
2639 3631 2916 3702 probauit

621 3716 1021 3772 Buecheler-us
1087 3733 1229 3771 mus.
1289 3717 1476 3772 Rhen.
1534 3717 1762 3774 XVIII
1811 3716 1932 3773 392
1995 3733 2121 3771 num
2193 3716 2358 3771 hilum
2414 3715 2569 3773 illaec
2624 3715 2792 3789 pudet
2850 3716 2912 3770 L.

620 3798 871 3855 Mueller
916 3803 1118 3856 ibidem
1149 3801 1374 3857 XXIII
1401 3801 1519 3857 697
1567 3818 1696 3856 num
1727 3800 1869 3856 illam
1917 3801 2069 3857 illaec
2114 3800 2320 3874 pudent
2354 3802 2484 3856 olim
2530 3804 2915 3870 conieceram,

619 3901 747 3939 cum
790 3885 997 3958 pudent
1035 3888 1390 3956 praeiuisset
1435 3886 1805 3959 Grautoffius
2092 3885 2210 3941 105
2259 3885 2466 3941 Nescio
2524 3903 2600 3941 an
2653 3891 2788 3955 post
2832 3892 2915 3938 est

614 3985 869 4039 persona
902 3972 1177 4026 mutanda
1209 3973 1280 4025 sit
1451 3986 1637 4025 eccum
1669 3971 1761 4025 isti
1784 3969 1905 4025 ilico
1933 3973 2147 4039 scripsi
2174 3985 2294 4024 cum
2325 3969 2416 4024 isti
2443 3969 2583 4024 libri
2606 3970 2682 4039 (u.
2707 3967 2914 4039 supra)

618 4055 763 4109 istim
811 4054 934 4108 ilico
971 4055 1214 4110 Botln'us
1246 4053 1281 4107 2
1329 4054 1417 4108 isti
1462 4054 1588 4109 illco
1622 4054 1989 4126 Grautoffius
2032 4054 2155 4109 ilico
2187 4054 2276 4108 isli
2308 4056 2436 4109 olim
2469 4053 2914 4126 transponebam

795 4138 911 4194 106
959 4155 1025 4192 ne
1072 4134 1182 4213 me]
1233 4155 1337 4192 non
1385 4154 1452 4192 ne
1511 4140 1581 4194 W
1751 4140 1945 4211 attigas
2002 4137 2207 4193 Iunius
2255 4138 2456 4210 attiga,
2513 4153 2821 4209 suprascr.
2871 4144 2913 4205 t,

623 4222 774 4277 Leid.
825 4224 992 4295 attiga
1039 4225 1222 4278 ceteri
1261 4223 1398 4277 libri
1567 4223 1862 4279 Personas
1915 4223 2178 4279 distinxit
2222 4221 2467 4277 Bolbius
2636 4222 2916 4277 Fortasse

620 4305 921 4361 feroculust
966 4323 1166 4362 uerum
1206 4305 1327 4376 fuit
1500 4307 1736 4362 Senarii
1778 4307 1923 4362 tales
1953 4322 2019 4360 ne
2052 4321 2134 4360 me
2166 4307 2379 4377 (illigas
2427 4291 2473 4372 π
2519 4306 2678 4376 Atqui
2725 4303 2913 4358 aufero
