3400 5075
1310 272 1630 326 Dncmvs
1669 274 2030 328 LAsnmvs
2696 273 2843 356 301,

1556 431 1783 496 XVIII

707 570 853 612 arra

1599 661 1759 726 XIX

703 778 1123 842 dictabolaria

1517 891 1638 955 XX
1688 890 1833 978 (13)

704 1010 967 1073 arietem
1014 1008 1612 1092 reciprocicornem,
1659 1009 2033 1092 lanicutem,
2079 1008 2485 1072 testitrahum

1597 1159 1756 1222 XXI

704 1274 1140 1338 Tertullianus
1186 1276 1439 1358 apolog.
1486 1275 1571 1339 48
1610 1268 1759 1359 ‘age
1806 1275 1962 1358 iam,
2020 1275 2083 1338 si
2131 1275 2256 1358 qui
2302 1275 2818 1361 philosophus

525 1390 924 1474 adfirmet,
969 1393 1043 1453 ut
1089 1389 1181 1453 ait
1208 1388 1517 1452 Laberius
1565 1389 1650 1452 de
1699 1389 2091 1453 sententia
2117 1389 2641 1474 Pythagorae,
2686 1391 2818 1455 ho-

526 1495 803 1569 minem
848 1504 1028 1568 fieri
1076 1527 1160 1567 ex
1207 1505 1435 1586 mu10,
1482 1504 1881 1568 colubram
1930 1526 2015 1568 ex
2062 1500 2404 1588 muliere,
2452 1509 2516 1568 et
2560 1506 2630 1568 in
2677 1529 2818 1569 eam

529 1620 901 1703 opinionem
941 1599 1159 1685 omnia
1206 1622 1588 1702 argumenta
1617 1619 1854 1702 eloquii
1883 1619 2121 1682 uirtute
2170 1619 2557 1704 distorserit,
2601 1619 2819 1684 nonne

463 1765 470 1771 ⁷
526 1757 914 1799 consensum
960 1733 1250 1798 monebit
1294 1737 1360 1797 et
1404 1734 1593 1797 fidem
1641 1734 1871 1817 infiget
1908 1734 2101 1797 etiam
2131 1734 2213 1797 ab
2261 1735 2646 1798 animalibus
2677 1737 2818 1799 abs-

524 1850 771 1913 tinendi
818 1848 1203 1933 propterea?
1249 1870 1627 1932 persuasum
1675 1849 1818 1933 quis
1864 1848 2128 1931 habeat,
2173 1871 2254 1911 ne
2300 1849 2466 1914 forte
2514 1850 2819 1914 bubulam

527 1953 618 2028 de*
652 1965 866 2048 aliquo
913 1985 1158 2049 proauo
1207 1985 1324 2027 suo
1372 1963 1708 2027 obsonet?'
1801 1962 1898 2028 Of.
1945 1962 2190 2026 Cancer

1579 2103 1772 2168 XXII

533 2220 658 2284 155
707 2220 1053 2284 dextrabus

1481 2334 1710 2399 XXIII
1775 2331 1876 2421 (3)

707 2451 957 2515 sobrior
970 2471 981 2535 ζ

527 2656 612 2708 Of.
658 2657 867 2709 Nonius
911 2675 962 2723 p.
1013 2660 1135 2721 140,
1183 2660 1244 2709 31
1294 2658 1363 2708 ad
1409 2659 1644 2724 Cophini
1687 2659 1745 2709 11
1793 2660 2112 2724 exscriptus.
2184 2658 2595 2723 (eleutriare
2641 2661 2817 2710 Paris.

529 2725 917 2779 eleutriare
965 2726 1017 2791 (e
1064 2724 1208 2788 eras)
1259 2726 1393 2790 Reg.
1543 2726 1956 2776 labandaria
2002 2728 2176 2776 Paris.
2230 2727 2400 2791 Lugd.
2456 2727 2817 2778 labandi-ia

526 2793 718 2842 Petau.
764 2793 904 2842 Thu.
953 2794 1131 2843 Germ.
1180 2793 1350 2858 Magi.
1397 2794 1531 2859 Reg.
1579 2794 1978 2844 labrandria
2015 2795 2171 2843 Voss.
2216 2794 2582 2843 lanandria
2627 2794 2817 2859 uulgo)

662 2861 848 2911 XVIII
885 2860 1097 2910 Gellius
1134 2862 1289 2911 XVII
1335 2863 1393 2922 2,
1439 2864 1501 2911 21
1553 2866 1721 2912 ‘nuuc
1766 2862 1962 2911 arrabo
2010 2863 2064 2910 in
2113 2862 2346 2911 sordidis
2395 2862 2578 2912 uerbis
2624 2862 2817 2912 haberi

525 2936 754 2992 coeptus
791 2944 856 2977 ac
892 2928 1063 2978 multo
1101 2929 1322 2978 uidetur
1359 2929 1634 2979 sordidius
1659 2944 1812 2991 arra,
1854 2944 2179 2994 quamquam
2219 2946 2373 2979 arra
2410 2944 2627 2993 quoque
2664 2935 2818 2979 uete-

533 3011 620 3044 res
658 3011 826 3059 saepe
867 2996 1134 3053 dixerint,
1185 3002 1239 3045 et
1286 2996 1655 3061 compluriens
1692 2997 2004 3046 Laberius.'
2144 2996 2274 3047 XIX
2313 2997 2518 3046 Fronto
2564 2995 2632 3044 de
2680 3001 2817 3047 orat.

529 3079 577 3126 p.
616 3065 715 3112 240
752 3063 834 3112 ed.
877 3066 1024 3113 Rom.
1065 3065 1186 3127 (123
1225 3064 1522 3133 Nieb.5156
1548 3063 1714 3124 Nab.)
1754 3068 1954 3127 ‘neque
1992 3065 2209 3129 ignoro’
2250 3062 2563 3127 (Senecam)
2602 3066 2816 3128 ‘copio-

526 3145 644 3179 sum
690 3132 979 3180 sententiis
1029 3136 1085 3180 et
1130 3130 1526 3180 redundantem
1575 3130 1846 3181 hominem
1891 3147 2043 3182 esse:
2098 3147 2286 3180 uerum
2334 3132 2643 3181 sententias
2698 3131 2817 3181 eius

529 3197 800 3247 tolutares
828 3199 984 3248 uideo
1011 3214 1278 3261 nusquam
1316 3197 1657 3262 quadripedo
1684 3202 1901 3249 concito
1927 3215 2083 3249 cursu
2123 3205 2337 3263 tenere,
2377 3212 2643 3261 nusquam
2685 3215 2818 3263 pug-

525 3280 677 3328 nare,
714 3280 983 3329 nusquam
1023 3267 1363 3315 maiestatem
1398 3265 1645 3321 studere;
1683 3272 1747 3315 ut
1782 3266 2082 3330 Laberius,
2121 3265 2617 3325 dictabolaria‚
2654 3266 2817 3314 immo

528 3332 762 3382 dicteria
799 3334 982 3397 potius
1028 3349 1151 3382 eum
1196 3348 1356 3397 quam
1400 3333 1553 3381 dicta
1592 3334 1921 3385 continere.’
1961 3331 2151 3397 (Legit
2198 3332 2269 3381 du
2313 3333 2453 3381 Rieu
2502 3332 2814 3383 dictabo-

527 3399 701 3458 lara;
739 3400 1092 3450 Heindorfius
1128 3399 1604 3460 ‘dictabolari,
1639 3401 1798 3448 immo
1836 3399 2496 3449 dicteria...continuare’
2535 3398 2816 3464 coniecit.)

531 3466 615 3516 Cf.
651 3467 864 3518 Nouius
899 3471 1006 3519 inc.
1046 3468 1158 3517 fab.
1196 3464 1315 3520 XV.
1454 3466 1555 3515 XX
1593 3466 1970 3517 Tertullianus
2016 3467 2084 3516 de
2121 3466 2294 3531 pallio
2334 3472 2356 3515 l
2410 3472 2556 3516 ‘nam
2596 3474 2651 3517 et
2682 3469 2816 3516 ari·

530 3540 700 3585 etem
738 3550 845 3585 non
881 3550 1042 3599 quem
1069 3536 1341 3585 Laberius
1380 3535 1996 3599 reciprocicornem
2033 3539 2088 3583 et
2126 3536 2489 3584 lanicutem
2527 3539 2583 3583 et
2618 3537 2816 3585 testi-

530 3603 839 3663 trahum,’
877 3600 1342 3667 (testitrabum
1367 3602 1598 3651 Vindob.
1626 3601 1801 3666 Laid„
1829 3602 1912 3651 ed.
1940 3618 2019 3666 pr.
2058 3603 2441 3651 textrabum
2470 3602 2656 3666 Laur.)
2694 3602 2817 3654 ‘sed

529 3671 716 3720 trabes
754 3670 1012 3719 machina
1050 3674 1164 3732 est,
1203 3684 1343 3734 quae
1381 3685 1559 3719 muros
1597 3670 1856 3734 frangere
1902 3669 2128 3719 militat'
2179 3685 2225 3721 e.
2276 3683 2327 3732 q.
2375 3686 2417 3719 s.
2496 3669 2652 3720 Vnde
2698 3669 2816 3720 Sal·

528 3741 735 3787 masius
779 3753 997 3788 uersum
1035 3738 1173 3787 feeit
1209 3737 1380 3788 hunc:
1430 3734 2033 3800 Reciprocicornis
2072 3737 2335 3786 lauit-‚us
2382 3735 2817 3787 testitrahus.

530 3806 767 3855 Graece:
815 3795 1359 3869 ἀνακαμψικέρατος
1403 3795 1661 3868 ἔριόθριξ
1710 3795 2052 3869 ὀρχεισύρος.
2212 3803 2340 3852 XXI
2388 3803 2675 3854 Senarium
2720 3805 2817 3854 sic

528 3869 644 3934 (uel
682 3873 801 3931 ait)
842 3871 1178 3921 hominem
1219 3872 1381 3921 fieri
1419 3888 1496 3920 ex
1536 3870 1738 3933 mulo,
1780 3873 2119 3921 colubram
2160 3886 2236 3919 ex
2273 3869 2559 3921 muliere
2598 3873 2817 3922 notauit

526 3938 901 3990 Buechelerus
1039 3938 1198 3988 XXII
1236 3939 1444 3989 Nonius
1478 3939 1598 4000 493,
1637 3942 1698 3988 19
1738 3939 2128 3989 ‘dextrabus
2164 3954 2259 4002 pro
2298 3937 2562 3991 dexteris.
2633 3940 2815 3989 Labe-

527 4007 639 4056 rius
689 4009 743 4055 in
794 4006 1040 4056 Odissia:
1099 4007 1273 4070 'deque
1328 4005 1582 4056 manibus
1634 4006 1974 4058 dextrabus.’
2063 4008 2172 4054 Aut
2224 4004 2458 4054 Liuius
2511 4022 2633 4056 cum
2679 4008 2818 4057 Ben-

528 4075 642 4123 tino
680 4074 1031 4124 scribendum
1070 4079 1166 4123 aut
1212 4074 1413 4124 lacuna
1457 4074 1755 4125 statuenda
1791 4073 1953 4123 huius
1990 4070 2161 4122 modi:
2210 4073 2646 4124 ‘Lubet-ius..
2670 4075 2815 4123 .Li-

528 4142 682 4192 uiua
729 4144 794 4190 in
843 4140 1145 4191 Odissia*
1195 4157 1240 4192 e.
1283 4156 1332 4205 q.
1373 4157 1415 4191 s.
1625 4142 1815 4192 XXIII
1853 4138 2139 4189 Charisius
2178 4139 2301 4204 I‘p.
2338 4142 2405 4189 64
2442 4141 2501 4189 P.
2551 4141 2819 4201 ‘sobi-ius,

528 4209 672 4274 quod
698 4224 892 4258 nomen
918 4210 1224 4272 comparari
1250 4224 1357 4258 non
1385 4208 1569 4262 debet.
1643 4225 1822 4276 neque
1851 4206 1998 4256 enim
2022 4204 2241 4255 sobi-ior
2266 4222 2440 4271 neque
2476 4208 2823 4258 sobi-issimus

529 4277 640 4328 dici
678 4281 886 4343 potest,
925 4277 1178 4340 quamuis
1211 4275 1482 4327 Laberius
1519 4283 1792 4339 sobi-ior
1827 4273 2078 4325 dixerit)
2154 4275 2446 4335 (subrior
2480 4275 2622 4343 cod.)
