3400 5075
1135 232 1460 284 Pvssan
1498 207 1680 285 εγω
1699 235 2160 286 an‘rEN'mAn
2665 235 2786 305 357

675 390 916 456 Salutis
963 412 1159 454 eausa
1203 390 1367 454 bene
1413 390 1489 454 fit
1532 392 1782 456 homini
1827 391 2080 457 iniuria.
2686 417 2789 464 455

668 504 964 573 Stultitia
1008 510 1107 570 est
1151 507 1454 571 insectari
1501 529 1690 591 quem
1739 508 1804 571 di
1849 504 2149 593 diligunt.
2683 532 2787 581 475

668 621 787 689 Sat,
831 623 1073 707 meigna
1118 644 1314 686 usura
1359 626 1459 687 est
1503 625 1621 706 pr6
1667 624 1979 689 beneficio
2026 625 2351 690 memoria.
2684 648 2787 697 458

490 740 623 805 625
670 738 825 804 Sero
873 737 944 803 1'11
989 738 1245 822 periclis
1293 740 1392 802 est
1437 739 1778 803 consilium
1824 741 2146 823 quaerere.
2684 763 2785 812 745

670 855 1074 920 Thesaurum
1129 854 1199 918 in
1264 855 1559 938 sepulcro
1614 855 1827 939 ponit,
1892 853 2009 940 qui
2069 877 2289 920 senem
2350 855 2651 922 heredem

2093 971 2315 1037 facit*
2681 994 2785 1043 543

672 1086 1106 1150 Taciturnitas
1154 1086 1355 1151 stulto
1400 1085 1651 1150 heimini
1696 1109 1814 1170 pro
1864 1088 2183 1172 sapientia
2229 1091 2343 1153 est.
2682 1110 2785 1159 485

672 1200 848 1266 'l‘am
908 1199 1069 1266 dest
1130 1217 1348 1266 auaro
1413 1197 1602 1282 qued
1665 1200 1914 1286 habet,
1980 1220 2193 1283 quam
2257 1203 2446 1283 quod
2509 1201 2652 1270 nim

2088 1317 2367 1384 habet!
2680 1343 2784 1391 486

665 1433 798 1498 Ubi
843 1433 981 1496 faita
1025 1436 1322 1516 peccant,
1365 1433 1702 1496 h6minum
1750 1433 2021 1497 consilia
2064 1434 2383 1499 excidunt.
2681 1457 2784 1505 764

490 1550 621 1614 630
667 1548 986 1632 Voluptas
1033 1570 1067 1611 e
1115 1545 1368 1611 difficili
1415 1548 1568 1611 data
1613 1546 1987 1611 dulcissima
2032 1554 2145 1612 est.
2683 1572 2784 1621 777

666 1663 795 1729 Ubi
844 1664 1054 1727 (imnis
1101 1663 1240 1727 uita
1286 1665 1495 1727 metus
1542 1666 1668 1748 est,
1714 1685 1888 1728 mors
1934 1666 2033 1727 est
2078 1664 2341 1747 6ptima.
2680 1688 2784 1737 490

664 1778 852 1844 Umis
899 1778 1034 1842 dies
1079 1801 1356 1862 poenam
1403 1778 1639 1863 adfert,
1685 1801 1879 1863 quam
1925 1777 2120 1843 mults
2162 1779 2382 1845 citant.
2680 1803 2782 1852 776

663 1893 794 1959 Ubi
839 1896 1063 1978 peccat
1108 1899 1286 1959 aetas
1335 1895 1564 1980 mitior,
1611 1896 1777 1959 male
1825 1893 2016 1959 discit
2060 1895 2334 1960 minen*
2677 1918 2777 1966 491

663 2009 794 2075 Ubi
839 2009 936 2074 11ss
983 2011 1273 2096 timetur,
1319 2010 1491 2095 qu6d
1537 2011 1845 2075 timeatur
1889 2011 2194 2075 miscitur.
2678 2032 2780 2082 766

485 2126 616 2204 635
662 2123 811 2191 'Ubi
851 2127 939 2190 sis
978 2149 1124 2200 eum
1144 2124 1276 2191 tuis
1314 2130 1381 2191 et
1427 2127 1589 2191 bene
1629 2127 1735 2211 siS,
1781 2127 2059 2211 pti'triam
2106 2149 2239 2191 non
2286 2125 2626 2191 desideres,
2675 2149 2778 2196 545

482 2366 944 2421 TESTIMONIA.
1015 2366 1383 2418 EXEMPLA.

616 2455 717 2504 624
752 2452 1042 2504 Menandri
1069 2457 1297 2504 monost.
1324 2454 1424 2504 295
1449 2447 1625 2503 καλόν
1652 2470 1706 2502 τι
1731 2447 2107 2518 θησαύρισμα
2132 2449 2367 2518 κειμένη
2394 2445 2572 2519 χάρις.
2676 2456 2777 2504 628

483 2519 698 2572 Seneca
735 2525 980 2572 conti-ou.
1017 2520 1123 2572 VII
1164 2524 1224 2574 18
1262 2539 1315 2587 p.
1355 2522 1455 2572 206
1493 2520 1553 2571 B.
1602 2520 1752 2585 (uide
1801 2521 1869 2572 ad
1906 2519 2028 2585 236)
2075 2520 2455 2583 Quintilianus
2492 2522 2624 2574 VIII
2660 2527 2706 2582 5,
2745 2525 2776 2573 6

482 2589 631 2652 (uide
671 2590 741 2639 ad
781 2591 883 2640 inc.
922 2591 1030 2641 inc.
1073 2595 1217 2653 trag.
1255 2591 1379 2653 203)
1425 2591 1569 2639 idem
1607 2589 1686 2638 IX
1725 2594 1773 2653 3,
1810 2592 1876 2641 64
1920 2588 2343 2641 ‘evvetxelmow
2391 2595 2592 2641 uocant
2634 2607 2774 2656 quae

482 2659 619 2708 duas
658 2674 744 2709 res
780 2658 1031 2708 diuersas
1069 2657 1322 2721 colligat:
1362 2661 1495 2707 tam’
1535 2676 1581 2712 e,
1620 2674 1667 2722 q.
1708 2674 1749 2707 e.
1820 2660 1897 2708 10.
1934 2658 2370 2709 Saresberieusis
2409 2659 2633 2709 Enthet.
2673 2658 2772 2710 sub

480 2725 568 2779 fin.
607 2731 816 2776 auctor.
854 2741 1005 2790 spec.
1043 2741 1173 2777 mor.
1213 2725 1296 2775 111
1334 2727 1380 2787 7,
1417 2728 1448 2775 2
1486 2726 1771 2790 (laudatus
1809 2742 1843 2775 a
1878 2725 2219 2791 ivoelfflino)

651 2957 771 3015 622
821 2957 910 3028 Cf.
957 2956 1079 3013 636
1252 2973 1411 3011 causa
1456 2957 1693 3030 Inqolst.
1744 2974 1899 3012 casus
1946 2958 2001 3013 F
2170 2958 2227 3013 fit
2276 2960 2564 3015 Gruterus
2606 2961 2677 3015 sit
2722 2961 2780 3015 F

654 3042 774 3099 623
821 3041 873 3096 di
907 3042 1336 3110 Buechelerus,
1372 3060 1475 3097 om.
1510 3043 1567 3096 F
1591 3058 1780 3097 omnes
1814 3044 2100 3100 Gruterus
2270 3043 2503 3117 diligunt
2533 3045 2769 3117 Inqolst.

480 3143 658 3217 diligit
701 3143 759 3214 (i.
791 3159 840 3200 e.
886 3141 1183 3217 diligerint)
1215 3144 1271 3198 F
1479 3142 1601 3200 624
1648 3139 1742 3212 Cs.
1776 3142 1898 3199 444
2075 3161 2233 3200 usura
2280 3153 2363 3199 est
2404 3145 2639 3215 Inyolst.
2687 3154 2768 3201 est

479 3246 641 3284 usura
689 3227 748 3285 F
913 3227 1139 3282 benficio
1189 3228 1491 3284 Nauckius
1661 3228 1784 3285 625
1830 3231 1883 3283 in
1940 3228 2154 3303 periclis
2212 3237 2297 3283 est
2352 3232 2480 3285 olim
2534 3231 2768 3295 conieci,

478 3317 606 3370 item
653 3313 942 3371 Desbillon
988 3321 1072 3367 est
1116 3313 1169 3367 in
1218 3312 1468 3387 periculis
1498 3314 1557 3369 F
1721 3329 1847 3368 sero
1893 3321 1977 3369 est
2021 3312 2307 3368 consilium
2356 3321 2407 3368 te
2454 3314 2506 3369 in
2554 3314 2768 3387 periclis

480 3415 740 3472 quaerere
786 3395 909 3467 (aut
954 3413 1212 3470 quaerere
1258 3399 1310 3453 in
1358 3397 1634 3471 periculis)
1686 3399 1927 3454 Bothius
2101 3397 2222 3454 626
2269 3398 2561 3470 sepulchro
2604 3400 2661 3454 F

480 3484 598 3541 627
645 3484 818 3539 stulto
863 3498 962 3556 pro
1008 3484 1265 3555 sapientia
1312 3482 1455 3537 cedit
1505 3484 1556 3538 T
1722 3482 1844 3539 628
1894 3482 2104 3538 tnndest
2140 3481 2416 3550 Senecae,
2465 3492 2570 3539 tani
2615 3484 2767 3538 deest

480 3569 818 3638 Quintiliani
844 3569 1005 3624 codd.
1040 3575 1166 3638 tam,
1211 3585 1316 3624 om.
1351 3566 1525 3638 deest,
1571 3569 1627 3624 F
1793 3585 1953 3640 quam
1998 3568 2196 3623 misero
2243 3568 2387 3641 quod
2423 3569 2476 3623 F
2644 3569 2768 3625 630

476 3654 566 3727 Cf.
627 3653 745 3710 521
963 3650 1216 3708 uoluntas
1272 3668 1336 3707 ex
1390 3651 1593 3709 difficili
1651 3654 1812 3709 datur
1866 3653 2174 3709 dulcissime
2230 3670 2274 3705 π
2487 3654 2602 3710 631
2659 3654 2765 3708 uita

477 3739 763 3796 Gruterus
819 3740 960 3794 uitae
1015 3738 1113 3791 Fu
1286 3745 1465 3792 motus
1519 3755 1565 3792 π
1737 3740 2001 3811 optimum
2058 3738 2299 3794 Bothius
2514 3739 2634 3795 632
2684 3740 2764 3809 cf.

477 3825 597 3882 609
770 3823 884 3879 dies
933 3823 1219 3878 Gruterus
1274 3821 1408 3876 deus
1455 3823 1511 3878 F
1672 3823 1828 3878 affert
1872 3824 1927 3877 F
2107 3839 2267 3895 quam
2311 3826 2420 3881 del.
2479 3825 2765 3880 Gruterus

643 3910 811 3965 citant
861 3908 1256 3963 Buecheler-us
1299 3908 1543 3981 cogitant
1588 3910 1645 3965 F
1680 3908 1957 3964 concitant
2002 3906 2342 3965 Schuetzius
2514 3910 2634 3965 633
2678 3913 2765 3965 sic

472 4014 517 4049 π
565 3992 650 4048 ubi
694 4001 944 4049 senectus
1001 4001 1218 4065 peccat,
1275 3993 1337 4047 ad
1385 4011 1545 4069 quem
1603 3994 1813 4068 refugit
1869 3992 2165 4065 sapientia?
2213 3994 2263 4050 R
2523 3993 2644 4050 634
2693 3994 2763 4048 nil

472 4081 693 4136 timetur
751 4080 1117 4151 Woelfflinus
1161 4077 1289 4133 nihil
1338 4081 1559 4147 timetur
1610 4084 1660 4141 T
1700 4081 1925 4136 timetur
1969 4076 2101 4133 nihii
2150 4079 2202 4133 F
2368 4079 2489 4135 635
2535 4087 2590 4133 et
2628 4078 2765 4133 bene

471 4166 544 4221 sis
591 4165 991 4221 Buechelerus
1034 4171 1089 4218 et
1134 4162 1272 4220 absis
1303 4167 1360 4223 F
1399 4189 1461 4240 ut
1506 4174 1648 4234 absis
1687 4163 1936 4223 Bothius
2108 4182 2218 4221 non
2268 4164 2513 4221 Orellius
2560 4174 2611 4221 et
2659 4167 2769 4223 Bo·

472 4252 649 4322 thiuS,
697 4268 803 4306 om.
852 4250 908 4306 F
947 4266 1062 4305 eam
1110 4249 1396 4327 Gruterus
