3400 5075
678 376 794 438 116
1145 378 1239 427 Ex
1280 374 1613 429 INCERTIS
1650 377 2134 429 INCERTORVM
2173 380 2486 431 FABVLIS

1745 533 1902 598 XVI

846 648 1225 714 Pariinculis
1273 649 1353 712 ad
1401 648 1556 712 h'tus
1603 649 1771 713 ludit
1817 651 2145 714 celeribus,

1717 772 1911 837 XVII

854 887 1210 953 Contendit
1256 891 1504 953 oculos:
1553 889 1897 973 derepente
1945 887 2108 952 abiit
2153 889 2348 952 celox.

1704 1011 1930 1077 XVIII

839 1126 1201 1192 Vl‘nnulum
1251 1126 1640 1193 sensssocum
1734 1177 2602 1193 .........

1735 1268 1892 1333 XIX

703 1386 789 1450 26
836 1385 936 1449 Ea
983 1388 1083 1449 est
1128 1386 1458 1470 seditiosa,
1505 1408 1581 1449 ea
1626 1390 1773 1449 ciim
1821 1384 1961 1450 uiro
2009 1385 2247 1450 bellum
2295 1386 2478 1469 gerit.

660 1596 824 1631 enses
870 1585 927 1631 et
972 1581 1047 1631 M.
1086 1581 1371 1631 Hertzium
1419 1579 1624 1632 annali.
1663 1580 1879 1645 philoll.
1921 1581 2050 1630 1862
2087 1597 2138 1645 p.
2178 1582 2275 1632 725
2311 1580 2374 1629 L.
2411 1579 2712 1631 Muellerus
2752 1580 2956 1631 ibidem

661 1651 790 1699 1867
839 1664 892 1713 p.
928 1651 1025 1698 491
1234 1648 1363 1697 XVI
1398 1648 1644 1698 Isidorus
1690 1652 1867 1713 origg.
1905 1648 2030 1697 XIX
2069 1652 2127 1711 1,
2168 1651 2233 1699 20
2269 1652 2452 1712 ‘paro
2500 1649 2781 1713 nauigium
2820 1650 2960 1714 pira·

660 1723 836 1766 tarum
873 1717 997 1766 usui
1024 1723 1271 1781 aptum..
1293 1716 1546 1766 ,Ciceroe
1584 1721 1711 1766 tunc
1747 1731 1805 1766 se
1843 1716 2134 1779 fluctigyro
2173 1716 2343 1766 tradit
2376 1716 2708 1781 mandatque
2745 1717 2957 1781 paroni.

657 1789 710 1833 et
756 1783 952 1833 alibi:
1002 1782 1342 1848 parunculis'
1383 1799 1429 1836 e.
1468 1786 1536 1847 q.
1561 1799 1601 1834 s.
1684 1785 1751 1834 In
1789 1783 2073 1833 Ciceronis
2118 1782 2461 1849 hexametro,
2514 1799 2670 1848 quem
2711 1799 2739 1833 e
2778 1783 2956 1833 Mario

655 1856 908 1915 poemate
956 1856 1229 1915 sumptum
1277 1855 1555 1915 statuunt,
1617 1852 1999 1915 fluctigyro
2053 1851 2263 1901 habent
2308 1850 2563 1902 German.
2611 1853 2712 1901 805
2757 1858 2814 1900 et
2857 1852 2957 1901 806

655 1918 1031 1983 fluctigero
1080 1918 1357 1968 WVolfenb.
1405 1919 1621 1969 Monac.
1670 1934 1795 1968 cum
1841 1919 2040 1970 ceteris
2087 1919 2261 1969 libris.
2339 1917 2585 1969 Alterum
2628 1918 2954 1969 uersiculum

654 1986 971 2037 comoediae
1012 1985 1207 2036 tribuit
1243 1986 1306 2036 L.
1333 1986 1565 2036 Mueller
1602 1986 1811 2037 annall.
1852 1986 2062 2051 philoll,
2103 1988 2231 2038 1866
2267 2002 2317 2051 p.
2354 1989 2471 2040 399.
2643 1985 2726 2036 De
2760 1986 2953 2049 frusto,

654 2054 797 2118 quod
845 2054 990 2119 apud
1028 2055 1253 2104 Festum
1289 2071 1341 2118 p.
1380 2056 1480 2104 313
1516 2054 1590 2103 M.
1630 2068 1673 2103 s.
1712 2070 1765 2107 u.
1805 2054 2062 2105 ‘struere’
2103 2054 2334 2119 legitur,
2373 2056 2582 2104 inserto
2629 2070 2661 2103 a
2698 2070 2781 2103 me
2827 2053 2952 2105 olim

652 2122 799 2170 inter
845 2121 1116 2186 palliatae
1156 2121 1421 2186 reliquias
1459 2122 1587 2179 (inc.
1630 2122 1738 2172 inc.
1778 2121 1891 2173 fab.
1933 2120 2111 2186 XVI),
2158 2123 2270 2171 dixi
2312 2123 2367 2171 in
2405 2122 2697 2172 corollario
2738 2121 2804 2170 ad
2842 2125 2953 2170 tra-

651 2191 808 2254 gicos
854 2206 906 2254 p.
952 2189 1151 2240 LXIII.
1381 2189 1539 2240 XVII
1584 2189 1798 2238 Nonius
1842 2191 1968 2250 518,
2016 2192 2047 2240 8
2095 2190 2288 2239 ‘dere
2353 2196 2505 2238 ente
2552 2189 2867 2254 Turpilius.
2896 2226 2907 2238 .
2938 2228 2951 2242 .

652 2257 865 2307 Ennius
891 2296 902 2308 .
928 2293 941 2306 .
963 2257 1253 2306 .Afrauius
1276 2256 1542 2307 lucendio
1573 2253 1700 2323 [VI]
1732 2258 1874 2306 idem
1901 2258 1957 2306 in
1982 2259 2176 2308 Omine
2204 2254 2304 2322 [111
2355 2257 2490 2306 Con
2510 2258 2752 2307 tendit’
2779 2272 2824 2306 e.
2838 2273 2887 2321 q.
2910 2272 2950 2307 S.

652 2325 879 2375 ‘Accius
907 2362 919 2376 .
952 2363 962 2373 .
994 2361 1005 2373 .
1032 2325 1240 2375 Nouius
1271 2362 1282 2374 .
1315 2362 1328 2376 .
1358 2363 1370 2375 .
1396 2324 1692 2374 Terentius
1720 2363 1733 2377 .
1759 2364 1772 2379 .
1798 2360 1812 2373 .
1838 2325 2172 2390 Pomponius
2204 2361 2217 2374 .
2239 2362 2251 2374 .
2271 2359 2283 2373 .
2313 2325 2526 2374 Ennius
2552 2361 2565 2374 .
2584 2360 2596 2374 .
2618 2362 2631 2374 .
2658 2324 2861 2375 Varr0.
2881 2362 2893 2375 .
2914 2327 2950 2378 .’

650 2393 876 2451 (Itlem2
918 2392 1280 2443 contendit
1317 2392 1540 2456 Lipsius
1584 2391 1763 2456 Epist.
1810 2400 2026 2457 quaest.
2064 2394 2111 2443 V
2147 2395 2239 2453 253
2287 2398 2410 2458 post
2456 2393 2665 2441 exilit
2699 2393 2950 2441 ultimum

649 2460 1033 2523 praecedentis
1072 2460 1309 2524 exempli
1334 2460 1559 2509 uerbum
1587 2460 1845 2510 excidere
1882 2462 2043 2511 item
2081 2460 2289 2525 potuit;
2330 2475 2401 2509 an
2427 2460 2765 2510 Titinius?
2795 2452 2946 2524 ‘poe-

650 2534 764 2577 tam
801 2532 1069 2580 ueterem’
1120 2527 1256 2578 dicit
1292 2527 1576 2578 Bentleius
1625 2527 1694 2578 ad
1733 2529 1864 2583 Hor,
1910 2530 2068 2594 epist.
2119 2530 2144 2579 1
2197 2531 2253 2591 1,
2290 2527 2377 2591 28)
2460 2528 2543 2577 De
2590 2527 2712 2578 loco
2750 2528 2946 2578 Varro-

649 2597 815 2646 niano
854 2596 920 2646 de
960 2597 995 2646 l.
1033 2597 1098 2646 L.
1142 2596 1248 2647 VII
1287 2598 1383 2647 104
1406 2596 1501 2656 M„
1536 2596 1682 2647 unde
1724 2597 1903 2646 frusta
1941 2598 2047 2647 duo
2084 2596 2213 2648 olim
2248 2596 2334 2646 hic
2371 2594 2585 2658 (XVIII
2622 2594 2727 2660 sq.)
2764 2595 2941 2654 intuli,

649 2664 930 2728 disputaui
965 2666 1022 2713 in
1060 2679 1195 2713 mus.
1225 2663 1399 2714 Rhen.
1425 2664 1636 2714 XXVII
1673 2681 1724 2729 p.
1766 2667 1858 2715 181
1899 2678 2044 2729 sqq.:
2093 2664 2216 2713 uide
2260 2679 2414 2720 nunc,
2440 2664 2689 2713 quentii
2734 2663 2802 2712 fr.
2842 2665 2947 2713 inc.

646 2732 872 2782 fab.1v
1008 2730 1195 2782 XVIII
1240 2730 1452 2782 Nonius
1490 2747 1537 2795 p.
1581 2733 1704 2793 186,
1747 2735 1808 2781 10
1844 2732 2214 2782 ‘uinnulum
2259 2732 2448 2781 sensi
2493 2730 2733 2792 Iocum,
2771 2730 2826 2780 id
2864 2735 2949 2780 est

647 2799 1071 2849 inlecebram
1117 2798 1349 2849 Plautus
1395 2799 1653 2848 Asinaria
1690 2840 1702 2852 .
1732 2835 1745 2849 .
1777 2838 1789 2850 .
1829 2800 2078 2849 oratione
2126 2798 2356 2849 uinnula
2403 2799 2721 2849 uenustula’
2771 2798 2944 2862 (sen-

643 2867 923 2917 silocum
947 2867 1158 2930 Iunius,
1183 2867 1359 2916 Nonio
1385 2867 1581 2916 tribuit
1602 2866 1992 2930 Quicberatius
2096 2866 2591 2918 inlecebrosum
2616 2869 2765 2915 recte
2786 2865 2943 2922 idem,

643 2939 707 2983 ut
754 2935 870 2999 ipse
930 2934 1159 2984 conieci.
1266 2932 1687 2984 inlecebram
1734 2936 1797 2984 L.
1835 2934 2091 3000 Mueller)
2140 2932 2470 2985 Comoediae
2519 2935 2750 2984 frustum
2797 2940 2944 2999 post·

644 3018 802 3066 quam
831 3006 1183 3067 agnouerunt
1208 2999 1559 3051 Basileenses
1589 3002 1856 3064 editores,
1895 3003 2070 3052 denuo
2095 3001 2365 3052 indicauit
2388 3002 2452 3051 L.
2478 3001 2712 3051 Mueller
2736 3000 2943 3053 annali.

642 3069 852 3132 philoll.
893 3071 1023 3121 1868
1075 3085 1125 3133 p.
1163 3071 1263 3119 429
1502 3069 1633 3118 XIX
1671 3068 1867 3120 Cicero
1915 3069 1981 3120 ad
2028 3070 2274 3120 Atticum
2317 3069 2373 3118 11
2422 3073 2475 3131 1,
2520 3071 2552 3119 5
2599 3073 2725 3133 ‘ego
2772 3059 2942 3118 illam'

646 3135 940 3200 (Clodiam)
989 3136 1102 3185 ‘odi
1152 3136 1294 3186 male
1341 3137 1711 3187 consularem:
1762 3153 1837 3187 ea
1886 3142 1990 3187 est
2036 3138 2210 3187 enim
2257 3137 2624 3199 seditiosa,
2680 3152 2757 3187 ea
2804 3153 2942 3186 cum

640 3205 788 3254 uiro
827 3205 1079 3255 bellum
1118 3204 1324 3269 gerit,
1364 3220 1542 3270 neque
1580 3204 1752 3256 solum
1792 3220 1912 3254 cum
1952 3205 2205 3268 Metello,
2242 3205 2340 3255 sed
2378 3205 2543 3254 etiam
2581 3220 2701 3254 cum
2740 3205 2942 3255 Fabio’

641 3273 742 3331 (ea
787 3278 1079 3337 utrumque
1126 3271 1354 3322 seclusit
1388 3273 1662 3322 Baiterus.
1734 3277 1839 3322 est
1878 3273 2047 3323 enirn
2086 3288 2131 3326 s.
2178 3280 2242 3323 et
2280 3272 2631 3333 Schuetzins,
2683 3273 2843 3333 bene,
2894 3272 2942 3322 si

640 3340 926 3390 Ciceronis
988 3355 1167 3389 sermo
1223 3337 1417 3403 esset.)
1506 3339 1782 3390 Comicum
1839 3356 2055 3391 uersum
2107 3341 2312 3406 primus
2375 3341 2624 3390 enotauit
2677 3338 2938 3401 Orellius,

637 3406 1838 3538 {tam⁸1⁰5‘?.2.5.⁸510¹³.330¹50.¹.00¹33⁸215¹.ss
1877 3407 2044 3526 ῗὲἓῖίι
2068 3409 2300 3526 Ῑΐῖἐέ
2330 3408 2483 3525 333..
2496 3406 2941 3525 Ce‘l‘i‘ss'issffimssi}

638 3543 895 3597 coniecit.
970 3543 1226 3593 Conferri
1270 3542 1416 3592 idem
1461 3543 1618 3594 iubet
1645 3493 1916 3593 prionici
1964 3492 2135 3605 fagil,
2184 3546 2214 3593 9
2260 3538 2386 3593 οἷον
2435 3541 2660 3607 φίλερίς
2698 3539 2783 3600 τίς
2820 3533 2938 3593 ἔστι

636 3608 735 3661 καὶ
771 3602 1024 3676 μάχεταί
1055 3609 1116 3660 τί
1146 3625 1244 3675 μοι
1283 3625 1351 3660 ex
1378 3610 1697 3661 Chalcidico
1736 3617 1793 3660 et
1817 3610 2106 3661 Menandri
2146 3610 2212 3665 fr.
2239 3614 2358 3675 296,
2385 3612 2416 3659 6
2454 3602 2538 3675 (ἐκ
2576 3608 2687 3661 τῶν
2719 3607 2932 3676 Κυβερ-

806 3788 882 3844 21
933 3789 1246 3862 parunculis
1305 3790 1371 3859 (is
1430 3806 1585 3847 corr.
1650 3807 1731 3847 ex
1783 3791 1848 3844 iis
1906 3796 2008 3846 aut
2064 3785 2144 3864 us)
2205 3790 2437 3846 Monac.
2499 3788 2819 3862 perungulis
2878 3793 2935 3858 (c

636 3889 820 3944 supra
866 3891 903 3948 g
948 3889 1070 3931 scr.
1113 3877 1170 3931 in
1219 3874 1407 3931 Germ.
1456 3873 1601 3944 806)
1648 3874 1916 3931 German.
1977 3883 2222 3947 uterque
2279 3873 2585 3947 parunculis
2647 3874 2929 3945 Wolfenb.

803 3957 932 4014 litos
979 3958 1035 4030 (u
1081 3975 1265 4031 supra
1313 3975 1344 4013 o
1391 3974 1509 4018 scr.
1567 3962 1626 4015 in
1674 3960 1865 4015 Germ.
1911 3959 2057 4031 806)
2105 3961 2374 4018 German.
2437 3965 2678 4031 uterque
2851 3956 2930 4012 22

635 4041 763 4098 abiit
807 4046 1024 4115 scripsi
1065 4042 1211 4099 habit
1254 4044 1410 4099 Leid.
1456 4042 1565 4098 abit
1611 4047 1794 4100 ceteri
1832 4045 1972 4101 libri
2140 4044 2293 4100 celox
2337 4045 2571 4115 Lipsius
2630 4042 2751 4098 colo
2797 4043 2936 4098 libri

633 4126 785 4183 colos
819 4128 1061 4184 Rothius
1104 4127 1227 4183 loco
1258 4128 1495 4199 Maelzly
1670 4127 1750 4185 23
1796 4129 2122 4186 sensilocum
2169 4130 2311 4184 Par.
2349 4128 2393 4184 Ο
2444 4116 2742 4185 continuat
2786 4126 2932 4182 sensi

634 4212 811 4267 locum
871 4216 1082 4285 celeri,
1150 4228 1315 4285 quem
1382 4216 1605 4268 senarii
1656 4215 1751 4269 uel
1816 4217 2137 4284 septenarii
2199 4217 2417 4270 exitum
2476 4214 2667 4285 fuisse
2732 4214 2931 4267 statuit

634 4296 697 4352 L.
730 4297 1052 4353 Muellerus
1224 4295 1303 4353 26
1345 4300 1525 4368 pardo
1568 4300 1823 4353 leniores
1866 4313 2136 4353 numeros
2179 4314 2236 4352 ea
2283 4297 2623 4367 seditiosam,
2670 4312 2790 4351 cum
2836 4294 2933 4350 uel

632 4389 715 4437 cst
759 4398 803 4435 s.
852 4388 905 4436 ct
952 4398 1072 4437 cum
1108 4382 1406 4438 Ciceronis
1449 4382 1631 4438 uerba
1671 4384 1997 4453 praec-lude
2042 4383 2314 4438 uidentur
