3400 5075
592 356 745 411 LXX
1466 349 1996 407 COROLLARIVM

593 518 793 583 Nonii
856 518 1208 600 scripturas
1275 518 1377 579 sat
1431 514 1864 599 probabiliter
1929 513 2232 596 explicet,
2298 513 2458 576 illud
2505 513 2716 577 visum
2772 516 2886 595 est,

595 625 765 709 quod
813 624 879 686 in
935 627 1118 687 textu
1164 622 1367 706 posui.
1459 621 1564 684 fac
1612 620 1785 684 enim
1841 620 2002 684 haec
2049 620 2117 683 111
2166 619 2523 702 archetypo
2571 619 2884 683 extitisse:

593 730 987 877 LONGEQA·
1011 724 1298 882 CVRfiS,
1343 799 1491 863 inde
1521 821 1684 883 quae
1730 820 1898 861 nunc
1927 797 2172 861 tradita
2209 799 2359 861 sunt
2385 799 2531 861 orta
2560 820 2693 862 esse
2740 821 2884 882 pos-

595 912 745 973 sunt
811 906 1200 972 coniecturis
1268 906 1569 989 antiquis.
1662 908 1949 970 ceterum
2012 908 2206 968 stacta
2268 904 2437 987 quod
2492 905 2735 988 legitur
2789 905 2882 971 in-

596 1015 836 1099 tellego
883 1017 958 1078 ut
1001 1014 1071 1077 in
1116 1014 1335 1077 Plauti
1381 1015 1569 1076 most.
1616 1012 1744 1075 309
1795 1011 1972 1075 ‘cum
2028 1014 2239 1074 stacta
2286 1009 2561 1076 accubo'
2609 1012 2686 1074 de
2743 1012 2886 1095 ipsa

597 1122 884 1202 muliere,
929 1120 1109 1203 loqui
1158 1122 1375 1182 autem
1422 1117 1556 1181 sive
1603 1118 2082 1181 adsentatorem
2122 1117 2301 1180 velut
2345 1117 2705 1200 parasitum
2754 1117 2886 1180 sive

597 1229 955 1310 irrisorem,
1010 1225 1121 1309 qui
1169 1247 1314 1289 cum
1370 1224 1743 1288 adulescens
1802 1227 2056 1287 amator
2109 1244 2268 1287 naso
2326 1245 2391 1287 se
2445 1224 2730 1306 puellam
2779 1223 2885 1286 ad-

597 1333 964 1398 venientem
1012 1331 1250 1396 sentire
1298 1331 1728 1415 significasset
1774 1326 1882 1415 (cf.
1929 1328 2145 1393 Plauti
2194 1330 2328 1393 mil.
2365 1330 2450 1414 gl.
2494 1326 2710 1415 1256),
2754 1352 2887 1394 non

597 1441 664 1506 id
711 1442 813 1504 sat
865 1441 1112 1503 certum
1169 1438 1424 1522 signum
1481 1437 1605 1501 sibi
1654 1436 1860 1501 videri
1916 1436 2327 1519 respondeat,
2382 1435 2535 1519 quia
2581 1458 2884 1518 quacum-

598 1570 721 1631 que
787 1550 896 1610 eat
950 1558 1203 1625 amans,
1260 1544 1505 1608 amicae
1568 1543 1729 1608 odor
1785 1563 1931 1606 eum
1986 1546 2408 1626 persequatur
2461 1564 2719 1606 necesse
2784 1543 2884 1607 sit.

596 1675 752 1737 ergo
799 1653 935 1717 noli
984 1651 1153 1735 quod
1203 1672 1477 1733 pronum
1526 1652 1624 1713 est
1668 1653 1928 1713 stactam
1975 1649 2283 1712 conicere.

781 1778 904 1840 182
954 1775 1032 1839 cf.
1098 1774 1315 1838 Plauti
1382 1772 1581 1837 Stich.
1646 1773 1775 1836 765
1841 1769 2286 1855 ‘prostibulist
2347 1777 2564 1836 autem
2626 1778 2887 1837 stantem

594 1883 788 1947 stanti
841 1883 1094 1946 savium
1138 1880 1313 1943 Dare
1370 1878 1646 1943 amicam
1706 1877 1968 1943 amic-0³.
2060 1878 2373 1943 invitatur
2422 1880 2624 1963 igitur
2668 1879 2888 1962 puella

596 1991 670 2051 ut
716 1988 971 2051 adsidat
1016 1988 1098 2051 ad
1144 1987 1529 2051 convivium.

782 2113 905 2178 183
951 2111 1028 2176 In
1075 2112 1185 2194 eis,
1214 2091 1377 2194 quae
1425 2109 1583 2175 olim
1629 2109 1945 2175 librorum
1976 2111 2166 2174 fidem
2212 2106 2406 2175 nimis
2446 2110 2746 2195 religiose
2795 2132 2887 2173 se-

599 2223 781 2284 cutus
813 2218 1135 2283 edideram
1184 2219 1433 2282 inter-im
1470 2218 1825 2281 merendam
1869 2238 2132 2293 occurre,
2178 2219 2265 2281 ad
2305 2239 2517 2282 cenam
2554 2238 2691 2282 mem
2717 2219 2887 2281 veni:

598 2328 788 2405 iuvat,
844 2324 1074 2389 saltem
1124 2325 1354 2388 addere
1402 2323 1718 2388 debebam
1766 2323 2344 2407 praepositionem:
2403 2327 2490 2388 ad
2540 2326 2889 2390 merendam

599 2453 871 2508 occurrO,
927 2435 1000 2494 ut
1047 2431 1127 2495 ad
1174 2431 1521 2496 concilium
1569 2430 1821 2513 legatos
1870 2429 2221 2493 occurrisse
2268 2429 2492 2495 Livius
2539 2432 2755 2495 XXXI
2803 2433 2886 2496 29

598 2540 840 2601 narrat.
934 2536 1056 2600 Vel
1104 2537 1194 2602 sic
1241 2541 1462 2602 tamen
1518 2536 1784 2600 minime
1832 2559 1910 2600 ea
1955 2535 2278 2599 sententia
2333 2535 2637 2622 efficitur,
2693 2563 2887 2622 quam

600 2645 1057 2728 Marquardtus
1114 2645 1320 2708 inesse
1377 2644 1611 2727 voluit,
1675 2642 1809 2706 scil.
1856 2642 2227 2706 merendam
2285 2645 2735 2726 expectabam,
2791 2668 2888 2709 ce-

600 2775 754 2815 nam
782 2750 1018 2814 inveni.
1074 2771 1237 2833 quae
1285 2750 1339 2813 si
1368 2772 1521 2813 vera
1550 2753 1735 2832 esset,
1774 2749 2210 2813 coniunctioni
2260 2749 2489 2813 saltem
2528 2772 2664 2814 eum
2708 2752 2887 2816 locus

602 2857 944 2920 mutandus
993 2859 1060 2918 et
1103 2856 1171 2919 in
1218 2857 1432 2938 priore
1480 2857 1771 2920 membro
1802 2855 2235 2938 adsignandus
2268 2856 2368 2918 vel
2417 2856 2510 2920 sic
2555 2855 2689 2920 fere
2737 2858 2888 2921 scri-

602 2963 884 3026 bendum
941 2965 1106 3025 erat:
1166 2964 1414 3026 intere‘m
1468 2965 1554 3026 ad
1605 2964 1957 3027 merendam
2011 2964 2160 3025 dum
2219 2984 2490 3040 occurro,
2543 2962 2630 3027 dd
2680 2985 2890 3027 cenam

601 3071 771 3132 veni:
818 3069 1015 3145 iuvat,
1072 3068 1354 3132 numeris
1403 3070 1662 3150 quidem
1717 3091 1849 3133 non
1905 3058 2422 3154 elegantissimis.
2513 3069 2622 3132 sed
2669 3070 2890 3153 quidni

603 3175 1000 3239 contrarium
1055 3174 1271 3238 iocose
1345 3175 1445 3237 vel
1503 3175 1929 3256 contemptim
1997 3174 2125 3238 dici
2190 3179 2577 3258 statuamus,
2633 3176 2767 3240 scil.
2824 3178 2893 3241 in

602 3281 975 3344 merendam
1022 3280 1248 3363 incidi,
1295 3303 1440 3344 011111
1498 3302 1723 3344 cenam
1779 3281 2150 3364 sperarem?
2205 3304 2357 3345 nam
2414 3304 2577 3361 quae
2635 3282 2892 3347 obstare

604 3387 857 3452 videtur
902 3388 1130 3472 gaudii·
1173 3387 1565 3471 significatio
1612 3389 1787 3452 iuvat
1830 3410 1945 3472 per
1992 3387 2268 3454 ironiam
2303 3388 2611 3471 explicari
2658 3392 2891 3471 potest.

601 3493 739 3557 Nec
786 3515 938 3557 vero
986 3494 1197 3557 minus
1248 3497 1361 3556 aut
1406 3495 1599 3558 facile
1649 3498 1762 3558 aut
1817 3493 2155 3577 probabile
2211 3493 2465 3557 videtur
2519 3495 2893 3576 remedium,

604 3622 729 3683 quo
797 3600 863 3662 in
917 3601 1098 3663 textu
1164 3599 1613 3665 constituendo
1679 3624 1830 3665 usus
1886 3622 2045 3663 sum.
2134 3621 2368 3682 nempe
2423 3623 2727 3684 coquum,
2782 3604 2893 3686 qui

602 3705 818 3768 nescio
867 3728 996 3787 qua
1043 3705 1120 3768 de
1151 3727 1345 3768 causa
1393 3711 1644 3770 mature
1674 3707 1945 3787 venerit,
1991 3705 2202 3769 dicere
2251 3707 2496 3770 conieci
2544 3711 2895 3773 mermedam

603 3812 856 3888 adeum,
921 3814 994 3874 ut
1052 3810 1510 3876 Menaechmus
1575 3811 1796 3876 Plauti
1842 3836 1897 3876 v.
1945 3812 2074 3876 208
2142 3811 2323 3876 ‘iube
2387 3813 2619 3898 igitur’
2684 3815 2896 3899 inquit

605 3916 848 3980 ‘tribus
895 3918 1083 3982 nobis
1132 3919 1303 4001 apud
1350 3921 1413 3981 te
1448 3918 1797 4000 prandium
1840 3917 2240 4000 accurarier',
2297 3920 2408 3983 ubi
2455 3921 2690 4004 duplex
2737 3922 2894 3986 item

598 4044 640 4085 r
684 4022 940 4086 librarii
989 4045 1204 4087 errore
1250 4025 1321 4087 in
1366 4023 1421 4088 C
1460 4025 1669 4088 inlata
1717 4028 1817 4089 est
1861 4022 2257 4113 (accur-rare).

790 4129 911 4192 187
964 4127 1367 4193 Sententiam
1413 4130 1612 4193 talem
1660 4130 1794 4194 fere
1840 4130 2042 4195 fuisse
2090 4134 2290 4217 fingo:

781 4235 869 4299 άη
914 4236 1125 4300 vidisti
1167 4256 1396 4319 aquam
1449 4237 1748 4320 tirnquam
1794 4260 1866 4302 ea:
1919 4259 2102 4302 caeno
2157 4238 2413 4302 haurire
2465 4240 2575 4320 qui
2630 4239 2895 4301 lavarent

1884 4345 2157 4409 manus?
