3400 5075
652 362 780 429 220
1568 368 1632 423 L.
1671 365 2033 420 AFRAmvs

1620 523 1780 590 XXI
1829 521 1974 611 (17)

832 642 1124 726 comptus

1706 755 1896 821 XXII

831 963 865 1035 [Γ
909 961 1004 1025 Β,
1140 961 1173 1024 f
1244 964 1273 1027 t
1930 894 2087 937 num
2144 872 2285 957 quis
2332 894 2435 936 me
2490 837 2811 958 quasisiit‘?

969 984 1095 1026 ona
1169 984 1241 1026 or
1272 984 1417 1026 una.
2120 1001 2125 1004 -

1581 1043 1808 1142 xx'm
1858 1074 2003 1163 (18)

653 1165 789 1231 430
835 1166 1108 1251 cupiluci

1691 1281 1917 1347 XXIV

835 1419 1112 1462 naucum
1160 1397 1310 1463 dare

1706 1487 1895 1554 XXV

835 1602 1197 1687 ipsissimus

651 1834 936 1884 studiosae
985 1835 1153 1885 etiam
1202 1835 1466 1900 antiquae
1513 1834 1773 1886 mulieres
1817 1836 2070 1898 fuerunt,
2111 1835 2256 1885 unde
2295 1838 2582 1885 traxerunt
2619 1834 2944 1897 cognomina

648 1902 985 1963 Rutilias,
1023 1908 1086 1952 ut
1121 1902 1331 1951 indicat
1367 1903 1689 1968 frequenter
1712 1903 2020 1954 Afranius.’
2058 1903 2336 1969 (rutilae
2363 1898 2617 1967 Vrsinus)
2657 1901 2741 1952 cf.
2770 1905 2941 1952 Varro

651 1970 718 2021 de
755 1970 789 2019 l.
815 1971 880 2021 L.
907 1971 1011 2020 VII
1048 1973 1113 2022 83
1150 1970 1402 2020 ‘rutilare
1444 1978 1529 2020 est
1565 1972 1633 2021 ab
1674 1971 1865 2021 eodem
1894 1971 2102 2032 colore;
2142 1972 2298 2021 aurei
2338 1973 2481 2022 enim
2519 1970 2696 2031 rutili,
2735 1975 2791 2019 et
2814 1969 2942 2019 inde

651 2039 821 2088 etiam
856 2037 1116 2089 mulieres
1150 2037 1313 2088 ualde
1351 2039 1511 2088 rufae
1550 2038 1806 2089 rutilae
1844 2039 2074 2090 dictae)
2147 2039 2216 2088 de
2261 2054 2453 2104 praen.
2496 2041 2524 2088 7
2564 2039 2941 2100 ‘antiquarum

648 2105 935 2156 mulierum
961 2141 975 2155 .
1003 2106 1402 2171 ,praenomina
1430 2105 1652 2157 fuerunt
1675 2106 1970 2157 Rutilia'
2011 2105 2129 2173 (sic.
2156 2107 2340 2157 Vatic.
2381 2122 2450 2156 ru
2466 2105 2622 2155 tilla
2646 2105 2943 2156 Torrenius

650 2174 866 2224 rutila
912 2175 1109 2236 ceteri)
1156 2172 1456 2224 ‘Caesellia
1491 2211 1504 2224 .
1538 2211 1552 2224 .
1591 2209 1606 2224 .
1640 2190 1674 2224 a
1719 2175 1901 2225 colore
1951 2175 2157 2225 ducta.’
2242 2174 2501 2225 Rutilia
2548 2188 2744 2223 nomen
2791 2177 2944 2222 extat

647 2241 704 2291 in
741 2240 860 2291 CIL
897 2241 926 2290 1
961 2257 1012 2295 n.
1055 2244 1179 2303 144,
1217 2241 1454 2292 Rutila
1488 2242 1547 2292 in
1583 2242 1709 2292 (ΗΝ
1745 2258 1796 2293 ιι.
1839 2244 1967 2293 5891
2128 2241 2258 2292 XXI
2284 2241 2449 2292 Pauli
2476 2242 2675 2291 Festus
2699 2256 2750 2305 p.
2777 2242 2845 2290 40
2866 2242 2940 2290 Μ.

648 2315 1000 2373 ‘comptum
1037 2309 1302 2359 Afranius
1338 2325 1436 2374 pro
1474 2315 1672 2360 ornatu
1711 2317 1768 2359 et
1805 2310 1959 2360 cultu
1994 2310 2222 2375 posuit)
2363 2309 2521 2359 xxn
2557 2308 2849 2372 Pompeius
2886 2307 2941 2356 in

649 2376 817 2427 Keilii
854 2392 1078 2441 gramm.
1114 2378 1268 2427 Latt.
1305 2377 1414 2429 uol.
1442 2379 1489 2428 V
1524 2394 1577 2443 p.
1617 2380 1736 2439 311,
1777 2379 1837 2428 17
1875 2377 2323 2428 ‘charientismos
2352 2415 2364 2426 .
2391 2413 2404 2426 .
2433 2418 2445 2430 .
2475 2376 2737 2426 habemus
2772 2376 2941 2425 etiam

650 2444 795 2509 apud
842 2450 1098 2496 auctores
1145 2445 1272 2495 hoc:
1324 2460 1454 2496 ecce
1501 2445 1768 2495 habemus
1812 2446 1868 2494 in
1906 2446 2153 2495 Afranio.
2234 2446 2632 2508 interrogat
2676 2458 2941 2493 seruum

649 2511 1086 2563 adulescens:
1124 2514 1440 2579 numquis
1477 2529 1571 2563 me
1609 2513 2002 2578 quaesiuit?
2041 2518 2096 2564 et
2131 2512 2228 2564 ille
2268 2527 2506 2564 seruus
2544 2510 2941 2577 responden

645 2581 819 2630 bona
866 2582 1168 2637 fortuna,
1223 2581 1279 2630 id
1329 2587 1416 2631 est
1459 2580 1669 2644 nullus,
1721 2581 1879 2647 quasi
1928 2597 2041 2631 rem
2087 2582 2276 2631 duram
2325 2581 2476 2631 dictu
2521 2579 2709 2629 mitius
2756 2578 2940 2629 dixit!

648 2632 933 2697 Charisius
978 2665 1029 2714 p.
1066 2652 1164 2699 247
1202 2649 1262 2698 P.
1309 2649 1757 2699 ‘charientismos
1806 2654 1893 2700 est
1937 2649 2108 2700 dictio
2154 2664 2252 2714 per
2298 2664 2367 2698 ea
2412 2663 2552 2712 quae
2598 2653 2763 2712 grata
2813 2654 2942 2698 sunt

645 2714 799 2765 aliud
854 2715 1044 2765 dicens
1091 2716 1244 2766 aliud
1297 2715 1640 2780 sigulficans,
1695 2722 1758 2767 ut
1807 2732 1928 2767 cum
1981 2718 2381 2782 interrogamus
2435 2730 2580 2765 num
2629 2716 2778 2779 quis
2824 2729 2942 2764 nos

647 2784 1040 2846 quaesierit
1099 2789 1156 2834 et
1211 2783 1574 2849 respondetur
1625 2785 1800 2835 bona
1854 2784 2157 2846 fortuna,
2210 2783 2356 2833 unde
2412 2781 2788 2846 intellegimus
2842 2797 2942 2833 nos

646 2853 920 2901 neminem
969 2853 1299 2917 quaesisse.’
1381 2851 1467 2902 cf.
1506 2852 1802 2903 Diomedes
1846 2869 1897 2918 p.
1935 2854 2036 2903 458
2072 2852 2132 2901 Ρ.
2205 2852 2411 2902 Donati
2459 2865 2548 2899 ars
2596 2867 2647 2915 p.
2702 2850 2831 2901 1778
2878 2851 2940 2900 Ρ.

645 2918 775 2977 (uol.
815 2918 893 2969 IV
928 2935 979 2984 p.
1017 2922 1116 2969 402
1153 2918 1321 2982 Keil.)
1361 2921 1810 2970 ‘charientismos
1849 2924 1936 2970 est
1970 2924 2160 2985 tropus
2169 2956 2187 2982 ,
2225 2934 2331 2983 quo
2369 2918 2505 2968 dura
2539 2917 2692 2967 dictu
2729 2918 2943 2983 gratius

642 2986 1021 3052 proferuntur,
1059 2994 1119 3037 ut
1156 3003 1276 3037 cum
1317 2988 1794 3053 interrogantibus
1830 2987 1989 3037 nobis
2027 2987 2332 3050 numquis
2368 3001 2491 3035 nos
2530 2985 2939 3050 quaesierit,

646 3055 1002 3119 respondetur
1039 3055 1211 3106 bona
1249 3056 1551 3113 fortuna:
1589 3057 1786 3106 exinde
1823 3054 2169 3120 intellegitur
2194 3054 2464 3105 neminem
2490 3068 2589 3102 nos
2654 3052 2941 3103 uaesisse.'

645 3118 813 3183 (num
851 3123 1004 3187 quis
1041 3139 1160 3173 nos
1199 3122 1354 3173 Leid.
1393 3125 1539 3188 quis
1578 3139 1694 3173 nos
1734 3123 1962 3173 Santen.
2010 3137 2151 3172 num
2199 3137 2315 3171 nos
2352 3121 2634 3185 Sangerm.
2734 3120 2942 3170 Eadem

644 3189 762 3239 fere
798 3190 855 3239 in
891 3190 1102 3239 scheda
1134 3191 1456 3241 Monacensi
1495 3190 1646 3241 edita
1681 3208 1716 3240 a
1753 3190 2053 3256 Spengelio
2090 3189 2287 3240 Philol.
2325 3188 2455 3238 xxl
2494 3190 2590 3237 122
2748 3188 2940 3239 XXIII

642 3257 817 3306 Varro
843 3257 975 3308 del.
1001 3259 1063 3307 L.
1088 3259 1134 3307 V
1171 3261 1237 3308 25
1263 3261 1336 3309 Μ.
1375 3263 1556 3308 ‘extra
1593 3259 1796 3322 oppida
1834 3274 1867 3309 a
1902 3259 2085 3323 puteis
2125 3256 2441 3322 puticuli’
2479 3254 2585 3321 (sic
2621 3255 2769 3306 Flor.
2793 3262 2938 3305 teste

642 3324 715 3374 H.
756 3324 960 3390 Keilio)
999 3331 1035 3375 ‘.
1076 3363 1088 3375 .
1132 3363 1145 3376 .
1183 3326 1274 3390 qui
1314 3326 1469 3376 locus
1507 3325 1760 3389 publicus
1785 3326 1932 3376 ultra
1958 3325 2272 3391 Exquilias‚
2309 3324 2501 3388 itaque
2528 3339 2648 3373 eum
2675 3323 2940 3372 Afranius

646 3391 986 3443 cutilucos
1032 3394 1087 3443 in
1132 3399 1329 3456 togata
1372 3392 1638 3458 appellat,
1685 3392 1829 3459 quod
1871 3394 2000 3444 inde
2049 3393 2354 3458 suspiciunt
2402 3396 2667 3457 perpetuo
2717 3391 2937 3443 lumen.'

645 3459 749 3521 (sic
787 3460 914 3510 libri
950 3462 1083 3510 boni
1122 3460 1541 3525 putiluculos
1578 3461 1698 3512 cod.
1736 3462 1809 3522 B,
1846 3460 1995 3526 Spen
2039 3461 2180 3511 elius
2227 3458 2623 3509 subluculos
2659 3460 2726 3510 O.
2764 3457 2938 3507 Muel-

645 3527 789 3578 lerus
840 3528 1190 3593 petilucos
1238 3527 1328 3578 uel
1375 3529 1728 3594 cupilucos
1766 3530 1998 3581 conieci.
2113 3529 2201 3578 Cf.
2239 3529 2440 3594 Festus
2477 3543 2518 3577 s.
2565 3542 2619 3581 u.
2666 3525 2940 3591 puticulos

642 3611 692 3658 p.
731 3598 830 3646 217
865 3597 939 3647 Μ.
1075 3595 1256 3645 XXIV
1291 3597 1566 3647 Ausonius
1602 3602 1747 3647 cent.
1794 3603 1949 3662 nupt.
1989 3596 2166 3661 praef.
2216 3601 2337 3660 ‘pro
2376 3599 2507 3658 quo’
2545 3593 2646 3658 (sc.
2684 3591 2939 3657 centone)

642 3663 848 3727 ‘siper
883 3663 1161 3729 sigillaria
1207 3664 1263 3712 iu
1310 3665 1567 3714 auctione
1616 3665 1900 3725 uaeniret,
1947 3679 2128 3727 neque
2166 3663 2430 3714 Afranius
2475 3661 2706 3711 nauci'
2756 3660 2938 3724 (immo

643 3734 949 3794 naucum)
989 3731 1209 3781 ‘daret
1246 3748 1345 3782 nec
1369 3732 1574 3782 ciccum
1612 3747 1766 3781 suum
1795 3731 2025 3782 Plautus
2050 3731 2314 3781 offerret.’
2453 3729 2604 3779 XXV
2642 3728 2938 3794 Pompeius

642 3800 699 3847 in
747 3798 917 3848 Keilii
955 3815 1181 3865 gramm.
1222 3800 1372 3850 Latt.
1408 3799 1516 3852 uol.
1554 3799 1604 3848 V
1644 3803 1762 3860 153,
1804 3801 1864 3849 16
1903 3805 1994 3849 ‘ea
2031 3805 2212 3848 autem
2249 3814 2390 3862 quae
2436 3812 2543 3847 non
2589 3800 2716 3846 sunt
2763 3795 2941 3861 quali-

642 3866 776 3915 tatis
813 3872 872 3916 et
908 3867 1264 3932 quantitatis,
1302 3881 1408 3916 non
1433 3867 1712 3931 recipiunt
1748 3868 2214 3932 conparationem.
2284 3867 2363 3915 Ne
2398 3870 2455 3915 te
2492 3864 2780 3929 decipiant
2815 3863 2939 3914 illa

643 3933 975 3985 Plautina
1013 3939 1079 3984 et
1113 3935 1493 3985 Afraniana
1528 3934 1767 4006 uerba,
1806 3935 2227 3999 ipsissimus;
2264 3934 2387 3984 ioco
2419 3932 2629 3983 comico
2654 3932 2759 3982 hoc
2783 3931 2939 3980 dixit.

641 4007 729 4051 est
766 4003 934 4052 etiam
971 4003 1113 4068 apud
1151 4000 1397 4052 Graecos
1443 3992 1760 4062 αὖτοτατος
1796 4003 1931 4055 tale.
2004 4003 2212 4054 comica
2248 4006 2378 4052 sunt
2413 4001 2523 4050 ista
2560 4004 2616 4050 et
2651 3998 2720 4051 ad
2759 4004 2936 4050 artem

806 4287 929 4345 432
977 4290 1204 4362 quaesiit
1233 4288 1423 4343 Paris.
1460 4289 1524 4359 P,
1558 4288 1794 4344 Samen.
1826 4290 2095 4361 quaesiuit
2127 4291 2331 4346 ceteri.
2402 4287 2697 4359 Disposuit
2729 4300 2927 4341 nume-

636 4390 735 4430 ros
778 4374 843 4430 L.
891 4373 1141 4431 Mueller
1183 4388 1326 4430 mm.
1376 4374 1562 4429 Rhea.
1607 4374 1729 4429 XX
1773 4372 1895 4429 374
