3400 5075
1441 359 1762 411 'r1'r1N1vs
2641 357 2761 420 145

1477 516 1606 581 VII
1654 515 1755 602 (7)

634 633 735 699 Ne
783 638 850 697 tu
901 633 1096 697 istum
1148 634 1374 718 edepol
1422 633 1709 697 e'xtulisti
1756 632 1998 716 ptiriter
2044 635 2117 695 ut
2164 632 2397 722 dignus
2448 632 2587 695 fuit.

1460 747 1624 812 VIII
1674 747 1773 832 (9)

505 865 590 928 80
637 863 760 928 Sed
809 870 871 927 te
904 867 1161 929 amabo:
1210 864 1368 948 quid
1417 865 1713 928 desubito
1744 864 1878 926 tam
1907 867 2170 947 repente
2220 862 2298 926 ad
2347 863 2447 926 me
2480 863 2757 925 uenisti?

1490 979 1585 1043 IX
1634 977 1733 1063 (4)

462 1098 610 1178 81AE
641 1096 832 1159 Tibin
884 1099 1004 1180 erro
1052 1096 1366 1160 medelam
1415 1118 1608 1179 quam
1656 1095 1854 1158 seiam
1902 1117 2035 1158 non
2084 1093 2392 1158 delieem‘?

1502 1210 1562 1273 X
1611 1208 1711 1294 (3)

642 1327 1068 1391 'suburcinari
1118 1325 1257 1390 sine
1306 1349 1406 1390 me
1455 1327 1651 1389 uultis
1700 1325 2020 1410 reliquias,

1483 1440 1579 1504 XI
1627 1439 1729 1527 (5)

641 1606 1078 1621 .....
1170 1558 1437 1641 pernam
1484 1558 1692 1619 totam
1740 1553 1970 1641 dssigit.

463 1724 723 1780 uenerat,
771 1718 999 1768 iubebat
1045 1717 1201 1767 biber
1248 1715 1385 1766 dari
1459 1714 1597 1766 Cato
1635 1731 1853 1781 quoque
1900 1715 2184 1780 Originum
2222 1727 2250 1762 *
2286 1715 2382 1765 sed
2431 1720 2486 1764 et
2520 1715 2763 1765 Titinius

466 1821 522 1869 in
560 1818 802 1869 Prilia:
841 1818 992 1868 date’
1033 1834 1078 1870 e.
1122 1834 1173 1882 q.
1214 1834 1256 1870 s.
1331 1819 1494 1898 (plia
1533 1817 1653 1868 cod.
1691 1804 1910 1889 prelia
1950 1817 2033 1866 ed.
2072 1816 2175 1882 pr.)
2215 1817 2301 1868 Cf.
2340 1815 2537 1880 Cyrilli
2574 1816 2764 1882 glossa.

465 1886 610 1951 apud
657 1887 1003 1938 Labbaeum.
1053 1885 1278 1946 biber,
1325 1880 1390 1938 τὸ
1428 1889 1627 1938 πιεῖν)
1836 1885 1940 1936 VII
1974 1884 2184 1934 Nonius
2220 1886 2336 1946 375,
2374 1887 2406 1934 2
2444 1885 2760 1949 ‘pai-iter.

467 1956 883 2006 conuenienter.
953 1954 1197 2004 Titinius
1234 1924 1542 2006 Ρί·ειοΙίιι.
1589 1958 1680 2004 ne’
1730 1970 1776 2007 e.
1817 1970 1867 2018 q.
1907 1969 1949 2007 s.
2122 1952 2254 2003 VIII
2290 1951 2501 2003 Nonius
2536 1955 2661 2014 617,
2700 1953 2764 2002 14

464 2022 820 2072 ‘desubito.
892 2021 1135 2072 Titinius
1170 2022 1415 2072 Prilia:
1455 2021 1578 2072 sed’
1619 2038 1669 2073 e.
1712 2038 1764 2086 q.
1805 2037 1848 2071 s.
2005 2019 2085 2070 IX
2122 2019 2333 2071 Nonius
2370 2022 2486 2082 277,
2522 2022 2589 2070 25
2623 2019 2762 2069 de-

467 2090 611 2139 liea.
647 2095 732 2140 est
768 2090 922 2155 aperi
961 2095 1019 2139 et
1056 2089 1309 2153 explana.
1381 2089 1627 2139 Titinius
1664 2089 1869 2149 Quinto
1900 2128 1916 2142 .
1945 2126 1955 2137 .
1984 2127 1998 2140 .
2036 2088 2180 2138 idem
2217 2088 2524 2138 Proelia:
2562 2088 2763 2137 tibine’

463 2175 510 2208 e.
549 2173 600 2221 q.
638 2173 680 2208 s.
853 2158 899 2207 X
940 2156 1150 2207 Nonius
1188 2159 1312 2221 179,
1349 2160 1414 2207 22
1452 2157 1922 2207 ‘tuburcinari
1966 2156 2243 2220 significat
2287 2156 2486 2220 raptim
2539 2155 2764 2204 mandu-

468 2241 616 2275 care.
689 2226 934 2274 Titinius
978 2224 1279 2274 Praelia:
1329 2225 1700 2275 tuburcinari’
1748 2241 1795 2274 e.
1844 2240 1894 2288 q.
1944 2240 1986 2274 s.
2195 2223 2271 2272 XI
2307 2223 2519 2272 Nonius
2566 2226 2683 2284 290,
2732 2225 2764 2271 8

465 2293 784 2357 ‘diligere
832 2293 1184 2342 manifestam
1234 2294 1402 2343 habet
1445 2291 1939 2357 significationem,
1984 2298 2045 2340 ut
2091 2291 2423 2356 plerumque.
2509 2290 2765 2355 Diligit

451 2359 679 2411 diuidit.
820 2361 1056 2410 Plautus
1102 2361 1158 2409 in
1196 2360 1551 2409 Curculione:
1604 2360 1879 2425 clipeatus
1925 2358 2281 2424 elephantum
2327 2359 2421 2408 ubi
2468 2358 2765 2407 machaera

466 2428 744 2493 diligit.’
818 2427 938 2490 (sed
978 2427 1259 2478 dissicit
1298 2429 1426 2478 libri
1466 2426 1737 2490 l‘la’utini)
1775 2427 2038 2477 ‘Titinius
2075 2427 2375 2477 Proelise
2416 2443 2468 2491 p.
2508 2431 2547 2475 t.
2589 2426 2662 2477 d.’

465 2593 594 2647 haec
639 2598 722 2646 est
758 2589 1046 2661 Berylcius
1091 2593 1314 2663 annali..
1347 2591 1570 2662 philoll.
1608 2589 1777 2647 1870
1809 2607 1872 2661 p.
1918 2587 2039 2646 834
2215 2588 2293 2645 79
2342 2589 2429 2645 De
2468 2590 2764 2661 particula

467 2693 534 2731 nc
590 2676 668 2747 cf.
716 2676 1133 2732 Fleckeisenus
1176 2675 1383 2731 Philol.
1432 2675 1502 2731 ΙΙ
1544 2674 1622 2731 65
1754 2672 1996 2730 extulisti
2042 2676 2257 2744 scripsi
2311 2674 2478 2729 media
2525 2674 2767 2729 extulisti

466 2760 749 2831 (extullisti
795 2760 936 2815 Par.
987 2759 1057 2830 P)
1101 2761 1237 2815 libri
1287 2760 1459 2819 inedia
1515 2759 1756 2814 extulisti
1815 2761 1984 2831 uulyo
2040 2757 2214 2814 inedia
2272 2755 2565 2814 Exereuisti
2614 2758 2766 2814 Her-

465 2860 711 2902 mannus
752 2847 790 2900 l.
823 2846 862 2899 l.
899 2843 1020 2900 272
1110 2847 1196 2899 An
1243 2844 1532 2917 expulisti?
1578 2847 1674 2899 cui
1718 2843 1891 2898 medio
1938 2844 2011 2898 ab
2055 2846 2470 2915 interpolatore
2515 2846 2766 2899 additum

467 2946 592 2987 esse
635 2933 873 2986 conieci.
960 2931 1088 2985 Alia
1123 2930 1455 3002 Kiesslinyii
1496 2932 1749 3000 suspicio
1795 2935 1881 2984 est
1918 2930 2369 2984 interiectionem
2401 2927 2576 2983 medio
2619 2930 2768 3001 yios-

468 3021 682 3071 semate
713 3013 904 3087 edepol
938 3022 1167 3070 auctam
1200 3028 1356 3082 esse,
1405 3016 1593 3069 uirum
1625 3020 1815 3068 autem
1847 3013 2147 3069 iambicum
2193 3016 2552 3069 octonarium
2598 3015 2767 3068 talem

465 3117 533 3156 ne
580 3108 638 3155 tu
685 3098 847 3154 istum
895 3097 1068 3155 medio
1113 3097 1364 3171 expulisti
1412 3114 1457 3155 e.
1495 3117 1549 3170 q.
1582 3113 1628 3153 S.
1677 3102 2039 3154 recitauisse.
2101 3115 2166 3153 ne
2214 3097 2273 3153 tt'l
2319 3097 2503 3168 istam,
2552 3095 2765 3170 edepffl,

469 3183 708 3255 medica,
766 3183 1005 3238 extulisti
1052 3198 1102 3238 e.
1150 3201 1204 3255 q.
1251 3199 1297 3238 s.
1355 3186 1486 3238 ilem
1542 3184 1787 3239 iambico
1843 3186 2141 3239 octonario
2205 3182 2600 3238 Buechelerus

471 3268 552 3326 80
595 3267 689 3323 sed
748 3276 799 3322 te
858 3266 1043 3323 auiabo
1101 3270 1318 3339 scripsi
1371 3267 1466 3323 sed
1524 3267 1745 3323 eamabo
1791 3268 1994 3323 Bamb.
2042 3266 2137 3322 sed
2195 3265 2349 3321 ambo
2396 3267 2584 3322 Putat.
2641 3265 2769 3321 sede

469 3352 655 3408 amabo
704 3356 887 3408 celeri
925 3353 1062 3408 libri
1102 3352 1193 3407 sed
1240 3350 1425 3407 amabo
1473 3354 1642 3425 utdyo
1815 3361 1921 3407 tuin
1968 3360 2191 3424 repenle
2249 3369 2354 3406 om.
2403 3351 2596 3406 Palat.

473 3438 695 3492 uenistis
758 3437 944 3492 Palat.
1122 3436 1196 3493 81
1249 3453 1333 3509 sq.
1386 3435 1515 3492 tibin
1563 3454 1668 3511 ego
1717 3436 1978 3491 medelam
2025 3452 2181 3508 quam
2231 3435 2627 3491 Buecheler-us
2675 3435 2766 3490 tibi

469 3539 611 3594 nego
670 3521 894 3577 mediam
965 3538 1122 3595 quem
1181 3521 1321 3577 Gen.
1393 3519 1556 3576 tibine
1625 3518 1920 3577 comediam
1988 3536 2146 3592 quam
2205 3523 2388 3576 ceteri
2437 3521 2574 3574 libri
2639 3518 2765 3575 tibin

470 3606 800 3662 comoediam
848 3604 1014 3672 Quium
1052 3606 1427 3662 Hei-mannus
1469 3608 1508 3661 l.
1554 3609 1593 3662 l.
1643 3604 1799 3674 272,
1846 3620 2011 3675 quem
2058 3606 2185 3660 olim
2230 3606 2310 3659 ita
2355 3605 2659 3677 sequebar,
2707 3614 2769 3660 ut

472 3698 607 3747 ante
651 3708 808 3764 quam
852 3692 1260 3747 hemistichium
1291 3693 1514 3746 senarii
1539 3692 1830 3746 excidisse
1859 3696 2191 3746 statuerem.
2266 3689 2591 3745 Praeterea
2635 3687 2769 3744 tibin

471 3793 519 3831 e.
567 3772 896 3849 Quatnqutnn
954 3776 1049 3832 uel
1090 3817 1102 3829 .
1151 3818 1163 3830 .
1212 3818 1225 3831 .
1270 3774 1400 3831 tibin
1455 3791 1501 3830 c.
1562 3790 1883 3848 quamquam
1942 3789 1989 3829 e.
2035 3792 2086 3846 q.
2133 3788 2179 3829 s.
2242 3774 2605 3845 temptabam.
2696 3772 2769 3829 In

476 3862 690 3916 Geneu.
740 3864 1037 3932 scriptura
1070 3876 1231 3933 quem
1275 3864 1463 3917 latere
1509 3876 1673 3931 quom
1722 3861 1981 3915 uidetur.-
2024 3875 2137 3914 non
2184 3862 2372 3915 minus
2417 3859 2557 3914 bene
2599 3876 2769 3931 quam

475 3936 744 4001 medelam
780 3952 835 4001 et
880 3948 1082 4001 uersui
1124 3953 1178 4001 et
1222 3947 1540 4001 sententiae
1575 3943 1872 3999 remedium
1918 3950 2115 4016 aptum
2161 3950 2262 3999 est.
2439 3941 2518 3999 84
2565 3942 2770 3998 dissicit

473 4036 535 4085 ul
564 4032 622 4084 in
654 4030 855 4086 Plauti
884 4029 1227 4086 Curculione
1257 4028 1380 4085 424
1414 4031 1643 4085 uidetur
1669 4029 1970 4102 leyendum
2001 4043 2144 4084 esse.
2232 4027 2418 4101 dirigit
2448 4027 2772 4084 Salmasius

476 4114 558 4168 ad
585 4112 762 4171 Solin.
798 4115 980 4183 1191,
1013 4115 1249 4187 Hostius
1279 4124 1475 4187 opusc.
1510 4113 1700 4170 Plani.
1740 4112 1877 4167 122.
1982 4112 2302 4184 Conferant
2334 4111 2509 4169 Pauli
2538 4114 2770 4169 Festum

472 4216 531 4270 p.
581 4197 688 4256 69:
736 4198 998 4273 ‘dirigere
1043 4199 1182 4273 apud
1215 4198 1461 4254 Plautum
1508 4198 1785 4253 inuenitur
1827 4215 1927 4270 pro
1961 4196 2305 4253 discindere.’
2355 4196 2460 4267 (sic
2506 4197 2773 4270 Scaliyer

475 4298 634 4339 corr.
680 4282 946 4339 discidere
1003 4285 1136 4341 boni
1178 4285 1339 4340 codd.
1385 4281 1664 4339 discedere
1712 4281 1903 4357 uulyo)
1961 4282 2077 4339 Sed
2111 4281 2371 4354 fortasse
2406 4283 2501 4339 hic
2545 4299 2772 4356 quoque
2872 4299 2881 4311 ¹

479 4365 736 4425 dissicere
780 4369 1102 4441 leyendum.

582 4471 697 4513 Con.
733 4472 847 4513 ΙιΔτ.
872 4472 989 4512 nn..
2305 4466 2366 4515 10
