3400 5075
1429 262 1536 318 cu.
1574 235 1893 314 NAvas
2732 261 2816 324 23

1355 416 1999 483 TESTIGVLARIA

568 534 653 597 94
698 532 918 615 Immo*
953 555 1113 616 quos
1162 532 1378 596 scicidi
1425 533 1492 596 in
1539 534 1638 597 itis
1685 533 2102 597 conscindam
2149 537 2340 617 atque
2390 533 2679 597 ¹abiciam.

1398 691 1948 757 TRIBACELVS

567 809 654 871 95
700 808 873 872 Deos
920 808 1156 891 quaeso
1205 810 1277 871 ut
1324 807 1613 871 adimant
1658 809 1725 871 et
1770 811 2023 891 patrem
2068 811 2134 872 et
2179 808 2449 871 matrem
2496 829 2690 872 meos,

1401 965 1952 1031 TRIPHALLVS

700 1081 768 1146 Si
816 1086 1156 1165 cumquam
1205 1082 1544 1164 quicquam
1591 1079 1805 1159 filium
1852 1079 2173 1146 resciuero

702 1196 1066 1280 Argentum
1113 1197 1351 1259 amoris
1397 1202 1590 1259 causa
1637 1219 1894 1280 sumpse
1943 1200 2263 1261 mutuum:

702 1311 1094 1394 Extempulo
1141 1311 1253 1373 illo
1301 1312 1364 1373 te
1411 1311 1667 1395 ducam,
1715 1311 1823 1375 ubi
1872 1333 2005 1375 non
2052 1312 2344 1396 despuas,

523 1541 919 1603 (thechnico
965 1538 1113 1592 Flor.
1166 1538 1448 1590 therimo
1492 1539 1594 1589 cod
1642 1541 1685 1589 B
1827 1540 2219 1591 consistant
2260 1541 2552 1591 Turnebus
2596 1542 2817 1592 confi·

526 1608 714 1658 ciant
747 1608 876 1658 libri
1014 1607 1412 1656 confictam,
1451 1608 1819 1657 conuenire
1846 1607 2060 1657 Naeuio
2085 1609 2283 1658 tribuit
2307 1608 2581 1671 Bergkius
2608 1609 2816 1661 anuali.

519 1673 905 1741 philoll.18·10
940 1691 993 1739 p.
1033 1671 1154 1739 831)

655 1743 1081 1793 Tesmcvnsma
1151 1741 1238 1791 Cf.
1261 1741 1606 1791 Bitschelius
1632 1741 1857 1806 Parerg
1886 1738 2032 1791 1141
2141 1742 2459 1793 Priscianus
2486 1741 2530 1791 X
2568 1746 2598 1792 4
2640 1760 2689 1807 p.
2715 1745 2818 1793 890

523 1812 584 1859 P.
625 1810 839 1861 ‘scindo
887 1809 1049 1859 scidi:
1099 1809 1466 1859 uetustissimi
1516 1814 1699 1859 tamen
1748 1810 1917 1859 etiam
1964 1809 2217 1859 scicidi
2262 1810 2656 1875 proferebant.

521 1878 762 1928 Naeuius
799 1878 855 1926 in
892 1875 1295 1926 Ἰεειὶοιιίειτίιι.
1333 1866 1510 1926 immo'
1551 1893 1598 1926 e.
1636 1890 1688 1939 q.
1725 1892 1767 1926 s.
1808 1875 2089 1936 (Neuius
2125 1877 2256 1927 libri
2403 1878 2468 1926 in
2517 1879 2814 1928 testicu-

525 1946 706 1995 laria
744 1961 847 1996 om.
885 1946 1036 2008 Sang
1040 1942 1074 2005 .)
1147 1943 1231 1993 Cf.
1273 1943 1650 1993 inc.fab.V1

651 1960 1036 2061 'rmnicenvsg
1048 2002 1456 2075 (Τριβᾶκηλος)
1526 2010 1782 2060 Donatus
1818 2011 1874 2060 in
1902 2013 2026 2063 Ter.
2057 2011 2287 2075 Adelph.
2326 2012 2402 2062 1v
2445 2014 2488 2074 Ι,
2526 2014 2613 2062 5‘
2621 2014 2816 2062 moria

517 2087 604 2129 tur
639 2080 873 2129 scilicet.
945 2084 1002 2128 et
1047 2079 1149 2127 hoc
1195 2078 1464 2127 aduersus
1498 2093 1716 2127 seruum
1755 2078 1919 2128 debet
1956 2079 2163 2140 dicere,
2208 2095 2277 2129 ne
2326 2080 2642 2129 indecorum
2680 2080 2811 2129 adu

519 2147 781 2197 lescentis
819 2161 1085 2210 personae
1125 2145 1194 2195 sit
1232 2146 1372 2194 haec
1408 2145 1491 2193 ita
1526 2144 1763 2207 dixisse,
1801 2148 2053 2226 quamuis
2089 2147 2207 2196 eius
2245 2147 2390 2196 modi
2428 2147 2816 2212 adulescentes

516 2214 786 2265 inducant
824 2213 1045 2273 comici,
1084 2217 1146 2261 ut
1169 2211 1461 2262 Naeuius
1445 2227 1501 2260 nn
1529 2211 1850 2262 Tribacelo:
1887 2205 2034 2263 deos’
2073 2230 2123 2267 e.
2152 2229 2204 2278 q.
2235 2229 2277 2263 s.
2317 2213 2591 2293 (Neuius
2617 2215 2816 2279 bugd„

519 2280 638 2336 edd.
665 2282 814 2331 Rom.
839 2279 1000 2334 vind.
1027 2279 1171 2329 Med.
1209 2280 1374 2329 'laru.
1413 2279 1606 2329 cuius
1648 2279 1846 2333 Dresd.
1986 2280 2326 2330 tribacelo
2361 2280 2560 2345 scripsi
2598 2282 2815 2331 triba·

519 2348 699 2399 scelo
745 2347 831 2399 ed.
878 2346 1098 2398 Mediol.
1138 2346 1484 2397 tribsselo
1522 2345 1640 2396 cod.
1681 2347 1875 2412 Lugd.‚
1919 2347 2041 2401 edd,
2080 2349 2230 2398 Rom.
2270 2347 2430 2397 vind
2477 2347 2645 2398 '.1'sru
2691 2351 2814 2399 tri·

517 2415 782 2468 basello
817 2415 938 2467 cod.
974 2413 1155 2463 Gand.
1194 2419 1295 2465 ter
1331 2413 1569 2464 baselo
1606 2414 1724 2463 cod.
1767 2414 2355 2493 Dresd.'1'riphalio
2393 2415 2644 2490 Bothius)

650 2484 951 2533 Tamum
955 2498 1021 2531 vs
1093 2482 1179 2534 cf.
1207 2481 1472 2531 Varronis
1500 2486 1688 2531 satura
1720 2480 2050 2548 Τρίφαλλος
2083 2478 2215 2548 περὶ
2242 2472 2636 2549 ἅρρενότητος.
2685 2483 2812 2535 Ge!-

518 2551 626 2603 lius
664 2552 718 2602 11
759 2554 839 2613 19,
865 2553 896 2599 6
928 2541 1115 2599 aliter
1151 2550 1294 2600 enim
1329 2549 1537 2598 dictum
1575 2564 1698 2599 esse
1737 2551 1993 2599 reseiui
2032 2555 2129 2600 aut
2154 2553 2357 2600 rescire
2385 2551 2528 2615 apud
2570 2567 2683 2615 eos,
2721 2554 2815 2618 qui

517 2619 814 2684 diligenter
850 2617 1020 2667 locuti
1054 2623 1207 2680 sunt,
1253 2616 1492 2666 nondum
1538 2617 1874 2678 inuenimns,
1921 2633 2083 2682 quam
2118 2633 2285 2683 super
2330 2619 2379 2667 is
2427 2620 2618 2681 rebus,
2666 2635 2811 2682 quae

519 2692 616 2736 aut
654 2685 906 2736 consulto
941 2684 1173 2735 consilio
1210 2684 1475 2735 latuerint
1510 2691 1607 2733 aut
1642 2688 1837 2734 contra
1884 2700 2034 2749 spem
2084 2687 2469 2750 opinionemue
2505 2702 2607 2736 usu
2645 2701 2809 2735 uene·

522 2755 648 2803 rint.
723 2755 1063 2816 Quamquam
1102 2753 1277 2832 ipsum
1317 2753 1459 2802 seire
1499 2750 1568 2801 de
1607 2752 1861 2802 omnibus
1886 2754 2247 2803 communiter
2272 2752 2436 2802 rebus
2473 2753 2696 2802 dicatur
2720 2753 2810 2802 uel

516 2820 764 2871 aduersis
790 2820 880 2869 uel
906 2822 1186 2897 prosperis
1210 2819 1302 2869 uel
1337 2819 1639 2882 insperatis
1663 2818 1753 2868 uel
1780 2821 2102 2884 expectatis.
2172 2819 2417 2871 Naeuius
2444 2821 2498 2869 in
2526 2820 2811 2885 Priphallo

518 2889 600 2937 ita
637 2888 888 2952 scripsit:
929 2877 990 2936 si’
1030 2903 1078 2937 e.
1116 2903 1165 2951 q.
1204 2903 1246 2937 s.
1282 2886 1561 2956 <Neuius
1597 2886 1735 2949 Reg.
1775 2887 2033 2938 Neuius
2069 2887 2239 2950 nott.)
2526 2908 2537 2912 “

529 3041 662 3046 ψη,-
699 3039 947 3052 —7-——-*-*

683 3137 761 3194 94
821 3135 1035 3206 scicidi‚
1090 3136 1143 3190 in
1200 3137 1285 3191 ius
1347 3138 1559 3208 scripsi
1615 3135 1800 3190 scicidi
1860 3137 2033 3192 minus
2092 3132 2168 3210 (h.
2231 3154 2278 3193 e.
2328 3138 2381 3191 in
2439 3134 2584 3205 iuus)
2642 3137 2806 3194 Grut.

517 3223 687 3295 Sany.
746 3229 800 3276 et
847 3237 1010 3276 corr.
1067 3239 1140 3275 m.
1197 3222 1296 3276 alt.
1355 3224 1414 3275 in
1470 3218 1778 3275 scicidimus
1839 3221 2020 3294 Bony.
2082 3220 2414 3276 sciscidimus
2477 3221 2618 3293 Rey.

514 3303 889 3375 conscindam‚
947 3320 979 3357 n
1039 3305 1097 3358 in
1155 3319 1298 3369 ras,
1359 3304 1537 3358 Barb.
1736 3303 1813 3360 95
1869 3303 2101 3360 adimant
2159 3305 2398 3374 θωπί,
2455 3305 2581 3359 edd.
2643 3306 2806 3361 Rom.

531 3391 687 3445 Vina,
761 3388 1061 3443 adimantur
1125 3388 1300 3460 Luyd.
1365 3386 1622 3442 adiuuent
1689 3389 1899 3458 Gand.‚
1960 3390 2084 3443 edd.
2155 3388 2309 3444 Med.
2374 3388 2596 3445 Taru..
2754 3399 2809 3445 et

523 3481 747 3528 matrem
807 3479 864 3526 et
916 3479 1122 3544 patrem
1179 3471 1355 3544 Luyd.
1615 3471 1694 3528 96
1751 3473 1797 3527 si
1865 3487 2149 3544 numquam
2219 3474 2441 3528 conieci
2496 3480 2809 3546 antequam

508 3560 809 3628 proposuit
867 3555 1157 3627 Berylcius
1217 3555 1436 3611 anhalt.
1477 3556 1700 3626 philoll.
1756 3556 1919 3613 1870
1971 3573 2030 3628 p.
2090 3555 2240 3611 826:
2300 3558 2429 3611 olim
2474 3559 2630 3614 initio
2677 3573 2804 3613 uer-

511 3658 610 3698 sas
664 3642 846 3697 thesin
892 3638 961 3710 (e.
1009 3656 1061 3695 c.
1107 3637 1183 3709 at)
1230 3641 1518 3695 excidisse
1560 3646 1897 3696 statueram.
1987 3641 2033 3694 si
2079 3656 2327 3713 umquam
2377 3641 2514 3696 libri
2556 3657 2804 3715 umquam

508 3762 554 3816 si
601 3760 809 3816 Carrio
851 3761 1039 3830 Antiq.
1084 3760 1218 3813 lect.
1264 3758 1300 3814 Ι
1344 3758 1417 3813 11
1596 3727 1883 3831 quidquam
1931 3759 2085 3814 Rott.
2313 3757 2390 3814 97
2436 3759 2603 3814 amori
2650 3760 2803 3816 Rott.

676 3876 894 3932 sumpse
949 3859 1262 3915 Fricterius
1333 3859 1512 3919 Veris,
1572 3860 1646 3915 II
1686 3860 1787 3930 11,
1847 3860 2054 3915 Carrio
2110 3859 2405 3932 sumpsisse
2460 3861 2601 3934 Rey.
2680 3861 2805 3916 Vat.

425 4033 438 4044 ,
509 3949 744 4051 supsfsse
791 3979 911 4048 (use
955 3994 1112 4034 corr.
1161 3982 1218 4033 in
1263 3975 1388 4050 isse)
1438 3979 1592 4035 Rott.
1789 3977 1869 4035 98
1912 3979 1984 4033 de
2034 3981 2282 4050 pistrino
2338 3987 2393 4035 et
2435 3981 2504 4035 de
2547 3984 2805 4051 capistro

510 4060 833 4136 molentium
891 4082 983 4136 ori
1032 4081 1232 4151 adfixo
1287 4083 1712 4151 interpretatur
1757 4080 2081 4136 Gronom'us
2252 4079 2563 4154 extempulo
2626 4080 2725 4136 CF
2738 4081 2814 4135 W

508 4163 759 4219 Mueller
810 4166 850 4219 1.
909 4166 949 4219 1.
1008 4161 1127 4219 341
1188 4163 1458 4236 extemplo
1520 4165 1656 4220 libri
1911 4163 2152 4220 Poterat
2206 4167 2375 4219 etiam
2430 4164 2702 4238 extemplo
2749 4172 2802 4220 te

508 4247 602 4303 ino
648 4246 906 4304 deducam
942 4252 1202 4319 proponi
1371 4256 1426 4302 tc
1469 4247 1562 4303 illo
1614 4248 1858 4304 Botlu'us
