3400 5075
666 355 780 416 114
1134 363 1230 413 Ex
1271 358 1617 413 INCERTIS
1655 363 2142 416 monitronvm
2179 367 2492 417 FABVLIS

1781 519 1840 583 V

831 630 1128 716 Quinque
1159 633 1381 697 Thasii
1409 632 1950 752 uiQ‘depromam
1986 626 2409 724 [amphorasL
2447 638 2632 703 binas
2677 639 2951 704 Falerni.

1757 777 1851 841 VI

829 942 841 954 .
893 942 906 954 .
953 890 1207 973 qualem
1230 889 1517 968 ,demens
1566 892 1687 956 iste
1735 893 2136 976 chlamydem
2184 894 2540 979 disperdit?
2589 948 2600 960 .
2652 947 2664 960 .

1734 1034 1863 1098 VII

653 1149 803 1229 13s4
825 1198 1273 1212 ........
1324 1106 1436 1212 hui
1488 1146 1723 1213 uictrix
1769 1149 2019 1233 Venus,
2067 1151 2334 1216 uidesne
2386 1152 2591 1218 haec?

1717 1290 1878 1355 VIII

692 1409 773 1471 15
822 1406 1128 1491 Sponden
1173 1388 1377 1470 tuam·
1403 1411 1670 1492 gnatam
1717 1404 1860 1472 fssjo
1909 1409 2173 1473 uxorem
2219 1410 2411 1475 meo?

1754 1549 1844 1612 IX

818 1663 1203 1728 Ammianus
1250 1663 1663 1728 Marcellinus
1711 1664 2000 1728 XXVIII
2046 1667 2089 1729 4
2147 1671 2444 1750 ‘cumque
2502 1672 2796 1732 mutuum
2846 1671 2940 1734 illi

643 1780 796 1865 quid
856 1784 1115 1864 petunt,
1180 1800 1444 1844 soccos
1501 1784 1567 1843 et
1620 1780 1976 1845 Miconas
2047 1780 2348 1845 uidebis
2405 1786 2479 1846 et
2535 1783 2942 1850 Lachetas:

641 1918 785 1960 cum
834 1895 1186 1981 adiguntur
1241 1897 1315 1958 ut
1369 1895 1670 1979 reddant,
1724 1896 1817 1959 ita
1874 1895 2296 1961 cothurnatos
2365 1902 2430 1961 et
2485 1899 2806 1984 turgidOS,
2870 1906 2942 1965 ut

643 2011 1026 2076 Heraclidas
1073 2011 1219 2075 illos
1267 2009 1739 2095 Cresphontem
1790 2015 1854 2075 et
1899 2010 2255 2076 Temenum
2301 2016 2509 2095 putes.

774 2206 820 2253 V
856 2206 1073 2256 Plinius
1110 2211 1229 2255 nat.
1270 2205 1397 2259 hist.
1436 2205 1563 2256 XIV
1605 2208 1685 2268 14,
1729 2208 1790 2256 16
1827 2208 1931 2256 ‘sic
1971 2222 2181 2272 quoque
2219 2213 2409 2272 postea
2438 2207 2529 2257 diu
2571 2212 2938 2260 transmarina

635 2274 693 2324 in
731 2275 1066 2324 auctoritate
1117 2274 1340 2323 fuerunt
1389 2279 1443 2323 et
1491 2274 1559 2323 ad
1599 2290 1732 2324 auos
1770 2290 1945 2338 usque
1982 2282 2225 2337 nostros,
2273 2277 2404 2339 quin
2452 2281 2509 2324 et
2545 2277 2780 2328 Falerno
2831 2280 2937 2329 iam

634 2347 874 2407 reperto,
902 2341 1048 2391 sicut
1074 2341 1304 2407 adparet
1330 2357 1405 2390 ex
1445 2342 1569 2392 illo
1607 2343 1856 2391 comico
1883 2358 2109 2392 uersu:
2149 2344 2411 2407 quinque’
2441 2359 2488 2396 e.
2511 2359 2564 2407 q.
2587 2360 2633 2396 s.
2673 2346 2937 2407 (comici

635 2410 763 2459 Par.
809 2410 853 2458 Ε
995 2424 1196 2459 uersu
1241 2409 1648 2474 Anaxipolis
1693 2416 1856 2459 uetus
1903 2409 2230 2475 Dalecampi
2381 2412 2723 2462 Lucilium
2775 2416 2938 2464 comi·

635 2492 756 2526 cum
801 2477 914 2526 dici
959 2477 1205 2543 potuisse
1254 2478 1484 2541 eiusque
1530 2478 1621 2527 uel
1657 2476 1785 2526 XIV
1831 2476 1919 2526 uel
1957 2479 2055 2528 XV
2105 2478 2243 2527 libro
2288 2478 2427 2528 haec
2475 2481 2768 2531 inserenda
2813 2497 2935 2536 esse

635 2560 895 2610 operose,
932 2551 995 2595 ut
1031 2544 1200 2607 solet,
1248 2545 1339 2594 sed
1376 2546 1681 2604 infeliciter
1728 2546 2162 2596 demonstratum
2202 2548 2305 2595 init
2344 2547 2382 2596 1.
2421 2548 2703 2599 Beckerus
2739 2549 2935 2599 Philol.

633 2614 706 2662 1v
754 2616 820 2664 86
877 2629 1012 2678 sqq.,
1072 2613 1142 2662 ad
1196 2612 1426 2664 Sullana
1480 2618 1729 2677 tempora
1760 2629 1826 2670 ‚a
1882 2614 2061 2664 Plinio
2117 2615 2313 2663 referri
2370 2619 2579 2666 monuit
2631 2616 2937 2667 Lachman-

631 2697 733 2731 nus
781 2683 836 2730 in
883 2683 1048 2731 Lucr.
1093 2681 1215 2744 327)
1445 2682 1519 2730 VI
1568 2681 1947 2731 Tertullianus
1995 2682 2061 2730 de
2116 2682 2288 2746 pallio
2335 2684 2366 2731 4
2414 2687 2670 2748 ‘prorsus
2716 2685 2764 2734 si
2815 2686 2936 2749 quis

630 2748 990 2799 Maeandrico
1028 2749 1173 2798 fluxu
1211 2748 1509 2799 delicatam
1533 2754 1737 2798 uestem
1766 2749 1911 2798 humi
1949 2750 2268 2814 protrahat,
2307 2750 2501 2800 audiat
2540 2767 2679 2815 pone
2706 2767 2766 2801 se
2795 2753 2934 2816 quod

635 2822 713 2865 et’
742 2816 908 2879 (aitP)
931 2817 1283 2866 ‘comicusz
1310 2817 1596 2881 qualem’
1629 2833 1673 2871 e,
1696 2831 1804 2880 q.s.
1903 2818 2003 2866 Vll
2029 2819 2202 2867 Varro
2230 2818 2356 2866 del.
2387 2820 2450 2869 L.
2476 2819 2518 2866 V
2546 2821 2612 2868 62
2638 2824 2720 2869 ‘et
2745 2820 2934 2870 horum

636 2884 935 2934 uinctionis
971 2884 1055 2932 uis
1092 2885 1348 2943 Venus;
1385 2885 1517 2934 hine
1553 2885 1872 2934 comicus:
1910 2885 1944 2934 h
1961 2885 2045 2933 ui'
2087 2901 2134 2933 e.
2164 2902 2214 2949 q.
2243 2901 2283 2934 s,
2357 2890 2489 2935 ‘non
2527 2888 2671 2950 quod
2708 2888 2934 2937 uincere

628 2952 772 3002 uelit
820 2952 1033 3012 Venus,
1082 2951 1181 3001 sed
1227 2943 1475 3002 uincire.’
1560 2949 1882 3017 (comicus
1929 2952 2096 3016 uulgo
2152 2953 2443 3005 comicos
2497 2954 2625 3004 libri
2681 2954 2929 3019 plerique

633 3020 924 3070 comites
960 3019 1196 3069 Vindob.
1226 3019 1420 3081 Basil.)
1560 3020 1693 3070 VIII
1733 3017 1906 3070 Varro
1946 3019 2012 3068 de
2051 3019 2088 3070 1.
2123 3021 2189 3070 L.
2218 3022 2294 3070 VI
2332 3023 2395 3070 70
2433 3021 2935 3086 ‘spondebatur

631 3087 871 3152 pecunia
920 3092 1018 3136 aut
1064 3086 1180 3135 filia
1226 3087 1542 3150 nuptiarum
1592 3102 1798 3149 causa.
1829 3124 1843 3138 .
1872 3103 2035 3137 .nam
2083 3093 2152 3136 nt
2197 3090 2260 3136 in
2308 3088 2686 3138 comoediis
2738 3090 2934 3140 uides

631 3154 795 3205 dici:
835 3155 1165 3219 sponden'
1205 3170 1252 3205 e.
1291 3168 1344 3217 q.
1384 3169 1425 3204 s.
1522 3154 1607 3206 Cf.
1643 3154 2035 3205 Lachmannus
2082 3170 2218 3204 mus.
2265 3156 2435 3204 Rhen.
2475 3157 2550 3205 VI
2591 3159 2713 3218 119,
2762 3157 2932 3222 Spen-

629 3222 807 3286 gelius
857 3222 925 3272 de
973 3222 1183 3274 emend.
1227 3222 1463 3272 Varrone
1503 3240 1552 3288 p.
1589 3226 1680 3281 31,
1718 3222 1877 3272 Thilo
1914 3239 2040 3272 ann.
2087 3223 2299 3287 philoll.
2342 3224 2471 3274 1855
2509 3240 2561 3288 p.
2598 3227 2715 3275 529.
2855 3225 2930 3274 IX

630 3290 902 3340 Laches
955 3305 1082 3340 num
1140 3290 1516 3341 Terentianus
1571 3307 1637 3340 ex
1696 3291 1903 3353 hecyra
1954 3291 2025 3340 sit
2082 3290 2172 3352 (cf.
2230 3307 2279 3340 u.
2329 3292 2453 3355 247)
2510 3291 2673 3341 ualde
2724 3292 2933 3342 dubito.

800 3524 872 3578 11
923 3522 1102 3578 Thasii
1146 3524 1307 3578 codd.
1345 3522 1563 3579 Gelenii
1605 3523 1762 3578 Thasi
1811 3523 2026 3595 Silliyio
2073 3529 2213 3578 teste
2249 3523 2423 3583 Tolet.
2468 3522 2718 3595 Chifslet.
2751 3523 2928 3579 Parr.

626 3610 764 3664 aed
806 3608 992 3663 Tliassi
1054 3605 1181 3662 Vat.
1229 3608 1283 3662 D
1327 3608 1652 3678 Detlefseni
1692 3606 1853 3663 Man.
1895 3609 2260 3678 Dalecampii
2385 3608 2667 3681 amphoras
2713 3610 2927 3682 addidi,

626 3707 727 3748 om.
788 3694 926 3748 libri
1092 3691 1242 3746 binas
1299 3690 1507 3747 Falerni
1565 3695 1782 3761 scripsi
1843 3690 1965 3746 hina
2026 3690 2233 3747 Falerni
2292 3693 2482 3748 Hard.
2545 3694 2665 3747 uina
2721 3691 2929 3748 Falerni

642 3779 823 3833 Vatic.
870 3777 924 3831 D
978 3795 1046 3832 m.
1107 3775 1142 3830 2
1203 3777 1312 3830 uini
1370 3775 1578 3831 Falerni
1633 3779 1779 3831 idem
1824 3794 1891 3831 m.
1937 3793 2030 3845 pr.
2094 3794 2221 3833 cum
2266 3779 2506 3849 reliquis
2550 3775 2761 3832 Falerni
2805 3775 2927 3832 bina

623 3864 710 3917 ed.
770 3863 1235 3932 Dalecampiana
1421 3862 1549 3932 quin
1607 3860 1790 3915 Thasii
1850 3862 1957 3915 uini
2017 3860 2150 3916 dena
2208 3878 2480 3934 promam,
2537 3860 2660 3916 bina
2717 3860 2926 3917 Falerni

622 3944 761 4002 dolia
817 3943 1229 4002 La‘chmannus
1281 3946 1456 4001 lucr.
1506 3963 1571 4016 p.
1628 3943 1750 4000 327
1819 3946 2219 4002 hexametrum
2291 3947 2530 4018 quinque
2588 3945 2746 4001 Thasi
2820 3947 2927 4000 uini

621 4030 965 4103 depromam,
1025 4029 1147 4086 bina
1204 4028 1414 4085 Falerni
1471 4030 1810 4101 repudians,
1873 4029 1963 4084 uin
2021 4030 2199 4085 Thasii
2246 4029 2357 4086 uini
2416 4030 2763 4104 depromam,
2833 4030 2925 4085 uin

620 4114 875 4171 Falerni?
908 4158 921 4172 .
958 4157 973 4172 .
1021 4157 1031 4168 .
1081 4115 1483 4171 Buechelerus
1730 4114 1807 4171 13
1855 4115 1945 4169 hui
1994 4115 2407 4172 Lachmannus
2449 4116 2625 4171 Lacr.
2669 4133 2731 4187 p.
2779 4115 2923 4185 311,

619 4204 720 4273 qui
748 4204 1070 4271 septenarii
1097 4200 1327 4255 iambici
1355 4202 1601 4255 alterum
1632 4201 1920 4255 dimidium
1953 4203 2186 4272 aynouil
2219 4200 2342 4255 huic
2373 4200 2506 4255 libri
2649 4199 2723 4255 15
2754 4215 2922 4271 spon·

619 4285 721 4340 den
771 4287 941 4357 uulyo
985 4283 1229 4358 spondeo
1278 4285 1443 4341 Goth.
1490 4283 1699 4358 sponde
1737 4285 1888 4341 Med.
1937 4300 2064 4340 cum
2112 4288 2322 4340 ceteris
2364 4285 2532 4340 libris
2663 4290 2921 4374 ³gnatam

618 4372 759 4425 Par.
808 4371 839 4425 b
885 4376 1129 4442 agnatam
1178 4368 1327 4425 Med.
1376 4386 1504 4427 cum
1552 4373 1764 4426 ceteris
1805 4369 1968 4425 libris
