3400 5075
1175 312 1240 360 L.
1278 309 1702 362 POMPomvs
1742 309 2229 362 BONONIENSIS
2724 310 2850 374 253

1604 465 1657 530 V
1709 462 1809 551 (4)

563 556 688 620 186
2014 577 2215 642 negas

735 643 1026 727 Nuptam
1073 666 1396 728 quaquam

1578 748 1676 813 VI
1727 746 1827 834 (5)

564 875 720 937 18718
744 863 905 929 Cum
954 863 1215 929 interim
1263 887 1469 948 neque
1516 865 1704 930 miilis
1753 865 1953 928 molui
1998 866 2205 949 neque
2252 866 2486 949 palatis
2534 866 2769 951 pinsui.

1571 979 1702 1044 VII
1749 977 1851 1065 (6)

2158 1067 2417 1168 interim

567 1185 693 1248 190
739 1183 915 1248 Dum
963 1184 1366 1268 contemplor
1414 1187 1629 1249 orcam
1678 1235 1693 1248 .
1741 1235 1755 1248 .
1804 1235 1818 1248 .
1864 1185 2121 1250 taxillos
2167 1185 2432 1269 perdidi.

1628 1298 1794 1363 VIII
2103 1291 2105 1293 ’

739 1412 887 1479 Nisi
931 1436 1051 1478 nos
1097 1415 1285 1499 pauci
1332 1416 1723 1479 retineamus
1770 1415 2043 1498 gloriam
2089 1416 2424 1499 antiquam
2471 1413 2796 1484 'Atticam

1661 1528 1757 1592 IX

738 1643 1015 1722 Quidam
1063 1646 1221 1711 adeo
1264 1646 1333 1709 in
1381 1644 1662 1710 latebras
1710 1644 2043 1729 fugerunt,
2087 1649 2161 1709 fit
2204 1621 2437 1730 putent
2481 1648 2551 1711 in
2597 1649 2855 1714 turbido

515 1897 516 1900 Ἴ
559 1843 670 1892 uol.
705 1843 752 1891 V
791 1858 839 1907 p.
876 1841 964 1904 40)
1001 1841 1193 1890 ‘haec
1231 1855 1456 1905 penus.
1526 1840 1890 1904 Pomponius:
1926 1856 2031 1904 quo
2071 1844 2253 1906 pacto’
2291 1858 2338 1895 e.
2366 1857 2415 1906 q.
2452 1858 2495 1892 s.
2568 1843 2857 1894 Charisius

561 1926 611 1974 p.
640 1912 736 1959 113
761 1911 821 1963 P.
859 1907 1046 1973 ‘p[enu
1074 1906 1507 1974 Pomponius]
1537 1945 1549 1957 .
1580 1948 1592 1961 .
1617 1944 1630 1958 .
1670 1925 1698 1957 e
1736 1923 1933 1957 careo
1969 1914 2097 1957 tam
2136 1909 2419 1972 pulchra
2456 1927 2646 1975 penu.
2683 1928 2855 1976 penus

560 1978 718 2042 peni,
756 1977 804 2034 si
830 1976 1172 2037 femininum,
1209 1976 1427 2040 penoris
1452 1982 1513 2024 ut
1548 1977 1792 2039 pecoris,
1834 1976 1879 2024 si
1918 1973 2175 2040 [generis]
2202 1977 2383 2025 neutri
2410 1980 2502 2040 sit,
2540 1984 2600 2027 ut
2637 1979 2852 2043 quidam

560 2049 804 2109 putant.’
876 2043 1271 2108 Supplementa
1311 2042 1478 2091 Keilii
1525 2049 1669 2092 sunt.
1742 2042 1828 2091 Cf.
1866 2043 2099 2092 Dotalis.
2239 2045 2393 2105 Quae
2443 2045 2585 2110 apud
2623 2047 2853 2097 Nonium

558 2129 611 2177 p.
646 2115 773 2170 429,
813 2113 876 2160 16
925 2116 1144 2170 extant,
1191 2110 1317 2159 olim
1367 2112 1514 2159 inter
1561 2111 1846 2174 Pomponii
1894 2113 2000 2158 inc.
2053 2111 2119 2159 fr.
2167 2111 2286 2171 (IV)
2333 2112 2537 2174 relata,
2588 2113 2853 2164 Sisennae

559 2180 804 2229 historiis
841 2184 990 2228 recte
1028 2179 1393 2227 ascribuntur.
1533 2181 1581 2228 V
1618 2179 1906 2227 Charisius
1943 2180 1996 2228 11
2036 2194 2086 2242 p.
2128 2181 2223 2227 192
2260 2180 2319 2228 P.
2358 2183 2705 2244 ‘quaquam
2733 2182 2853 2230 Sal-

560 2246 784 2297 lustius:
833 2247 1054 2295 tametsi
1097 2245 1243 2295 haud
1293 2260 1566 2308 quaquam
1605 2261 1705 2310 par
1740 2245 1917 2309 gloria
1955 2247 2205 2310 sequitur
2230 2283 2241 2294 .
2269 2285 2282 2298 .
2312 2285 2324 2297 .
2358 2245 2688 2311 Pomponius
2726 2265 2855 2312 quo-

561 2316 756 2379 quein
781 2325 810 2361 *
834 2329 1043 2376 negas
1070 2319 1341 2377 nuptam
1369 2317 1729 2376 quaquamst
1804 2313 2256 2377 (Pomponius,
2296 2328 2617 2378 quaquam
2647 2331 2856 2381 negas

561 2386 829 2446 nuptam
866 2382 949 2430 ed.
992 2397 1070 2444 pr.
1209 2379 1436 2429 Conieci
1473 2382 1538 2429 in
1579 2380 1965 2444 ergastulo:
2012 2387 2281 2444 nuptam
2317 2387 2415 2430 aut
2450 2397 2607 2433 uero:
2656 2384 2723 2433 in
2763 2420 2776 2433 .
2803 2420 2815 2433 .
2842 2423 2855 2436 .

561 2464 770 2514 negas
810 2465 861 2502 n.
892 2463 944 2511 q.
985 2449 1087 2497 hoc
1112 2448 1383 2513 praetulit
1410 2446 1665 2509 Keilius.)
1808 2448 1881 2496 VI
1918 2447 2210 2497 Diomedes
2249 2465 2300 2511 p.
2340 2451 2440 2499 370
2467 2450 2526 2503 Ρ.
2566 2452 2777 2514 ‘pinsm
2799 2489 2811 2501 .
2835 2488 2847 2500 .

609 2517 816 2575 insui,
853 2522 915 2565 ut
941 2522 1026 2566 est
1062 2516 1208 2581 apud
1234 2517 1621 2581 Pomponium:
1659 2519 1802 2565 cum’
1842 2531 1889 2565 e.
1919 2529 1967 2579 q.
1994 2532 2035 2570 s,
2109 2514 2545 2581 (Ponponium
2581 2520 2760 2570 Paris,
2788 2519 2852 2581 B)

559 2533 877 2635 Priscianus
915 2583 964 2631 X
1000 2585 1031 2632 8
1069 2601 1122 2649 p.
1161 2586 1260 2633 902
1297 2584 1356 2633 Ρ.
1395 2584 1575 2648 ‘pinso
1615 2584 1841 2647 pinsui
1881 2585 2018 2633 facit
2053 2584 2430 2649 praeteritum,
2472 2586 2617 2651 quod
2644 2588 2855 2637 Probus

561 2649 673 2702 usu'
699 2651 985 2716 Pomponii
1021 2651 1365 2716 comprobat:
1403 2667 1579 2716 neque
1619 2651 1799 2700 malis’
1838 2668 1886 2701 e.
1926 2667 1974 2715 q.
2014 2666 2058 2705 s,
2129 2652 2398 2701 Thesaur.
2439 2669 2563 2702 nou.
2597 2654 2759 2705 latin.
2800 2656 2855 2704 in

561 2718 627 2770 A.
665 2722 780 2769 Mai
814 2725 956 2769 auct.
999 2720 1160 2772 class,
1198 2719 1331 2769 VIII
1370 2721 1469 2768 416
1507 2724 1565 2766 ‘a
1600 2720 1848 2782 pinso·.
1879 2758 1894 2771 .
1921 2758 1932 2768 .
1970 2719 2111 2768 haec
2147 2720 2370 2783 pinse,
2412 2736 2499 2780 ae,
2541 2723 2576 2771 i.
2613 2722 2855 2772 scaeella

564 2803 684 2836 cum
723 2802 832 2851 qua
877 2794 1041 2851 pasta
1087 2790 1422 2846 maceratur,
1461 2786 1603 2835 unde
1652 2786 1922 2850 quidam
1966 2792 2198 2850 poeta:
2247 2803 2424 2852 neque
2464 2789 2637 2852 pineis
2673 2791 2853 2854 pinsui

563 2871 616 2906 n.
655 2872 704 2919 p.
743 2851 950 2904 molui.’
1091 2855 1196 2903 VII
1233 2854 1551 2904 Priscianus
1587 2854 1670 2902 111
1707 2856 1738 2902 6
1777 2871 1828 2918 p.
1866 2855 1966 2902 615
2003 2855 2064 2903 Ρ.
2112 2854 2280 2904 ‘talus
2318 2855 2626 2907 taxillus.
2699 2858 2855 2906 Pom-

563 2924 788 2988 ponius:
825 2924 1068 2972 interim’
1110 2938 1156 2972 e.
1198 2937 1249 2985 q.
1287 2937 1329 2970 s.
1398 2921 1660 2973 Thesaur.
1699 2936 1825 2974 nou.
1864 2921 1958 2970 lat.
1997 2921 2053 2969 in
2090 2923 2153 2973 A.
2190 2923 2302 2972 Mai
2340 2928 2482 2977 auct.
2518 2923 2678 2979 class.
2717 2925 2854 2975 VIII

562 2993 663 3041 584
699 2991 812 3039 ‘hie
851 2990 1167 3049 taxillus,
1209 2989 1247 3038 li
1285 2987 1535 3039 diminut.
1577 2988 1721 3036 unde
1761 2989 2175 3052 Pompiniust
2213 2989 2359 3039 dum’
2400 3007 2445 3039 e.
2484 3006 2535 3054 q.
2571 3007 2614 3044 s.

563 3059 696 3109 VIII
734 3058 925 3107 Cicero
972 3057 1041 3106 ad
1081 3057 1210 3106 fam.
1249 3056 1356 3106 VII
1395 3058 1456 3104 31
1498 3055 1674 3104 ‘uides
1715 3057 1857 3104 enim
1896 3058 2176 3107 exaruisse
2215 3060 2324 3106 iam
2351 3063 2593 3107 ueterem
2631 3059 2852 3108 urbani-

565 3131 766 3186 tatem,
804 3130 864 3173 ut
899 3124 1301 3189 Pomponius
1340 3128 1572 3173 noster
1609 3137 1706 3172 suo
1743 3123 1860 3172 iure
1900 3125 2075 3187 possit
2110 3124 2323 3174 dicere:
2362 3126 2492 3174 nisi’
2530 3141 2580 3177 e.
2617 3142 2667 3190 q.
2706 3141 2749 3176 s.

563 3192 643 3243 IX
679 3193 890 3242 Seneca
915 3193 1074 3257 epist.
1103 3196 1162 3255 3,
1188 3194 1220 3241 6
1257 3192 1467 3255 ‘itaque
1504 3191 1608 3239 hoc
1646 3190 1793 3254 quod
1831 3193 2002 3256 apud
2040 3193 2465 3257 Pomponium
2504 3192 2631 3256 legi,
2670 3195 2852 3244 animo

738 3371 856 3428 186
889 3379 1158 3445 quamque
1190 3372 1310 3427 cod.
1491 3368 1606 3425 187
1639 3384 1726 3442 sq.
1758 3374 2145 3441 septenarium
2177 3372 2423 3426 senariis
2450 3387 2570 3427 cum
2604 3373 2638 3428 i.
2670 3371 2855 3446 Neque

560 3461 819 3530 praetuli
1027 3458 1111 3512 cui
1157 3457 1443 3512 Diomedis
1485 3455 1717 3510 Monac.
1923 3454 2080 3509 molis
2121 3456 2284 3526 libri,
2333 3459 2449 3511 nisi
2490 3458 2643 3528 quod
2683 3457 2855 3512 moles

566 3544 728 3599 Grut.
763 3541 937 3614 Sany.
975 3540 1223 3598 Carolir.
1266 3559 1337 3596 m.
1372 3559 1468 3611 pr.
1518 3540 1812 3594 Prisciani
1940 3539 2123 3594 molini
2148 3541 2453 3596 Diomedis
2490 3541 2710 3597 Par-iss.
2747 3543 2793 3595 A
2805 3542 2853 3595 B

564 3628 794 3684 Monac,
842 3619 1023 3681 moilui
1056 3627 1238 3681 Prisc.
1284 3625 1528 3681 Carolir.
1706 3623 1892 3697 palatis
1938 3624 2226 3679 Diomedis
2270 3625 2450 3693 codd,
2502 3626 2666 3681 Grul.
2712 3627 2853 3697 Περ.

568 3712 742 3786 Sanq.
792 3712 996 3767 Bamb.
1045 3711 1227 3783 Bony.
1283 3711 1459 3765 Barb.
1509 3710 1805 3764 Prisciani
1845 3707 2067 3781 palatis,
2123 3708 2224 3763 atis
2270 3713 2324 3764 in
2382 3726 2503 3764 ras,
2554 3710 2589 3765 6
2633 3713 2854 3766 littera·
2923 3737 2939 3758 ·

565 3816 727 3866 rum,
777 3796 961 3851 Prisc.
999 3794 1136 3868 Rey.
1185 3794 1434 3868 pallathis
1468 3794 1713 3849 Carolir.
1760 3792 1886 3866 pilis
1932 3794 2019 3848 ed.
2056 3792 2283 3849 Mediol.
2332 3792 2627 3849 Prisciani
2666 3793 2855 3867 palmis

568 3884 689 3938 edd.
721 3882 1007 3937 Diomedis
1052 3879 1252 3952 pilatim
1287 3879 1531 3935 Bothius
1559 3878 1778 3951 pistillis
1809 3877 2082 3933 Munkius
2252 3893 2429 3950 neque
2473 3879 2643 3950 pinsis
2673 3880 2853 3950 pinsui

568 3983 743 4040 neque
788 3965 976 4038 palatis
1019 3964 1184 4019 molui
1231 3965 1539 4019 thesaurus
1717 3963 1837 4019 190
1881 3957 2088 4038 orcam]
2118 3978 2353 4036 pugnam
2386 3963 2678 4034 thesaur„
2726 3979 2854 4018 cor-

570 4060 798 4123 ruptum
845 4053 907 4105 ni
940 4048 992 4120 f.
1041 4066 1118 4105 ex
1157 4050 1497 4121 glossemate
1539 4064 1772 4121 pyrgum
1945 4047 2071 4101 dum
2118 4063 2294 4101 orcam
2349 4046 2689 4120 contemplor
2741 4047 2851 4102 tax!

568 4135 783 4191 taxilles
829 4153 884 4207 p.
929 4133 1187 4190 Botlcius.
1282 4135 1402 4207 qu
1446 4134 1717 4188 lacunam
1749 4151 1917 4205 quam
1950 4134 2150 4188 notaui
2190 4132 2281 4186 liis
2321 4134 2707 4202 expleuerim:
2737 4130 2857 4185 illo-

569 4238 722 4291 rum,
780 4235 930 4275 meos
1150 4217 1266 4273 192
1327 4218 1589 4291 sugerunt
1645 4217 1825 4273 Bern.
1895 4216 2241 4290 effungerunt
2299 4216 2427 4271 Erl.
2486 4215 2856 4288 transfugiunt

582 4304 764 4362 Valic.
811 4324 900 4380 αγ
957 4304 1150 4359 Palm.
1199 4305 1367 4359 Alex.
1432 4294 1611 4359 Ottob.
1668 4302 1990 4375 refugerunt
2052 4303 2233 4356 celeri
2285 4300 2536 4376 refugere
2597 4301 2856 4358 Haasius
