3400 5075
651 353 935 408 LXXXVI
1536 348 2064 404 COR-OLLARIVM

646 516 954 582 nimirum
1004 518 1069 578 et
1116 515 1284 577 male
1334 513 1618 578 mulcato
1648 512 1897 577 fullone
1925 512 2095 577 festo
2125 512 2246 596 die,
2290 516 2365 577 ut
2398 535 2520 597 par
2556 516 2716 597 erat,
2753 512 2946 598 genio

649 622 1017 705 indulsisse,
1063 643 1181 683 nec
1231 620 1584 704 quidquam
1630 619 1779 683 inde
1826 618 2098 703 periculi
2146 618 2564 683 contraxisse.

828 729 913 792 96
963 750 1053 811 sq.
1116 725 1518 791 Praebitoris
1580 748 1727 790 cum
1785 727 1873 789 sit
1933 747 2167 809 aquam
2232 728 2298 788 et
2356 725 2576 811 ignem
2635 726 2946 809 praebere

651 834 759 922 (cf.
806 834 965 899 Hor.
1013 855 1201 896 serm.
1248 832 1280 896 I
1325 833 1396 915 4,
1444 833 1547 897 88.
1614 833 1683 916 5,
1730 830 1872 918 46),
1919 853 2154 896 avarus
2189 833 2436 913 pu-m'ter
2478 853 2711 915 parare
2758 855 2948 915 pran-

652 944 831 1007 dium
887 939 1057 1025 quod
1114 961 1372 1003 servum
1418 938 1627 1021 iubet,
1685 939 2116 1023 ambiguitate
2171 938 2473 1003 vocabuli
2529 938 2761 1002 utitur:
2820 961 2953 1003 non

654 1050 828 1114 enim
883 1048 1059 1112 laute
1116 1046 1351 1109 munde
1407 1043 1515 1130 (cf.
1571 1045 1884 1129 Pompon.
1933 1043 2047 1130 54)
2101 1028 2333 1127 nitide)
2388 1044 2589 1109 immo
2648 1045 2949 1110 sordidis-

655 1157 836 1239 sime,
885 1153 994 1218 sed
1044 1174 1219 1235 pure,
1265 1151 1329 1215 h.
1378 1174 1428 1215 e.
1479 1151 1866 1235 simpliciter
1912 1151 2014 1214 vel
2064 1151 2286 1215 stricte
2336 1151 2681 1216 observato
2730 1149 2947 1216 officio

654 1262 746 1326 nil
804 1263 1064 1345 praeter
1117 1259 1486 1322 necessaria
1538 1258 1658 1322 illa
1721 1257 2093 1341 hospitibus
2159 1257 2460 1340 praeberi
2508 1258 2673 1345 ,vult
2765 1255 2955 1320 Lusit

657 1370 725 1433 in
771 1368 995 1433 eodem
1045 1365 1352 1430 adverbio
1401 1365 1600 1428 etiam
1647 1362 2046 1446 Pomponius
2093 1387 2151 1427 v.
2205 1363 2286 1427 10
2335 1386 2426 1445 sq.

835 1471 1138 1538 Ceterum
1209 1471 1652 1556 septenarium
1724 1491 1858 1533 non
1923 1469 2061 1533 sine
2135 1470 2601 1553 transponendi
2678 1470 2952 1534 audacia

657 1582 965 1647 excudas:
1058 1574 1062 1579 ⁴

834 1686 1085 1771 puriter
1129 1686 1279 1751 volo
1326 1685 1559 1750 facias:
1606 1684 1742 1766 iyni
1786 1684 2049 1764 accipim-
2092 1681 2256 1747 hunc
2299 1683 2431 1747 volo
2476 1682 2658 1764 atquc
2701 1702 2866 1764 aqua

1503 1788 1633 1875 (vel
1678 1791 1814 1872 iyni
1858 1789 2139 1871 aquaque
2181 1789 2444 1869 acciffler
2487 1789 2650 1853 lui-m:
2692 1789 2870 1874 volo).

659 1900 736 1964 In
784 1898 1119 1965 octonario
1166 1898 1422 1963 hiatum
1470 1897 1728 1981 explere
1775 1895 1988 1979 possis
2037 1895 2312 1959 ablativi
2367 1894 2580 1959 forma
2623 1896 2830 1977 ign-id:
2879 1894 2957 1959 cf.

661 2006 974 2090 Pompon.
1029 2006 1170 2069 116.
1221 2006 1365 2069 124.
1420 2004 1562 2069 125.

842 2110 1114 2176 Saturae
1159 2109 1611 2176 Varronianae
1658 2109 1925 2174 titulum
1971 2130 2163 2194 quem
2218 2108 2433 2191 finxit,
2490 2107 2796 2185 Postumi,
2851 2128 2961 2171 cur

661 2219 928 2301 seplasia
969 2218 1114 2297 fetet
1160 2214 1360 2301 (apud
1406 2215 1694 2281 Probum
1740 2217 1811 2280 in
1848 2215 2046 2300 Verg.
2076 2215 2191 2278 ecl.
2221 2212 2316 2278 VI
2365 2212 2479 2299 31)
2526 2212 2960 2277 Buechelerus

663 2348 824 2390 mus,
852 2324 1055 2388 Rhen.
1086 2322 1241 2387 XIX
1288 2324 1418 2387 476
1468 2322 1839 2406 suspicatur
1886 2344 1962 2385 ex
2009 2321 2316 2384 Atellana
2365 2320 2582 2403 aliqua
2631 2323 2960 2403 sumptum

665 2452 806 2495 esse
872 2426 1070 2515 (conl.
1127 2428 1445 2512 Pomponi
1511 2451 1568 2493 v.
1622 2427 1802 2514 160).
1905 2427 2323 2511 proverbium
2387 2425 2645 2490 Riesius
2711 2448 2772 2509 p.
2835 2427 2958 2489 199

664 2537 865 2601 fuisse
940 2535 1244 2619 opinatur
1295 2542 1439 2616 post
1498 2537 1714 2600 vinum
1766 2536 2034 2617 seplasia
2085 2535 2245 2615 fetet.
2339 2533 2645 2597 adversus
2712 2536 2959 2599 utrum-

665 2666 788 2729 que
844 2643 954 2727 qui
1010 2642 1374 2726 disputavit
1418 2643 1486 2706 in
1534 2643 1771 2706 anna-ll.
1817 2641 2068 2725 philoll.
2122 2641 2287 2706 1867
2347 2663 2408 2723 p.
2458 2641 2584 2704 507
2634 2663 2770 2725 sqq.
2831 2664 2964 2706 non

668 2750 944 2834 protulit
991 2750 1202 2834 magis
1250 2749 1602 2813 credibilia.

847 2856 917 2920 P.
947 2857 1077 2920 274
1122 2853 1292 2919 ING.
1337 2855 1546 2920 NOM.
1594 2854 1785 2920 REL.
1831 2854 1883 2919 l.
1938 2853 2121 2917 Adde
2158 2853 2391 2918 Isidori
2439 2855 2756 2938 glossam:
2805 2853 2965 2918 ‘clor-

667 2982 913 3045 sennuS,
958 2983 1239 3045 persona
1283 2958 1767 3043 parasitorum.'

850 3067 920 3132 P.
951 3068 1081 3131 275
1127 3067 1204 3131 fr.
1234 3067 1360 3131 VII
1410 3068 1703 3131 addenda
1738 3067 2186 3131 memorabilis
2231 3067 2302 3131 in
2347 3065 2583 3131 Isidori
2628 3066 2826 3151 gloss.
2864 3088 2965 3131 ex·

670 3174 973 3257 plicatio:
1022 3172 1283 3257 ‘canier7
1328 3172 1517 3258 leuo',
1564 3174 1627 3238 h.
1676 3196 1727 3238 e.
1777 3172 2042 3258 (οαθηαν,
2087 3171 2276 3237 leno.'

848 3385 1308 3450 LABERIVS.
1401 3387 1459 3451 3.
1514 3386 1665 3451 Non
1694 3386 2131 3470 guber-nium,
2179 3386 2289 3449 sed
2329 3385 2670 3468 yubcrnum
2715 3386 2969 3450 videtur

675 3494 1179 3578 gubernatorem
1224 3491 1539 3558 Laberius
1588 3494 1857 3576 dixisse,
1909 3496 1985 3557 ut
2038 3493 2327 3577 guberna
2380 3492 2670 3556 Lucilius
2726 3497 2792 3556 et
2842 3493 2968 3557 Lu-

677 3599 916 3664 cretius
973 3621 1092 3682 pro
1161 3600 1637 3683 gubernaculis,
1729 3600 2062 3682 ponendus
2117 3599 2322 3683 igitur
2373 3599 2817 3664 nominativus
2857 3621 2971 3683 yu-

677 3707 898 3770 bemus
944 3710 1104 3788 erat,
1152 3705 1604 3792 addendusque
1634 3705 2008 3769 verbalibus
2053 3705 2446 3790 nominibus,
2481 3727 2645 3789 quae
2692 3705 2761 3771 in
2788 3707 2913 3771 vol.
2939 3705 2971 3770 I

680 3811 1028 3877 corollario
1076 3834 1135 3894 p.
1182 3811 1371 3876 XVII
1419 3812 1671 3896 collegi.

862 3917 944 3982 12
997 3917 1099 3982 Ne
1144 3920 1429 3983 verearis
1476 3921 1651 3984 amcit
1695 3917 1997 3982 Caesaris
2046 3922 2260 3982 aetate
2313 3918 2382 3983 in
2430 3919 2725 3983 scaenico
2771 3921 2973 4004 potis-

682 4025 921 4088 simum
966 4028 1162 4106 poeta
1209 4025 1454 4109 metiri,
1510 4024 1753 4090 sufficit
1798 4025 2171 4088 meminisse
2218 4025 2318 4088 vel
2365 4025 2713 4090 Horatiani
2762 4026 2972 4110 ‘quid-

682 4131 835 4214 quid
894 4133 1039 4194 arat
1090 4130 1349 4214 inpiger
1396 4129 1738 4215 Appulus?
1830 4131 2177 4196 Praeterea
2233 4129 2535 4196 Corsseni
2591 4132 2813 4214 copias
2869 4132 2973 4195 adi

683 4237 751 4300 in
796 4237 953 4300 libri
998 4237 1075 4300 de
1120 4238 1649 4321 pronuntiatione
1702 4259 1888 4303 serm.
1938 4236 2081 4302 Lat.
2130 4238 2255 4302 vol.
2300 4237 2364 4300 II
2412 4261 2473 4321 p.
2511 4238 2638 4301 488
2688 4259 2823 4321 sqq.
2871 4260 2970 4301 ex·
3007 4275 3015 4284 ·

683 4343 952 4427 positaS.
