3400 5075
975 299 1491 352 ANoNYmonM
1527 299 1882 352 MffloavM
1919 286 2317 360 annovam
2664 296 2787 359 401

1527 453 1747 518 XXV]

678 545 1054 629 choragium

677 722 984 788 choraula
1517 631 1769 697 XXVII

1502 808 1795 874 X-XVIII

677 900 905 984 strigio
1537 985 1758 1051 XXIX

677 1093 1084 1179 Augustinus
1139 1094 1215 1157 de
1272 1094 1390 1158 ciu.
1446 1092 1549 1155 dei
1594 1091 1691 1156 VI
1742 1093 1777 1156 7
1837 1094 2171 1177 ‘numquid
2226 1093 2503 1179 Priapo
2560 1096 2793 1179 mimi,

499 1222 634 1265 non
680 1201 873 1264 etiam
907 1200 1270 1264 sacerdotes
1316 1199 1662 1264 enormia
1707 1199 2061 1283 pudenda
2106 1200 2502 1266 fecerunt?
2550 1224 2633 1266 an
2681 1203 2793 1266 ali·

497 1309 597 1370 ter
643 1311 775 1371 stat
820 1307 1184 1372 adorandus
1234 1306 1294 1368 in
1347 1305 1506 1370 locis
1555 1306 1753 1370 sacris
1800 1328 1994 1389 quam
2039 1307 2329 1389 procedit
2374 1308 2679 1372 ridendus
2725 1309 2794 1372 in

497 1412 770 1478 theatris
782 1413 838 1476 ‘?'

1553 1500 1739 1564 XXX

677 1606 921 1673 Seneca
976 1608 1158 1691 epist.
1220 1608 1371 1690 114,
1419 1607 1460 1670 6
1509 1607 1665 1690 ‘qui'
1726 1605 2124 1693 (Maecenas)
2171 1608 2261 1671 ‘in
2310 1608 2483 1672 omni
2532 1609 2790 1692 publico

499 1716 685 1777 coetu
734 1714 823 1776 sic
872 1713 1264 1797 adparuerit‚
1313 1716 1386 1776 ut
1431 1712 1627 1796 pallio
1677 1714 2001 1777 uelaretur
2027 1717 2223 1798 caput
2252 1715 2524 1779 exclusis
2570 1715 2790 1779 utrim-

499 1841 622 1902 que
689 1819 976 1903 auribu3‚
1039 1840 1175 1883 non
1240 1819 1426 1881 aliter
1500 1841 1692 1902 quam
1758 1820 1825 1883 in
1881 1821 2077 1883 mimo
2134 1820 2455 1906 fugitiui
2522 1821 2792 1885 diuitis

499 1926 752 1988 solent.'
844 1924 940 1990 Cf.
988 1923 1086 1987 III
1132 1926 1198 1987 et
1243 1923 1354 1987 IV.

617 2029 625 2056 i
1536 2012 1760 2078 XXXI

689 2128 959 2194 Ouidius
1013 2127 1177 2192 trist.
1232 2126 1298 2191 II
1354 2127 1484 2191 497
1525 2149 1661 2212 sqq.
1726 2128 1912 2212 ‘quid
1978 2130 2032 2193 si
2099 2130 2496 2215 scripsissem
2561 2131 2791 2196 mimos

497 2245 778 2310 obscena
822 2245 1138 2327 iocanteS,
1188 2241 1311 2318 Qui
1360 2265 1611 2326 semper
1656 2243 1789 2306 ficti
1828 2244 2067 2307 crimen
2097 2246 2333 2309 amoris
2379 2245 2667 2310 habent?
2712 2246 2793 2310 In

498 2361 730 2444 quibus
787 2359 1040 2424 assidue
1097 2358 1308 2422 cultus
1363 2358 1653 2442 procedit
1710 2358 1990 2439 adulter,
2045 2358 2387 2441 Verbaque
2434 2361 2547 2425 dat
2593 2363 2792 2427 stulto

496 2476 728 2540 callida
784 2479 988 2560 nupta
1051 2475 1209 2540 uiro,
1318 2471 1577 2537 Nubilis
1605 2550 1608 2553 .
1640 2473 1762 2537 hos
1828 2473 2014 2559 uirgo
2081 2477 2502 2559 matronaque
2567 2477 2792 2562 uirque

496 2613 778 2676 puerque
809 2590 1099 2674 Spectat,
1145 2594 1211 2653 et
1255 2612 1332 2652 ex
1380 2611 1618 2674 magna
1662 2594 1847 2673 parte
1894 2594 2156 2654 senatus
2204 2590 2402 2654 adest.
2467 2589 2603 2656 Nec
2634 2594 2792 2657 satis

494 2707 756 2770 incestis
784 2707 1083 2770 temerari
1103 2706 1371 2770 uocibus
1400 2727 1610 2769 aures:
1640 2704 2045 2770 Assuescunt
2072 2706 2241 2771 oculi
2262 2707 2465 2770 multa
2492 2708 2792 2790 pudenda

494 2822 647 2903 pati.
740 2818 1028 2904 Cumque
1074 2820 1308 2883 fefellit
1354 2842 1579 2884 amans
1626 2820 1844 2902 aliqua
1890 2821 2181 2885 nouitate
2218 2822 2557 2905 maritum,
2603 2822 2789 2886 Plau-

497 2933 669 2998 ditur
714 2939 780 2999 et
825 2955 1066 3018 magno
1114 2933 1332 3016 palma
1375 2933 1601 2997 fauore
1648 2935 1879 2997 datur.’

632 3091 810 3141 XXVI
849 3091 1020 3155 gloss.
1059 3092 1236 3140 Paria.
1274 3106 1323 3154 p.
1349 3093 1450 3140 284
1476 3091 1544 3140 H.
1587 3092 2001 3157 ‘choragium
2040 3099 2264 3144 ornatus
2301 3096 2569 3158 mimicus,
2610 3095 2666 3144 id
2704 3104 2789 3146 est

497 3160 682 3211 tiara.’
723 3161 796 3209 cf.
835 3158 989 3208 Pauli
1029 3159 1236 3208 Festus
1275 3175 1324 3222 p.
1362 3160 1427 3207 52
1452 3159 1524 3208 M.
1573 3159 1943 3225 ‘choragium‚
1991 3163 2410 3211 instrumentum
2460 3178 2744 3212 scenarum
2773 3170 2786 3192 '

495 3226 732 3276 Diuersa
778 3233 865 3275 est
909 3226 1094 3289 glossa
1141 3225 1300 3275 Rern.
1340 3225 1381 3274 C
1430 3226 1613 3275 Vatic.
1659 3227 1859 3277 Isidori
1896 3228 2165 3293 ‘coragio’
2213 3229 2596 3293 (‘choragium’
2636 3230 2788 3293 Vat.)

497 3298 648 3359 ‘pars
675 3300 759 3344 est
784 3294 950 3343 ludis'
989 3292 1175 3356 (‘ludi'
1202 3293 1351 3355 vat.)
1392 3294 1634 3356 ‘quando
1662 3295 1956 3357 prouerbio.
1982 3297 2279 3358 dicuntur’‚
2319 3298 2411 3345 ubi
2439 3298 2716 3347 choreia
2743 3317 2785 3351 s.

496 3361 732 3412 choria
757 3361 976 3412 uidetur
1004 3360 1384 3426 corrigendum
1413 3376 1552 3410 esse.
1604 3361 1690 3412 Of.
1714 3361 1911 3412 Isidori
1936 3364 2010 3427 gl.
2038 3364 2314 3427 ‘corugio,
2343 3378 2473 3427 puer
2503 3368 2587 3414 est
2609 3364 2788 3430 ludus,

496 3430 712 3493 quando
740 3429 1033 3495 prouerbia
1059 3429 1265 3478 dicunt.
1327 3427 1461 3478 alibi
1489 3430 1679 3491 igitur:
1720 3430 2001 3493 coragium
2040 3446 2168 3494 pars
2196 3436 2281 3479 est
2306 3432 2362 3479 in
2399 3430 2543 3480 ludis
2570 3434 2788 3496 quando

495 3498 791 3561 prouerbia
827 3497 1126 3546 dicuntur.’
1264 3495 1469 3547 XXVII
1497 3496 1676 3549 Gloss.
1706 3497 1892 3547 Vatic.
1932 3497 2307 3558 ‘choraula,
2347 3499 2578 3548 mimus.’
2616 3501 2786 3565 Sang.

494 3565 745 3615 ‘coraula
784 3565 1005 3627 mimus,
1043 3568 1338 3612 cantator.’
1379 3565 1585 3627 Papias
1614 3564 1929 3614 ‘choraules
1968 3565 2225 3629 princeps
2252 3565 2404 3615 chori
2426 3604 2439 3617 .
2461 3603 2472 3614 .
2495 3604 2507 3617 .
2528 3567 2789 3618 choraula

494 3640 752 3682 cantator
778 3632 993 3697 proprie
1023 3631 1114 3695 qui
1140 3646 1306 3680 cornu
1334 3632 1504 3692 canit,
1530 3631 1620 3681 uel
1655 3632 1893 3682 mimus.’
1967 3633 2142 3681 Paris.
2180 3633 2450 3695 ‘coraula,
2487 3635 2787 3686 iocularis'.

494 3699 689 3749 Isidori
727 3699 893 3765 gloss.
929 3698 1237 3756 ‘choraula‚
1278 3699 1536 3762 princeps
1560 3698 1715 3749 chori
1751 3699 2027 3763 ludorum,
2066 3716 2172 3763 quo
2199 3701 2413 3751 nomine
2455 3708 2638 3765 potest
2676 3703 2785 3752 dici

494 3773 641 3816 totus
686 3768 922 3817 chorus.’
995 3766 1163 3816 Plura
1209 3765 1437 3831 collegit
1485 3766 1917 3817 Hildebrandus.
2089 3767 2324 3817 XXVIII
2371 3768 2566 3819 Isidori
2622 3770 2785 3827 gloss.

494 3836 730 3899 ‘strigio‚
757 3835 1043 3883 mimarius
1071 3832 1366 3883 scenicus.’
1425 3833 1509 3881 An
1535 3837 1708 3883 strio
1734 3833 1824 3883 uel
1860 3835 2083 3891 istri0,
2125 3837 2159 3884 i.
2190 3851 2235 3885 e.
2268 3835 2499 3886 histrio?
2604 3838 2787 3887 XXIX

495 3904 701 3952 Eadem
753 3903 868 3951 fere
917 3900 1202 3964 ‘numquid
1251 3901 1393 3949 enim
1431 3901 1631 3965 Priapo
1675 3903 1823 3950 mimi
1862 3918 1927 3952 ac
1970 3911 2191 3966 poetae,
2244 3918 2352 3952 non
2400 3903 2565 3953 etiam
2605 3919 2788 3955 sacer-

493 3971 669 4020 dotes’
710 3986 756 4020 e.
783 3985 832 4033 q.
860 3984 902 4017 s.
966 3969 1136 4017 habet
1163 3966 1428 4017 Boethius
1465 3967 1533 4017 de
1568 3969 1653 4018 dis
1692 3973 1749 4017 et
1785 3971 2273 4033 praesensionibus
2306 3972 2363 4020 in
2389 3970 2576 4019 scholl.
2606 3972 2787 4022 Cicer.

493 4037 556 4087 ed
600 4036 773 4086 Orelli
811 4036 862 4086 11
902 4053 949 4100 p.
992 4038 1110 4099 392,
1147 4038 1210 4085 37
1353 4035 1498 4084 XXX
1540 4035 1788 4085 diuitis
1824 4052 1943 4087 cum
1982 4038 2173 4101 Lipsio
2211 4038 2577 4087 Buechelerus
2616 4039 2787 4089 diui·

494 4112 596 4154 tes
635 4104 922 4168 Bamberg.
975 4102 1221 4152 dautes
1256 4102 1485 4167 Argent.
1537 4102 1799 4153 milites
1838 4104 2118 4168 Hauptius
2154 4106 2337 4154 Herm.
2379 4105 2482 4155 VII
2521 4108 2617 4157 182

492 4171 672 4221 XXXI
710 4172 796 4225 Of.
833 4171 1081 4220 Valerius
1119 4173 1390 4220 Maximus
1430 4172 1478 4219 11
1516 4172 1568 4230 6,
1606 4174 1635 4220 7
1675 4171 1792 4219 Ael.
1824 4172 2173 4235 Lampridius
2209 4174 2265 4222 in
2291 4174 2408 4222 uita
2430 4172 2785 4238 Heliogabali

491 4258 537 4292 c.
561 4242 627 4290 25
661 4240 938 4289 Minucius
973 4239 1132 4288 Felix
1157 4242 1241 4305 37,
1279 4242 1354 4289 12.
1417 4239 1727 4302 Cyprianus
1765 4237 1835 4287 ad
1875 4241 2149 4289 Donatum
2189 4257 2235 4293 c.
2275 4244 2307 4291 8
2378 4241 2503 4290 Alia
2541 4242 2785 4291 testimo-

493 4311 585 4358 nia
622 4307 823 4357 similia
860 4306 986 4355 uide
1026 4307 1080 4355 in
1118 4307 1347 4374 Grysari
1385 4305 1419 4354 l.
1459 4306 1491 4357 l.
1536 4307 1596 4355 18
1620 4322 1698 4369 sq.

593 4401 707 4443 Con.
737 4401 850 4439 Lar.
883 4400 993 4440 Ru..
1908 4418 1920 4429 .
2294 4396 2361 4444 2ss
