3400 5075
635 327 763 390 340
843 315 870 340 ⁶
1273 327 1600 379 PvssL1L11
1636 327 1798 376 st
1838 325 2299 377 SENTENTIAE

813 484 1232 548 Metuendum
1281 506 1532 568 semper
1578 506 1716 547 esse
1766 483 1955 567 sciaS‚
2004 505 2194 566 quem
2241 485 2452 545 tutum
2501 483 2677 547 uelis,

635 601 766 665 360
811 600 988 664 Mors
1036 600 1273 664 infanti
1317 600 1496 683 felix,
1542 599 1762 662 iuueni
1810 599 2067 682 acerba,
2112 599 2305 662 nimis
2354 600 2561 662 senist
2607 599 2762 662 seni.
2826 621 2926 667 526

810 715 1052 780 Maleim
1099 737 1233 779 rem
1282 737 1426 780 cum
1474 712 1663 798 ueh‘S,
1710 715 2119 779 honestatem
2166 712 2512 799 improbes
2826 736 2923 782 361

810 830 1077 895 Malum
1124 829 1238 896 est
1282 829 1703 913 consilium,
1752 826 1940 910 quod
1986 829 2260 894 mutari
2307 827 2449 895 non
2496 828 2756 911 potest.
2826 853 2927 898 28⁶2

749 1001 756 1009 .
811 945 1068 1011 Malitia
1114 948 1305 1012 unius
1353 945 1483 1012 esto
1531 947 1606 1010 fit
1651 947 1817 1010 male
1865 946 2108 1010 dictum
2154 946 2458 1010 omnium.
2827 967 2926 1014 277

811 1063 1089 1128 Mortem
1137 1064 1249 1127 fibi
1297 1067 1704 1145 contemnem,
1750 1059 1982 1125 usceris
2031 1063 2253 1126 omnes
2302 1066 2527 1125 metus
2826 1084 2928 1130 298

633 1180 765 1243 365
811 1178 1051 1263 Misera.
1096 1181 1197 1242 e'st
1240 1178 1571 1262 uolupta8‚
1618 1169 1726 1240 [ibi
1773 1177 1997 1261 pericli
2045 1178 2353 1241 memoria
2399 1178 2562 1240 est.*
2826 1199 2927 1245 293

810 1294 982 1358 Male
1030 1291 1235 1357 uincit
1281 1314 1471 1377 quem
1517 1296 1665 1376 post
1711 1293 2001 1376 paenitet
2045 1293 2371 1357 uictoriae.
2826 1314 2924 1360 271

811 1410 1176 1474 Misericors
1225 1409 1383 1473 ciuis
1430 1408 1676 1492 patriae
1725 1412 1824 1472 est
1869 1408 2246 1473 consoldffio.
2652 1383 2674 1406 ⁶
2826 1429 2929 1476 54⁰

813 1524 1067 1590 Malitia
1113 1528 1187 1588 ut
1232 1525 1413 1609 peior
1459 1524 1705 1607 ueniat,
1752 1545 1819 1587 se
1868 1524 2131 1587 simulet
2175 1524 2430 1588 bonam.
2825 1544 2927 1591 278

813 1640 1331 1705 Malus'ainimus
1376 1640 1445 1702 in
1492 1641 1739 1703 secreto
1786 1639 1970 1723 peius
2018 1639 2280 1724 cogitat.
2826 1660 2926 1707 632

632 1758 763 1822 370
808 1756 1063 1821 Mutfire
1110 1756 1282 1840 quod
1328 1778 1460 1820 non
1506 1755 1743 1839 possiS,
1791 1758 1865 1819 ut
1909 1759 2133 1819 natum
2181 1756 2305 1838 est,
2350 1755 2538 1818 feras,

809 1872 1018 1936 Multa
1066 1873 1217 1935 zinte
1263 1874 1565 1954 tempteS,
1612 1871 1805 1955 qusim
1854 1871 2067 1936 uirum
2112 1870 2408 1934 inuenitis
2453 1861 2714 1934 boilum.
2824 1890 2928 1939 646

633 2085 1102 2140 TESTIMONIA.
1172 2084 1537 2135 EXEMPLA.

765 2175 867 2223 360
901 2172 1238 2222 seutentiam
1274 2170 1397 2219 Rufi
1435 2185 1464 2218 e
1504 2170 1623 2218 cod.
1661 2170 1787 2219 Par.
1827 2170 2063 2235 quodam
2092 2168 2446 2219 Woelfflinus
2481 2170 2720 2221 eontulit
2757 2170 2926 2222 hanc:

632 2246 797 2291 ‘mors
834 2240 967 2291 forti
1008 2240 1174 2297 leuis,
1213 2238 1480 2288 seruienti
1505 2242 1728 2302 optata,
1768 2238 2037 2288 obtabilis
2072 2239 2452 2300 inmutatura’‚
2492 2239 2548 2287 in
2586 2239 2782 2303 quibus
2809 2254 2926 2288 cor-

633 2309 774 2358 rexit
810 2309 1153 2360 ‘inmaturm’
1227 2305 1334 2356 Sed
1374 2310 1704 2370 expectatur
1739 2311 2034 2376 praeterea
2069 2321 2166 2370 pro
2194 2305 2291 2355 illo
2330 2305 2645 2356 ‘obtabilis’
2686 2306 2926 2366 dutinus»,

633 2392 678 2425 e.
719 2393 764 2426 c.
805 2376 1057 2428 ‘iuueni’.
1194 2375 1294 2424 362
1333 2373 1544 2423 Gellius
1570 2374 1727 2423 XVII
1757 2376 1819 2422 14
1878 2373 1951 2425 10.
1983 2373 2424 2423 Saresberiensis
2464 2374 2665 2424 Policr.
2705 2373 2839 2423 VIII
2866 2377 2926 2422 14

631 2442 783 2506 (uide
833 2443 903 2491 ad
948 2442 1037 2503 55)
1085 2442 1323 2492 omissus
1369 2440 1517 2506 apud
1561 2441 1904 2491 Macrobium
1951 2440 2068 2490 Sat.
2114 2441 2171 2490 ΙΙ
2221 2444 2249 2491 7
2454 2443 2554 2492 363
2592 2440 2676 2495 Cf.
2714 2441 2925 2492 Seneca

632 2510 866 2561 Phaedr.
891 2513 990 2561 573
1029 2514 1152 2559 ‘cur
1187 2509 1423 2560 omnium
1460 2508 1520 2559 fit
1544 2509 1708 2575 culpa
1734 2524 2031 2574 paucorum
2059 2508 2305 2559 scelus?’
2445 2511 2544 2560 365
2582 2507 2669 2576 Cf.
2708 2507 2922 2573 Euripi-

632 2579 716 2628 dis
764 2579 828 2627 fr.
876 2580 972 2629 131
1019 2579 1085 2628 N.
1134 2568 1263 2627 ἀλλ’
1311 2569 1426 2641 ἡδύ
1470 2593 1560 2628 τοι
1606 2574 1871 2629 σωθέντα
1914 2593 2064 2642 μεμν
2083 2576 2255 2627 ’σθαι
2300 2569 2522 2639 πόνων,
2570 2578 2625 2626 in
2665 2578 2920 2627 Latinum

633 2661 904 2696 conuersa
941 2663 975 2696 a
1011 2644 1277 2696 Cicerone
1315 2646 1383 2694 de
1419 2644 1508 2694 fin.
1544 2647 1599 2696 11
1635 2648 1718 2707 32,
1748 2648 1871 2696 105:
1912 2651 2071 2695 ‘suan
2098 2662 2123 2694 s
2161 2644 2463 2696 laborumst
2501 2643 2923 2710 praeteritorum

633 2713 940 2764 memoria)
1393 2742 1396 2743 ν

635 2894 857 2963 quidem
903 2890 1215 2947 muneribus
1263 2894 1541 2962 meretrix,
1589 2889 1696 2946 ῐιόη
1746 2891 1805 2946 fit
1853 2890 1993 2967 (siue
2041 2891 2132 2963 fit,
2176 2891 2309 2963 non)
2356 2892 2587 2948 lacrimis
2622 2891 2925 2948 misericors

631 2978 994 3033 scribendum
1027 2985 1171 3033 crat.
1351 2976 1473 3033 359
1519 2981 1648 3032 item
1679 2979 1909 3033 inclusit
1955 2978 2357 3049 Woelfflinus:
2403 2980 2532 3033 olim
2564 2980 2643 3033 ad
2672 2978 2791 3034 116
2824 2980 2922 3033 ad-

631 3065 846 3133 scripsi
1013 3078 1227 3134 semper
1271 3070 1353 3116 est
1398 3063 1446 3116 ei
1504 3061 1646 3134 quod
1697 3063 1985 3119 Gruterus
2157 3062 2399 3117 Numeri
2427 3066 2829 3135 corriyautur,
2877 3066 2930 3116 si

629 3149 858 3203 scribas
888 3146 1234 3203 metuendum
1266 3162 1481 3218 semper
1511 3146 1648 3200 scito
1694 3147 1742 3201 ei
1790 3164 1949 3219 quem
1988 3155 2024 3206 1.
2059 3164 2113 3201 ιι.
2156 3150 2250 3203 uel
2283 3146 2684 3202 metuendumst
2713 3164 2927 3219 semper

632 3233 726 3305 qui
770 3230 891 3287 esse
935 3247 995 3286 se
1041 3239 1078 3284 t.
1129 3230 1260 3286 uelit
1462 3230 1587 3288 360
1630 3231 1787 3285 nimis
1832 3242 2005 3287 serast
2050 3232 2451 3287 Buechelerus
2507 3233 2664 3287 nimis
2708 3248 2828 3286 sera
2877 3232 2931 3285 F

629 3333 748 3371 scra
808 3317 965 3370 nimis
1013 3316 1298 3372 Gruterus
1513 3315 1631 3372 361
1699 3316 1838 3372 Vilis
1893 3319 2175 3373 sententia
2234 3320 2489 3372 numeris
2537 3317 2756 3388 fractis

631 3400 752 3457 362
803 3401 846 3455 C
1014 3400 1298 3456 consilium
1358 3408 1443 3456 est
1496 3402 1702 3457 Petau.
1753 3402 1920 3457 Gellii
2130 3400 2253 3457 364
2300 3400 2388 3473 Cf.
2435 3401 2557 3458 205
2730 3402 2923 3456 uiceris

631 3502 818 3540 omnes
863 3492 1040 3540 metus
1085 3486 1362 3556 Bothiu3‚
1409 3489 1607 3542 merito
1655 3488 2073 3542 commendauit
2118 3486 2438 3541 NauckiuS.
2500 3494 2674 3541 metus
2732 3486 2922 3539 uiceris

634 3586 821 3624 omnes
853 3570 910 3625 F
950 3586 1137 3625 omnes
1186 3572 1381 3626 uiceris
1427 3580 1602 3625 metus
1644 3571 1903 3643 Inqolst„
1951 3572 2237 3626 Gruterus
2408 3569 2529 3625 365
2580 3569 2668 3642 Cf.
2717 3569 2835 3625 521

629 3654 813 3727 pericli
858 3655 1093 3728 Inqolst.
1156 3656 1383 3728 periculi
1443 3656 1499 3709 F
1665 3655 1887 3727 Dignus
1927 3662 2098 3726 poeta
2156 3659 2390 3726 antiquo
2448 3658 2777 3711 uersiculus
2829 3655 2923 3709 hic

630 3740 759 3792 mira
817 3738 901 3793 est
948 3739 1199 3812 uoluptas
1258 3740 1310 3795 in
1357 3739 1543 3813 pericli
1592 3738 1846 3795 memoria
1885 3739 2045 3811 soret
2217 3739 2339 3795 366
2387 3756 2546 3812 quem
2604 3749 2729 3812 post
2773 3741 2919 3794 conl.

630 3841 686 3880 u.
741 3823 878 3878 111.
942 3825 1076 3881 196.
1140 3825 1260 3880 271
1309 3828 1457 3880 coni.
1520 3825 1889 3896 Woelfflinus
1945 3840 2105 3896 quem
2152 3824 2209 3878 F
2256 3825 2301 3878 is
2359 3841 2517 3896 quem
2580 3826 2664 3895 (ut
2717 3842 2774 3879 u.
2822 3822 2923 3893 82)

632 3908 920 3964 Gruterus
974 3925 1133 3980 quem
1192 3926 1313 3964 mox
1363 3910 1629 3965 Halmius
1801 3909 2045 3982 poenitet
2088 3909 2147 3963 F
2324 3908 2459 3963 male
2518 3910 2708 3964 uicerit
2765 3924 2920 3981 quem

630 4009 681 4064 p.
730 4010 783 4046 n.
834 3994 1111 4049 uolebam.
1159 3994 1296 4048 male
1341 3994 1510 4049 uincit
1556 3993 1825 4048 audaciam
1873 4010 2032 4066 quem
2078 3994 2323 4067 poenitet
2370 3993 2595 4047 uictoria
2649 3994 2712 4066 T,
2773 3994 2923 4048 unde

628 4081 901 4132 senarius
941 4080 1041 4148 fit,
1099 4082 1151 4133 si
1189 4082 1456 4151 corriyus
1501 4078 1637 4133 male
1682 4080 1832 4149 uicit,
1864 4078 2012 4134 'clam
2061 4095 2220 4150 quem
2267 4096 2320 4150 p.
2373 4078 2627 4133 uictoriae
2801 4076 2919 4134 367

631 4162 721 4231 Cf.
770 4161 914 4217 471.
963 4161 1086 4217 475
1288 4162 1411 4218 368
1460 4162 1547 4226 Cf.
1596 4162 1671 4218 61
1860 4163 1980 4219 369
2030 4163 2117 4235 Cf.
2152 4162 2292 4218 335.
2342 4162 2463 4217 457·
2661 4162 2785 4217 370
2831 4161 2918 4232 Cf.

634 4246 750 4301 176
885 4254 1092 4300 mutare
1123 4246 1325 4315 (uoluit
1356 4246 1571 4317 mutari)
1603 4265 1655 4319 q.
1691 4264 1744 4303 n.
1777 4249 1921 4320 potis
1967 4256 2051 4302 est
2083 4248 2370 4303 Gruterus
2399 4251 2456 4303 in
2489 4250 2618 4303 edit.
2668 4267 2722 4301 a.
2763 4246 2924 4301 1610

801 4331 918 4385 371
968 4338 1200 4402 temptes
1231 4333 1289 4385 F
1330 4340 1540 4404 tempus
1589 4335 1756 4403 rculqo
1803 4340 1939 4388 ante
1998 4333 2389 4404 Woelfflinum

1145 4546 1158 4573 1
