3400 5075
698 288 799 343 XX
1604 290 2130 345 COROLLARIVM

698 476 835 516 rem
884 455 1288 536 praeclarum
1347 455 1671 518 senarium
1729 455 1979 518 scilicet
2034 480 2073 519 a
2119 455 2402 540 Bergkio
2452 457 2688 520 annall.
2737 455 2986 537 philoll.

703 562 866 623 1861
918 584 978 643 p.
1025 562 1156 624 496
1206 562 1599 625 confidenter
1645 564 1935 625 creatum

1070 687 1263 768 atque'
1308 686 1491 769 prius
1539 686 1752 769 pariet
1795 686 2047 749 locusta
2091 686 2334 750 Lucam
2383 678 2614 751 bovem
2767 762 2789 781 .

694 814 884 875 quem
960 792 1464 855 adlitterationis
1540 792 1780 856 indicio
1847 794 2076 856 ductus
2145 791 2468 856 Saturniis
2541 793 2827 856 numeris
2895 793 2985 855 sic

694 901 1120 981 complector:

1183 1003 1407 1089 atquel‘
1446 1005 1628 1089 prius
1675 1006 1889 1088 pariet
1919 1007 2186 1069 'locusta
2233 1005 2476 1069 Lucam

1182 1114 1431 1176 bovem.

870 1234 1144 1300 Prorsus
1191 1237 1510 1299 incertum
1549 1240 1664 1319 est,
1715 1237 1794 1299 ad
1834 1235 2004 1319 quod
2041 1235 2416 1299 Naevianae
2463 1258 2733 1318 poeseos
2782 1257 2984 1318 genus

694 1343 1064 1425 pertineant
1100 1342 1223 1406 hae
1261 1343 1518 1426 glossae
1548 1342 1886 1407 Philoxeni
1937 1342 2106 1425 apud
2134 1342 2538 1405 Labbacum:
2585 1343 2772 1423 anyla
2821 1337 2986 1423 ὄγες,

693 1444 1002 1533 τράπεζαι
1056 1451 1403 1533 τρίγωνοι,
1460 1443 1550 1524 ὥς
1604 1447 1858 1531 νέβιος,
1917 1449 2026 1512 ubi
2083 1448 2396 1511 anclabres
2452 1448 2615 1511 coni.
2664 1446 2734 1509 Ο.
2785 1447 2982 1509 Muel-

690 1555 865 1618 lerus
916 1555 1078 1619 conl.
1126 1553 1312 1618 Pauli
1359 1554 1555 1618 Festo
1605 1578 1651 1618 s,
1700 1578 1756 1619 v.
1805 1555 2127 1618 anclabris
2175 1578 2235 1638 p.
2290 1556 2385 1617 11.
2458 1556 2675 1634 irqmes
2719 1549 2985 1637 τράγων

690 1671 864 1741 παῖς,
913 1655 1200 1745 ἀρχαίως
1246 1655 1335 1736 ὡς
1380 1664 1670 1743 Ναίβιος
1717 1660 1839 1747 (sic
1893 1661 2029 1725 fere
2077 1661 2357 1725 correxit
2394 1660 2719 1744 Kleinius;
2765 1660 2982 1740 ίνᾳτιὶε,

694 1792 991 1852 τραγιων
1018 1777 1175 1843 παῖς
1204 1761 1693 1851 ἆρχηνηβιοσος
1719 1768 1857 1857 cod.
1923 1769 2032 1831 sed
2064 1771 2437 1851 sequentem
2476 1767 2764 1851 glossam
2791 1767 2986 1847 ἐναμί-

690 1875 855 1938 talus
913 1870 1327 1957 νηπιώτατος
1373 1876 1481 1958 qui
1531 1876 2082 1958 animadverterit,
2128 1874 2408 1938 fortasse
2456 1895 2651 1956 supra
2699 1866 2984 1956 ἀρχαίως

690 1977 928 2064 νήπιος
984 1980 1279 2065 scribet).
1367 1982 1683 2045 ariolatur
1738 1981 2053 2065 Iosephus
2102 1981 2400 2043 Kleinius
2456 1981 2522 2042 in
2571 2002 2733 2042 mus.
2781 1978 2982 2043 Rhen.

688 2087 909 2151 XXIV
965 2088 1096 2152 292
1144 2110 1237 2171 sq.
1320 2087 1481 2152 haec
1538 2088 1620 2151 ad
1672 2088 1906 2152 Naevii
1964 2088 2388 2151 Tarentillam
2452 2085 2786 2148 referenda
2843 2107 2982 2148 esse

689 2194 1074 2277 suspicatus,

866 2458 941 2525 In
990 2460 1327 2537 AQVILII
1384 2460 1633 2525 Boetia'
1665 2483 1723 2524 v.
1770 2463 1826 2523 4·
1868 2461 2047 2525 vocis
2105 2466 2309 2525 venter
2353 2480 2722 2524 mensuram
2770 2460 2978 2544 pyrri-

689 2570 942 2633 chicam
998 2570 1285 2633 indicare
1341 2570 1597 2633 videtur
1652 2568 1970 2634 librorum
2031 2570 2352 2652 scriptura
2404 2574 2602 2632 veter:
2656 2590 2807 2630 nam
2867 2571 2978 2630 aut

687 2677 784 2740 sic
833 2676 1097 2759 dactylo
1135 2677 1366 2740 tertius
1407 2680 1520 2739 aut
1556 2676 1891 2739 tribracho
1931 2673 2089 2759 (non
2128 2677 2511 2759 anapaesto)
2550 2679 2817 2757 quartus
2865 2696 2977 2756 pes

685 2782 1116 2846 dimetiendas
1156 2787 1272 2845 est.

865 2905 1172 2972 LICINH
1229 2930 1284 2970 v.
1333 2908 1374 2969 2
1430 2907 1627 2969 variis
1685 2908 1896 2971 modis
1954 2909 2267 2991 refingere
2329 2911 2597 2970 conatus
2659 2909 2757 2969 est
2811 2905 2975 2988 Aug.

684 3015 900 3079 Luchs
950 3014 1114 3077 stud.
1161 3013 1190 3076 Ι
1244 3014 1354 3077 72:
1400 3014 1887 3095 quandoquidem
1923 3015 2130 3079 Marte·
2175 3015 2237 3076 c's
2283 3010 2412 3096 (vel
2449 3012 2729 3076 Mavorti
2772 3011 2859 3096 εἷς)
2906 3013 2977 3074 in

668 3122 1039 3186 'concubium
1087 3118 1214 3203 (vel
1264 3120 1643 3205 coniuyiu'm)
1690 3123 1856 3184 data.

861 3227 1168 3291 Eiusdem
1225 3230 1458 3309 poetae
1517 3231 1773 3308 praeter
1827 3226 2150 3291 Neaeram
2207 3248 2337 3290 non
2399 3227 2670 3289 alteram
2717 3225 2972 3308 quidem

683 3333 1105 3414 comoediam,
1153 3333 1262 3396 sed
1312 3333 1601 3396 eiusdem
1633 3333 1894 3397 fabulae
1931 3356 2167 3397 nomen
2204 3335 2498 3414 alterum,
2534 3333 2809 3395 Illartem
2855 3332 2973 3394 sci·

679 3441 854 3522 licet,
900 3439 1221 3522 Bergkius
1270 3441 1506 3504 annall.
1545 3439 1796 3523 philoll.
1843 3441 2013 3504 1870
2057 3462 2117 3523 p.
2159 3440 2286 3502 832
2335 3438 2576 3500 eruisse
2625 3438 2752 3501 sibi
2797 3438 2972 3501 visus

682 3552 782 3609 est
838 3568 913 3608 ex
959 3544 1160 3609 Nonii
1208 3547 1351 3610 loco
1400 3571 1458 3631 p.
1496 3548 1649 3630 196,
1697 3547 1810 3610 23:
1860 3546 2137 3628 eclipeus
2186 3596 2198 3608 .
2239 3595 2252 3608 .
2299 3549 2527 3608 neutro
2577 3594 2589 3606 .
2630 3594 2643 3607 .
2690 3545 2975 3608 Licin-*ms

678 3654 751 3716 in
795 3655 991 3715 marte
1003 3672 1025 3713 .·
1060 3673 1220 3733 pars
1265 3675 1495 3735 may-na
1542 3654 1740 3717 leuius
1786 3653 1979 3734 elima
2013 3649 2322 3733 port‘aut'‚
2352 3673 2515 3733 quae
2554 3651 2709 3714 olim
2747 3650 2972 3715 Iunius

680 3762 746 3820 et
808 3758 1135 3822 Mercerus
1202 3761 1296 3823 sic
1360 3763 1805 3825 correxerunt:
1870 3758 2156 3821 Leffinius
2218 3757 2468 3821 Dinocr:
2526 3778 2682 3838 pars
2744 3779 2974 3840 mamm
3049 3737 3058 3744 ¹

681 3866 877 3929 lacu-is
930 3866 1123 3946 clipea
1167 3871 1457 3947 portant;
1512 3887 1631 3929 nec
1679 3865 2003 3928 dubitavit
2048 3863 2698 3927 HermannusPeter
2753 3865 2820 3928 in
2865 3864 2970 3928 Li-

680 3971 834 4035 cinii
872 3971 1079 4040 Macri
1127 3993 1205 4035 ex
1242 3973 1583 4036 annalibus
1623 3971 1930 4055 reliquias
1971 3971 2255 4053 recipere
2304 3967 2407 4053 (fr.
2438 3971 2521 4033 24
2561 3993 2620 4052 p.
2652 3971 2825 4052 309).
2905 3973 2974 4032 at

678 4059 998 4162 Bergkius
1044 4100 1163 4142 nec
1209 4100 1514 4142 numeros
1564 4077 1795 4141 comici
1826 4077 2128 4141 versiculi
2176 4077 2507 4158 indicavit,
2554 4099 2715 4158 quos
2746 4076 2965 4140 Satur-

677 4185 806 4248 niis
845 4185 1077 4267 opinor
1123 4184 1294 4248 haud
1337 4183 1686 4247 dissimiles
1737 4184 1863 4248 sibi
1901 4184 2106 4266 finxit,
2134 4205 2251 4247 nec
2293 4184 2423 4246 ullo
2469 4183 2731 4245 omnino
2781 4201 2966 4262 argu-

675 4295 892 4356 mento
940 4292 1277 4355 inventum
1322 4291 1599 4373 probare
1648 4294 1918 4355 conatus
1967 4294 2082 4354 est.
