3400 5075
624 291 772 348 CXII
1523 292 1622 347 AD
1666 288 2024 347 TRAGICOS

610 476 829 540 pense,
885 455 1016 520 330
1071 457 1143 520 in
1198 457 1440 520 tutelast
1495 457 1787 532 {raditus;
1848 456 2016 539 apud
2072 454 2343 519 Accium
2402 478 2458 519 v.
2522 455 2654 519 494
2719 473 2929 521 somno

623 560 1013 647 (simplicem
1069 560 1477 647 ablativum),
1521 584 1652 626 non
1698 562 2074 646 negaverim
2120 566 2293 627 recte
2343 562 2677 627 defensum
2726 563 2931 627 videri

622 666 770 732 Pac.
823 668 949 732 102
997 690 1225 732 auram
1273 666 1567 754 (vaporis
1613 665 1929 754 notione).

798 773 938 838 Iam
1001 778 1212 840 totam
1279 776 1348 839 in
1416 796 1517 839 me
1584 774 1957 858 criminum,
2021 774 2222 838 immo
2280 774 2668 863 iniuriarum
2724 777 2927 841 aciem

483 904 494 913 ·
623 882 872 945 derexit
928 903 1062 947 non
1118 881 1523 946 adversarius
1534 931 1552 966 ,
1609 881 1724 945 sed
1768 881 2044 946 infestus
2094 884 2286 964 atque
2333 882 2662 966 inimicuS,
2708 903 2927 965 quam-

625 1010 818 1071 quam
873 988 1055 1052 nulla
1109 1010 1205 1071 re,
1264 988 1391 1051 nisi
1450 986 1622 1071 quod
1667 988 1806 1051 eius
1853 990 2203 1071 praecepta
2249 1009 2382 1052 non
2427 1010 2629 1073 usque
2677 1010 2927 1072 quaque

627 1097 868 1178 sector,
917 1119 955 1158 a
1001 1117 1101 1159 me
1148 1096 1391 1179 laesae,
1441 1094 1862 1159 Theodorus
1891 1095 2295 1177 BerykiuS,
2344 1095 2453 1178 qui
2500 1096 2569 1158 in
2596 1095 2925 1179 Philologi

625 1201 750 1266 vol.
779 1200 1062 1265 XXXIH
1109 1200 1489 1266 fasciculum
1540 1200 1890 1265 secundum
1938 1201 2197 1266 criticas
2246 1200 2327 1264 ad
2371 1202 2659 1287 tragicos
2689 1199 2925 1265 Roma-

625 1328 857 1371 norum
914 1311 1145 1390 poetas
1203 1308 1658 1372 adnotationes
1716 1308 2060 1393 plurimas,
2118 1308 2228 1371 sed
2274 1308 2469 1393 longe
2517 1308 2803 1371 maxima
2851 1329 2926 1371 ex

625 1417 811 1497 parte
865 1413 1114 1478 futtiles
1173 1418 1286 1478 aut
1340 1436 1705 1498 perversaS‚
1763 1414 2078 1497 quasdam
2125 1396 2323 1478 etiam
2370 1414 2677 1478 ridiculas
2724 1414 2921 1478 inseri

626 1521 820 1583 iussit
866 1518 957 1606 (p.
1004 1519 1425 1607 249—313).
1518 1518 1638 1584 Cui
1685 1521 1950 1584 uberius
2007 1544 2125 1605 pro
2185 1521 2460 1605 insignis
2517 1542 2750 1604 operae
2799 1521 2921 1583 vir-

625 1631 764 1690 tute
819 1627 1252 1711 respondendi
1308 1628 1472 1691 alius
1528 1626 1710 1690 locus
1766 1627 2167 1692 commodior
2213 1628 2364 1691 erit:
2418 1627 2525 1691 hic
2571 1631 2792 1691 tamen
2839 1628 2920 1691 ad

628 1735 919 1820 singulos
957 1735 1136 1799 locos
1166 1736 1335 1798 inter
1365 1734 1640 1798 aliorum
1672 1734 2076 1800 coniecturas
2107 1734 2244 1797 eius
2274 1755 2526 1819 quoque
2556 1736 2921 1798 commenta

627 1863 1127 1906 commemorare
1184 1846 1250 1904 et
1306 1841 1418 1906 ubi
1475 1864 1637 1925 opus
1686 1862 1829 1905 esse
1876 1839 2133 1905 videtur
2177 1839 2461 1905 breviter
2508 1839 2791 1905 refutare
2821 1843 2924 1905 sat

549 1980 564 1993 ν
625 1947 900 2012 habebo,

805 2055 1013 2119 Livii
1055 2077 1116 2119 v.
1163 2054 1203 2119 9
1272 2056 1765 2137 sollemnibusque
1817 2055 1930 2118 ade
1984 2050 2054 2139 (i.
2103 2074 2155 2117 e.
2203 2051 2390 2140 adde)
2441 2053 2678 2137 opituli
2715 2055 2924 2120 laudes

636 2161 845 2227 lubens
888 2160 1072 2226 Aem.
1119 2160 1451 2226 Baehrens
1501 2184 1643 2226 ann.
1691 2160 1848 2244 phil.
1902 2161 2073 2225 1872
2119 2183 2181 2245 p.
2228 2161 2377 2225 621.

813 2291 870 2333 v.
923 2269 1004 2332 12
1048 2270 1107 2333 is
1150 2289 1274 2335 sese
1318 2268 1489 2333 idem
1534 2269 1576 2333 1.
1621 2268 1662 2331 1.
1710 2268 1859 2333 841.

805 2376 1066 2439 Naevii
1110 2399 1170 2440 v.
1201 2378 1235 2440 7
1285 2384 1338 2440 ei
1373 2376 1557 2439 mihi!
1601 2376 1733 2438 iam
1778 2376 1971 2438 uitreo
2017 2374 2099 2458 (S.
2144 2376 2320 2460 uero)
2361 2376 2531 2455 fonte
2576 2376 2747 2441 idem
2793 2378 2832 2443 l.
2862 2376 2922 2462 l.,

630 2480 741 2548 sed
806 2481 1192 2547 exclamatio
1258 2482 1391 2548 ista
1453 2483 1522 2547 in
1585 2480 1707 2546 tali
1774 2482 2096 2547 sententia
2160 2482 2316 2568 quid
2380 2483 2506 2547 sibi
2572 2484 2730 2550 velit
2792 2504 2924 2547 non

630 2589 959 2674 intellego

815 2698 891 2761 11
940 2717 1129 2779 neque
1173 2718 1244 2763 ea
1288 2718 1475 2781 quam
1521 2695 1843 2781 Bergkius
1891 2695 1932 2761 l.
1976 2696 2019 2760 1.
2066 2697 2217 2762 258.

823 2805 903 2868 19
939 2825 1132 2886 passo
1174 2805 1300 2871 velo
1347 2804 1583 2870 vicinus
1609 2803 1843 2885 Aquilo
1888 2824 1982 2866 me
2026 2824 2057 2869 e
2088 2808 2281 2885 portu
2321 2804 2479 2883 feret
2516 2804 2693 2885 foras
2728 2802 2921 2867 inele-

631 2910 1013 2997 gantissime
1059 2910 1428 2997 Madvigius
1476 2908 1746 2974 AdverS.
1794 2909 1857 2973 II
1905 2909 2052 2974 664.

810 3018 1080 3083 Aesiona
1128 3039 1352 3083 verum
1397 3015 1774 3101 tragoediae
1804 3013 2178 3080 Naevianae
2220 3037 2461 3082 nomen
2507 3019 2580 3080 ut
2605 3016 2923 3081 librorum

633 3127 956 3209 scriptura
1001 3124 1356 3189 indicatum
1403 3124 1498 3186 ita
1543 3123 2068 3187 testimoniorum
2097 3121 2653 3189 Varronianorum
2702 3122 2924 3186 ordine

635 3233 1045 3317 alphabetico
1111 3230 1469 3296 certissime
1536 3229 2084 3312 demonstratum,
2149 3229 2642 3313 comprobatum
2709 3233 2922 3292 autem

634 3339 930 3423 exemplo
986 3337 1162 3402 tituli
1217 3334 1357 3401 CIL
1410 3335 1477 3399 II
1523 3337 1695 3400 2223
1754 3335 1973 3401 docuit
2019 3334 2448 3401 Buechelerus
2505 3359 2664 3400 mus,
2720 3335 2924 3399 Rhen.

632 3445 884 3510 XXVII
928 3444 1078 3510 475.

813 3555 894 3617 21
936 3553 1201 3617 inlaesae
1228 3549 1468 3615 Bothio
1501 3550 1797 3633 debetur,
1834 3549 2130 3633 idemque
2158 3550 2321 3615 aliae
2347 3571 2467 3634 pro
2495 3551 2617 3616 alte
2645 3549 2924 3615 scribere

634 3664 812 3725 recto
859 3658 1097 3723 iudicio
1144 3658 1380 3722 noluit:
1428 3658 1592 3722 aliae
1631 3707 1689 3722 ..
1727 3657 2008 3740 -inplexae
2045 3656 2364 3741 Bergkius
2402 3657 2443 3726 1.
2490 3656 2530 3721 l.
2577 3658 2707 3722 262
2753 3656 2926 3741 quod

538 3789 550 3800 ·
636 3766 936 3848 coniecit,
983 3765 1190 3829 multo
1237 3765 1449 3829 minus
1495 3764 1762 3847 probari
1808 3766 2043 3846 potest.

816 3873 900 3936 26
956 3871 1082 3936 Pro
1132 3893 1223 3935 -eo
1292 3870 1461 3955 quod
1508 3868 1798 3955 Scaliger
1853 3871 2144 3936 restituit
2198 3871 2302 3935 ubi
2357 3870 2555 3935 scribi
2612 3876 2681 3934 ut
2733 3871 2928 3936 iussit

637 3979 966 4044 Baehrens
1014 3980 1053 4042 l.
1091 3979 1131 4043 l.
1174 3978 1386 4043 aliena
1431 3979 1513 4041 ab
1560 3977 1753 4041 huius
1802 3978 2036 4042 aetatis
2085 3980 2152 4041 et
2196 3977 2450 4062 generis
2499 3978 2926 4060 scriptoribus

635 4087 1110 4172 significatione
1155 4085 1302 4149 loci.

815 4194 901 4258 32
965 4191 1270 4258 Fortasse
1333 4193 1473 4258 utin
1545 4192 2063 4280 coniungendam
2135 4196 2199 4257 et
2264 4190 2705 4275 interrogandi
2768 4194 2927 4254 nota

635 4301 954 4390 ponenda.
