3400 5075
1397 291 1492 342 AN
1496 290 1699 343 ONYM
1704 290 1730 341 1
2585 283 2712 349 395

1146 554 1989 640 ANONYMI

1445 743 1681 809 FABA

597 859 818 927 Cicero
849 862 929 926 ad
960 859 1098 926 Att.
1124 860 1156 926 I
1193 862 1293 945 16,
1325 861 1404 925 13
1436 860 1723 925 ‘uidesne
1754 863 2161 925 consulatum
2189 860 2371 924 illum
2398 862 2713 943 nostrum,
2751 909 2781 924 ..

420 1000 610 1062 quem
659 976 852 1043 Curio
900 981 1092 1042 antea
1138 971 1525 1041 ἀποθέωσιν
1572 977 1877 1061 uocabat,
1922 977 1976 1041 si
2021 976 2127 1041 hic
2174 977 2385 1040 factus
2414 977 2554 1060 erit,
2600 976 2711 1039 fa-

420 1094 586 1158 bam
634 1094 937 1159 mimum
982 1092 1342 1158 futurumP’

1201 1215 1932 1284 LASERPICIARIVS

595 1333 938 1400 Petronius
992 1356 1043 1400 c.
1099 1333 1186 1399 35
1243 1337 1460 1418 ‘atque
1514 1336 1651 1419 ipse
1718 1335 1913 1398 etiam
1977 1334 2350 1398 taeterrima
2413 1354 2570 1397 uoce
2637 1332 2714 1397 de

379 1491 392 1505 ω
422 1449 884 1535 Laserpiciario
931 1451 1128 1516 mimo
1177 1451 1562 1515 canticum
1611 1451 1921 1515 extorsit?

1419 1574 1714 1639 TVTOR

599 1688 821 1755 Cicero
878 1691 956 1755 de
989 1693 1172 1767 orat.
1218 1690 1285 1755 II
1334 1691 1436 1773 64,
1484 1689 1612 1755 259
1671 1695 1828 1757 ‘non
1881 1690 2201 1755 insulsum
2257 1697 2485 1775 genus’
2537 1687 2715 1776 (ridi-

420 1804 575 1891 culi)
621 1809 722 1870 ‘ex
769 1828 864 1892 e0‚
911 1828 1056 1871 cum
1084 1808 1165 1871 ad
1195 1806 1491 1891 uerbum,
1537 1829 1672 1872 non
1702 1808 1782 1871 ad
1831 1807 2217 1871 sententiam
2246 1828 2383 1870 rem
2429 1806 2715 1889 accipere

419 1921 703 2007 uideare,
757 1943 834 1986 ex
888 1945 1015 2006 quo
1070 1944 1202 1988 uno
1259 1943 1492 2007 genere
1546 1926 1725 1988 totus
1790 1925 1889 2001 est
1944 1922 2174 2006 Tutor,
2236 1922 2471 1987 mimus
2528 1925 2715 1986 uetus

421 2037 658 2122 oppido
703 2037 1051 2105 ridiculus?

1269 2143 1531 2209 ALIVS
1577 2144 1864 2211 MIMVS

595 2259 923 2326 quenalis
970 2261 1066 2327 VI
1111 2262 1199 2326 44
1257 2262 1337 2326 ‘si
1391 2262 1806 2326 moechorum
1861 2262 2238 2326 notissimus
2295 2261 2448 2327 olim
2506 2259 2719 2325 Stulta

418 2377 698 2440 maritali
739 2377 867 2440 iam
913 2378 1187 2464 porrigit
1217 2401 1331 2444 ora
1359 2378 1657 2462 capistrO,
1706 2377 1908 2453 Quem
1955 2378 2195 2441 totiens
2243 2377 2405 2441 texit
2449 2377 2717 2460 perituri

418 2491 580 2557 cista
645 2491 904 2558 Latini?
1017 2494 1364 2561 scholiasta
1419 2494 1553 2580 ‘qui
1617 2493 1857 2560 totiens
1923 2494 2414 2579 superueniente
2480 2493 2712 2559 marito

417 2610 535 2674 sub
583 2609 745 2674 cista
791 2609 1033 2674 celatus
1081 2615 1204 2696 est,
1251 2617 1324 2676 ut
1369 2612 1435 2675 in
1483 2612 1724 2676 mim0.’

747 2750 872 2815 AN
877 2751 1385 2818 ONYMORVM
1429 2753 1858 2821 MJMORVM
1905 2750 2393 2828 RELIQVIAE

1552 2870 1586 2934 I

602 2982 951 3047 Rhetorica
1015 2983 1095 3047 ad
1158 2982 1559 3047 Herennium
1622 2984 1657 3048 I
1728 2985 1838 3069 14,
1893 2986 1981 3049 24
2049 2985 2349 3049 ‘mimus
2416 2982 2721 3067 quidam

416 3098 871 3162 nominatim
905 3097 1212 3163 Accium
1243 3102 1545 3183 poetam
1577 3101 2079 3185 compellauit
2112 3101 2191 3164 in
2221 3121 2526 3164 scaena:
2574 3121 2719 3162 cum

551 3293 704 3341 Fini
774 3292 992 3343 Seneca
1030 3295 1311 3357 apoc-0100.
1348 3297 1379 3344 9
1416 3294 1594 3356 ο01ἰι11,
1632 3296 1838 3357 inquit,
1878 3311 2081 3359 magna
2106 3310 2196 3343 res
2232 3300 2352 3369 era't
2391 3293 2548 3343 deum
2586 3293 2723 3355 fieri,

417 3361 526 3408 iam
567 3362 768 3409 famam
805 3363 1022 3411 mimum
1066 3362 1319 3412 fecistis.’
1402 3363 1537 3412 Cum
1577 3362 1721 3426 apud
1760 3368 2049 3425 utrumque
2096 3353 2478 3419 οἷποθεωσεως
2516 3362 2722 3411 mentio

414 3427 539 3488 fiat,
583 3434 963 3491 argumentum
1001 3430 1145 3478 mimi
1185 3432 1276 3480 uix
1314 3431 1465 3479 aliud
1507 3432 1678 3480 fuisse
1718 3434 1901 3492 potest
1937 3445 2097 3493 quam
2136 3428 2470 3494 Pythagorei
2525 3428 2591 3478 de
2629 3430 2725 3476 mi·

415 3501 539 3559 grat
566 3496 690 3545 ione
731 3497 944 3546 animae
983 3497 1254 3560 dogmatis
1289 3504 1821 3563 praeceptorumque
1859 3497 1925 3548 ad
1962 3500 2164 3546 uictum
2212 3496 2602 3560 pertinentium
2642 3497 2725 3545 in-

411 3564 563 3612 risio·
639 3564 824 3613 Fabae
863 3569 1182 3614 reuerentia
1221 3573 1478 3630 quantam
1517 3564 1733 3616 ridendi
1762 3566 2049 3614 materiam
2090 3564 2409 3628 praebuerit
2433 3578 2723 3613 causarum

414 3631 608 3696 quibus
648 3632 986 3682 abstinentia
1026 3633 1143 3683 eius
1181 3649 1227 3682 e.
1269 3650 1317 3686 c.
1355 3634 1410 3682 in
1437 3633 1834 3698 Porphyrionis
1874 3634 1991 3682 uita
2029 3631 2071 3685 e.
2110 3635 2175 3681 43
2212 3631 2459 3679 firmatur
2494 3631 2721 3695 ineptiis

412 3700 554 3749 satis
602 3700 930 3754 declaratur,
1021 3699 1183 3751 Certe
1233 3702 1533 3752 Lambinus
1580 3700 2065 3764 Buechelerusque
2122 3698 2403 3765 prouerbii
2451 3700 2564 3748 uim
2612 3714 2721 3747 non

413 3766 673 3817 uidentur
710 3768 960 3817 adsecuti
999 3784 1135 3818 esse.

545 3835 736 3890 Tyron
808 3838 962 3898 Quae
999 3852 1254 3899 peruerse
1293 3838 1376 3887 ita
1411 3837 1814 3900 interpretatur
1852 3834 2122 3896 Grysarus
2159 3833 2196 3885 l.
2237 3833 2270 3882 l.
2310 3837 2392 3891 30,
2431 3839 2492 3882 ut
2528 3833 2716 3882 mimo-

412 3902 710 3968 graphum,
747 3918 855 3952 non
893 3903 1141 3952 fabulam
1176 3906 1437 3956 Tutorem
1477 3904 1584 3953 dici
1625 3906 1802 3967 putet.
1879 3902 1962 3951 Cf.
2004 3919 2166 3953 anon.
2206 3902 2351 3951 mim.
2389 3901 2610 3951 1v--V1

550 3970 721 4020 Amvs
746 3972 935 4019 vas
1004 3971 1199 4021 onris
1229 3982 1419 4038 partes
1447 3971 1779 4036 Thymelen,
1819 3970 2004 4018 mariti
2032 3969 2352 4018 Corinthum
2383 3969 2563 4032 egisse
2591 3984 2720 4017 con-

410 4036 662 4102 legerunt
699 4053 766 4087 ex
804 4037 939 4088 VIII
978 4040 1073 4088 197
1112 4044 1361 4096 ‘mortem
1402 4041 1482 4093 sic
1530 4039 1818 4103 quisquam
1860 4036 2170 4099 exhorruit,
2205 4042 2267 4086 ut
2310 4037 2384 4085 sit
2423 4035 2722 4100 Zelotypus

409 4104 726 4167 Thymeles,
753 4104 960 4170 stupidi
988 4105 1204 4173 collega
1232 4109 1546 4171 Corinthii„
1623 4105 1886 4155 Ceterum
1913 4103 1985 4153 cf.
2010 4105 2235 4155 Horatii
2261 4109 2365 4157 sat.
2393 4105 2449 4154 11
2477 4105 2525 4164 7,
2551 4104 2616 4152 59
2642 4117 2722 4167 sq.

405 4179 460 4222 et
497 4173 643 4221 iufra
682 4174 745 4226 fr.
784 4172 1038 4223 XXXIV.

538 4241 712 4290 Aaou.
749 4240 890 4295 Mur.
930 4240 1057 4297 Rau,
1127 4246 1220 4305 Ali
1305 4262 1367 4314 ot
1404 4253 1554 4302 inter
1592 4240 1871 4308 palliatae
1911 4239 2230 4305 fragmenta
2253 4243 2510 4302 receptos
2548 4236 2727 4286 uersi-

404 4308 558 4361 culos
583 4309 650 4359 ad
678 4310 891 4363 mimum
911 4312 1091 4376 potius
1115 4282 1302 4399 uide&
1339 4318 1626 4409 pertinere
1652 4324 1754 4367 suo
1780 4306 1911 4363 loeo
1936 4309 2147 4363 monui.
2288 4308 2317 4359 1
2350 4305 2439 4357 Οἱ.
2467 4305 2524 4355 11
2548 4304 2642 4367 13,
2673 4305 2733 4356 19
