3400 5075
614 334 741 397 382
1271 335 1647 387 ΑΡΡΕΝΒῙΧ
1684 334 2256 387 SENTENTIARVM

796 487 1033 574 Turpis
1078 490 1346 555 tristitia
1390 491 1460 555 in
1507 491 1775 556 alterius
1823 490 2241 556 commodost.

795 602 1012 669 Nimis
1059 626 1320 669 seuerus
1369 606 1468 668 est
1513 606 1757 671 iniusto
1804 607 2152 690 proximus.

793 719 1078 784 Pecunia
1122 723 1330 784 utere:
1378 717 1517 784 esus
1563 743 1762 785 usura
1807 721 2071 786 morbus
2119 724 2234 784 est.

617 837 751 900 200
796 835 1040 899 Beatus
1087 856 1226 898 esse
1275 838 1340 898 et
1384 835 1538 901 felix
1583 836 1693 899 uix
1740 836 2079 920 quisquam
2127 839 2359 919 potest.

797 946 1123 1034 Quidquid
1170 949 1476 1013 dicturu's
1522 951 1698 1034 iniis,
1744 951 1925 1034 prius
1973 950 2149 1015 diesis
2195 951 2331 1016 tibi.

800 1062 1007 1129 Bom's
1053 1064 1284 1128 frueris
1333 1064 1485 1128 dum
1531 1065 1699 1129 uites
1747 1088 1911 1150 quae
1958 1064 2304 1151 uituperes.

800 1180 984 1244 Alios
1032 1179 1311 1264 effugere
1359 1181 1578 1263 saepe,
1623 1184 1687 1244 te
1735 1180 2087 1265 numquam
2135 1184 2340 1266 potes,

793 1293 1134 1381 Ignoscite
1173 1316 1363 1378 saepe
1410 1295 1621 1380 alteri,
1666 1297 2020 1380 numquam
2066 1297 2251 1362 tibi*
2806 1320 2908 1370 208

617 1412 748 1477 205
794 1408 1002 1475 Bom's
1048 1413 1241 1475 uocet
1287 1410 1340 1474 si
1388 1407 1533 1495 quis
1579 1412 1767 1476 malis
1814 1409 2191 1496 pepercerit.
2805 1435 2908 1483 564

792 1526 1118 1590 Fatumst:
1167 1526 1319 1609 quid
1366 1547 1521 1611 ergo
1569 1527 1800 1591 caueae
1848 1526 2019 1611 quod
2065 1530 2310 1592 certum
2358 1528 2623 1593 manet?

792 1641 1103 1707 Mereutis
1150 1662 1362 1726 poena
1407 1645 1532 1725 est,
1579 1640 1956 1706 inmerentis
2004 1643 2356 1707 calamitas,

750 1814 851 1862 200
888 1812 959 1862 cf.
988 1811 1263 1860 Ausonius
1300 1814 1433 1875 sept.
1472 1825 1588 1874 sap.
1625 1813 1677 1872 4,
1715 1812 1765 1859 2.
1909 1812 2010 1859 203
2047 1807 2134 1858 Cf.
2173 1809 2454 1859 Caecilius
2492 1811 2642 1865 Balb.
2680 1811 2805 1861 Par.
2844 1814 2909 1862 65

616 1879 896 1933 Plutarch.
944 1878 1207 1943 apophth.
1257 1877 1381 1926 Cat.
1426 1880 1457 1927 9
1503 1846 1731 1956 μῃδένα
1776 1872 1885 1953 γᾴρ
1933 1863 2156 1927 ἑαυτοῦ
2189 1873 2478 1955 μηδέποτε
2523 1875 2695 1944 χωρὶς
2739 1873 2908 1931 εἶναι

616 1948 891 1998 Isocrates
927 1946 998 1996 ad
1023 1945 1255 1995 Demon.
1282 1946 1313 1995 9
1349 1938 1592 2011 καὶγὰρ
1629 1961 1703 1994 αν
1741 1935 1877 2002 τοὺς
1913 1935 2124 2002 ἄλλους
2164 1938 2367 2011 λάθῃς,
2406 1946 2596 2015 σαυτῷ
2633 1962 2696 2012 γε
2725 1961 2908 1998 συνει·

617 2006 829 2080 δήσεις.
966 2016 1066 2063 204
1102 2013 1427 2062 Vincentius
1465 2012 1603 2066 Bell.
1642 2027 1722 2077 sp
1762 2011 1813 2063 d.
1850 2013 1901 2075 4,
1939 2013 2007 2062 68
2044 2010 2117 2064 Cf
2168 2013 2440 2062 Ausonius
2478 2019 2616 2079 sept.
2655 2030 2794 2095 sap.
2804 2018 2850 2069 3.
2876 2017 2909 2064 4

617 2084 903 2161 ‘ignoscas
936 2080 1063 2131 aliis
1104 2081 1309 2142 multa,
1348 2079 1484 2129 nihil
1521 2080 1665 2128 tibi)
1737 2077 2020 2129 Plutarchi
2057 2080 2178 2128 uita
2203 2079 2322 2129 Cat.
2350 2082 2474 2129 mai.
2499 2083 2532 2131 8
2568 2077 2908 2148 συγγνώμην

618 2146 730 2215 ἔφη
768 2144 1001 2200 διδόναι
1036 2145 1179 2198 πᾶσι
1215 2150 1336 2206 τοῖς
1372 2139 1771 2212 ἁμαρτάνουσι
1806 2138 1959 2211 πλὴν
2004 2137 2203 2197 αὑτοῦ.
2373 2149 2473 2198 205
2510 2148 2596 2198 cf.
2635 2151 2908 2200 Ausonius

616 2225 756 2283 sept.
794 2233 911 2282 sap.
949 2219 997 2277 3,
1032 2219 1064 2266 5
1102 2216 1311 2280 ‘parcit
1346 2217 1583 2293 quisque
1611 2214 1797 2294 malis,
1843 2214 2095 2292 perdere
2108 2214 2229 2263 uult
2268 2214 2481 2265 bonos)
2563 2217 2909 2294 Pythagoras

618 2287 766 2351 apud
804 2253 1235 2345 Stob.’flor.46,
1277 2285 1372 2332 112
1411 2276 1470 2333 οἱ
1510 2299 1585 2348 μη
1625 2251 1963 2343 κολάζοντες
1999 2275 2134 2341 τούς
2181 2297 2397 2341 nasove
2436 2277 2743 2348 βούλονται
2777 2276 2909 2335 α’δι-

616 2353 856 2404 κεῖσθαι
892 2347 1026 2411 τούς
1063 2319 1346 2416 ἀγαθούς.
1417 2350 1712 2401 Sallustius
1751 2349 1872 2398 Cat.
1912 2352 2000 2410 52
2042 2352 2104 2400 12
2215 2353 2316 2402 206
2353 2350 2439 2400 Cf.
2465 2351 2741 2403 Ausonius
2767 2359 2905 2419 sept.

620 2436 738 2486 sap.
778 2422 828 2481 ὅ,
867 2422 899 2470 6
936 2423 1110 2469 ‘certa
1144 2419 1192 2467 si
1227 2418 1456 2469 decreta.
1492 2433 1610 2469 sors
1643 2421 1754 2480 est,
1793 2417 1920 2483 quid
1960 2433 2160 2468 cauere
2199 2419 2499 2483 proderiw

620 2573 788 2621 tutem
835 2566 984 2620 uenit
1015 2571 1070 2619 et
1114 2571 1244 2618 tunc
1285 2564 1504 2636 incipiat
1548 2561 1791 2618 laborare
1822 2561 1890 2616 M
1914 2561 2017 2634 88,
2064 2564 2161 2619 ubi
2200 2564 2254 2618 in
2290 2571 2625 2619 senectutem
2674 2564 2907 2637 Woelff-

614 2654 771 2731 linus
812 2650 866 2704 in
914 2649 1081 2703 otium
1138 2649 1274 2703 libri
1349 2649 1356 2655 '
1475 2647 1588 2704 197
1638 2663 1927 2720 numquam
1975 2648 2146 2703 tristis
2192 2647 2353 2703 facies
2406 2649 2477 2703 sit
2523 2646 2614 2703 tibi
2661 2650 2714 2702 iu
2761 2665 2903 2704 com·

618 2734 779 2790 modo
837 2733 1056 2787 alterius
1111 2729 1178 2785 M
1220 2731 1301 2788 90
1478 2730 1594 2788 198
1651 2733 1913 2787 seueritas
1972 2732 2026 2786 in
2083 2732 2216 2787 uitio
2271 2741 2387 2802 est,
2450 2734 2573 2805 quia
2627 2732 2905 2806 proximus

615 2819 907 2874 iniustitiae
953 2816 1105 2872 locus
1150 2815 1410 2871 seueritas
1458 2816 1521 2871 M
1565 2815 1643 2872 95
1715 2817 1888 2871 Bonus
1934 2814 2092 2871 iudex
2136 2824 2220 2871 est
2265 2818 2356 2888 qui
2400 2824 2583 2890 potest
2630 2815 2803 2890 (nouit
2847 2814 2905 2892 β)
3003 2818 3011 2827 “

615 2903 925 2977 dispensare
982 2918 1092 2956 non
1151 2909 1255 2955 tam
1315 2899 1442 2976 (non
1492 2907 1698 2956 tantum
1744 2919 1804 2971 α,
1851 2918 1955 2956 om.
2003 2897 2061 2975 β)
2120 2900 2249 2974 quid
2293 2900 2651 2956 damnandum
2695 2903 2768 2956 sit
2812 2901 2908 2957 sed

617 2997 887 3062 quatenus
947 2984 1098 3057 (add.
1142 2994 1224 3040 est
1287 2986 1562 3058 proximus
1619 2986 1829 3040 iusticie
1889 2986 2151 3040 seueritas
2205 2981 2263 3059 β)
2310 2985 2378 3040 Μ
2418 2986 2516 3054 97,
2561 2982 2601 3060 β
2790 2986 2907 3043 199

615 3074 841 3146 pecunia
885 3073 932 3126 si
980 3070 1074 3127 tibi
1121 3077 1235 3139 est,
1281 3071 1396 3125 eius
1440 3069 1614 3141 (cuius
1660 3086 1744 3143 αγ
1788 3070 2009 3126 Par-iss.
2059 3070 2185 3140 SV)
2230 3085 2393 3125 usura
2437 3069 2658 3125 morbus
2699 3067 2804 3144 (sic
2833 3089 2909 3144 αν

615 3159 757 3214 Par.
807 3157 852 3214 S
893 3154 1064 3211 morbi
1111 3154 1252 3209 Par.
1319 3156 1364 3211 V
1406 3154 1645 3210 moribus
1690 3153 1883 3228 uulyo)
1930 3155 1993 3209 M
2026 3154 2164 3211 102.
2235 3154 2585 3211 Sententiam
2629 3158 2748 3211 sic.-
2791 3158 2907 3211 eius

618 3259 781 3297 usura
827 3241 1080 3296 memoria
1127 3236 1508 3296 beneficiorum
1553 3240 1626 3295 sit
1669 3240 1937 3311 suppleri
1978 3242 2101 3295 uult
2133 3239 2535 3296 Buecheler-us
2575 3241 2725 3295 conl.
2772 3239 2913 3313 Syri

615 3334 761 3382 sent.
809 3324 929 3383 624
1104 3323 1227 3380 200
1271 3324 1398 3379 mihi
1443 3324 1633 3379 crede:
1680 3341 1792 3379 non
1838 3332 1995 3397 potes
2041 3340 2186 3395 esse·
2207 3322 2361 3378 diues
2407 3331 2462 3379 et
2507 3323 2633 3379 felix
2678 3323 2742 3379 M
2788 3324 2905 3381 103

789 3404 941 3485 felix]
990 3409 1145 3463 diues
1202 3411 1421 3464 mauult
1485 3409 1884 3465 Buecheler-us
2054 3407 2174 3467 201
2223 3407 2481 3481 quidquid
2535 3408 2780 3463 dicturus
2826 3424 2907 3477 οε,

614 3505 738 3551 ante
782 3511 940 3567 quam
988 3493 1124 3565 aliis,
1173 3491 1267 3547 tibi
1299 3492 1462 3548 dicito
1496 3493 1670 3562 (antea
1704 3493 1798 3549 tibi
1832 3493 2045 3566 ipsimet
2074 3492 2238 3548 dicito
2272 3508 2427 3565 quam
2459 3491 2577 3547 aliis
2606 3490 2670 3567 α)
2706 3493 2766 3548 Μ
2789 3492 2906 3549 105

787 3577 908 3635 202
969 3577 1216 3633 facillime
1271 3576 1426 3632 bonis
1482 3578 1711 3649 frueris,
1770 3579 1816 3632 si
1872 3593 1933 3631 ea
1995 3578 2251 3633 uitaueris
2307 3592 2443 3649 quae
2510 3578 2906 3650 uituperaueris

615 3665 680 3720 M
715 3663 829 3720 107
964 3662 1085 3720 203
1118 3663 1251 3717 alios
1282 3660 1464 3733 (alium
1494 3658 1554 3736 β)
1586 3663 1729 3718 enim
1758 3669 1916 3735 potes
1948 3660 2208 3733 effugere,
2239 3670 2294 3717 te
2326 3677 2614 3734 numquam
2647 3660 2711 3716 M
2736 3661 2837 3727 59,
2868 3658 2907 3735 β

614 3766 736 3804 nam
781 3749 898 3803 sine
941 3746 1056 3802 aliis
1111 3762 1271 3819 saepe
1326 3763 1446 3802 esse
1491 3754 1681 3820 potes,
1739 3748 1856 3802 sine
1903 3754 1956 3801 te
2012 3762 2302 3819 numquam
2348 3745 2412 3801 M
2455 3745 2574 3803 108
2786 3745 2907 3802 204

615 3834 769 3890 alteri
813 3848 1031 3905 semper
1072 3832 1376 3904 ignoscito,
1434 3830 1531 3886 tibi
1590 3832 1691 3905 ipsi
1736 3831 1859 3905 (ipsi
1904 3849 2012 3887 om.
2076 3832 2199 3887 Wm
2242 3838 2421 3902 autem
2465 3830 2566 3904 αγ)
2616 3847 2905 3904 numquam

617 3919 684 3975 M
715 3918 857 3990 111,
919 3917 1101 3974 VWm
1135 3915 1191 3987 1,
1226 3914 1266 3969 4
1298 3916 1550 3989 ignoscas
1582 3916 1696 3971 aliis
1730 3916 1917 3987 multa,
1948 3916 2043 3971 sed
2081 3916 2213 3971 nihil
2248 3914 2340 3970 ubi
2376 3915 2686 3972 Fabricius
2728 3932 2759 3971 e
2787 3930 2910 3971 ms„-

622 4004 814 4060 eodem
846 4004 1139 4059 schemate
1171 4003 1255 4057 uti
1292 4004 1499 4072 possi&
1545 4009 1606 4058 ui
1651 4017 1811 4075 saepe
1856 4004 1952 4057 uel
1980 4016 2196 4074 semper
2234 4017 2346 4071 pro
2379 3999 2568 4070 multa,
2617 4015 2908 4073 numquam

611 4107 728 4160 pro
761 4088 892 4143 nihil
922 4092 1153 4143 inseras
1326 4084 1446 4143 205
1492 4085 1646 4142 bouis
1678 4104 1730 4141 n.
1764 4086 1854 4159 qui
1887 4085 2038 4140 malis
2071 4086 2240 4157 parcit
2280 4084 2347 4140 M
2395 4083 2531 4151 114,
2574 4080 2614 4158 β
2787 4083 2907 4141 206

617 4176 664 4228 si
711 4168 1015 4243 fatum'est‚
1062 4170 1189 4245 quid
1236 4172 1392 4226 times
1438 4170 1583 4244 quod
1628 4179 1834 4226 certum
1884 4170 2003 4225 est?
2058 4170 2123 4225 M
2169 4167 2349 4224 114⁶.-
2406 4167 2572 4223 satum
2620 4168 2910 4225 Schenke·

619 4260 733 4314 lius
790 4256 989 4312 factum
1033 4274 1110 4329 αγ
1325 4251 1530 4331 manet]
1587 4274 1662 4311 an
1719 4255 1857 4310 siet?
2073 4252 2194 4310 207
2241 4254 2435 4308 merito
2494 4254 2633 4307 enim
2678 4253 2909 4308 damnali

605 4358 791 4415 ‚poena
838 4350 922 4397 est
967 4341 1268 4408 damnatio,
1316 4341 1568 4396 inmerito
1613 4340 1846 4397 damuati
1892 4338 2163 4394 calamitas
2210 4338 2272 4393 M
2318 4337 2430 4392 124
2579 4340 2663 4393 An
2709 4353 2907 4392 nocen-
