3400 5075
1463 321 1820 377 ADDENDA
2555 320 2787 378 CXXIlI

490 482 722 550 Lucilii
796 482 1005 549 frusto
1079 485 1382 570 probare,
1454 483 1721 551 Pacuvii
1787 487 2174 551 auctoritate
2238 486 2334 550 uti
2399 486 2643 570 potuit,
2715 489 2788 551 ut

490 591 705 676 ipsam
747 592 941 672 fando
979 591 1258 656 formam
1305 615 1383 657 ex
1429 593 1819 678 antiquitate
1864 594 2203 677 repeteret.

667 696 937 763 Minime
983 700 1310 783 persuasit
1354 699 1673 786 Bergkius
1702 699 1935 765 Philol.
1979 698 2196 763 XXXI
2241 699 2371 764 249
2408 696 2786 765 Ciceronem

492 804 569 870 de
616 828 706 870 or.
750 804 834 870 Π.
880 806 1043 889 467,
1094 807 1217 871 193
1266 804 1407 893 (ubi
1454 808 1685 873 Teucri
1731 807 1809 871 fr.
1854 805 1981 871 XII
2026 803 2357 893 laudatur)
2412 807 2785 872 Telamonis

492 912 688 978 verba
720 913 1044 996 pampalia
1091 913 1470 996 appellasse.

670 1021 796 1084 337
847 1042 940 1104 sq.
985 1042 1105 1102 pro
1151 1042 1270 1085 sua
1304 1028 1488 1104 parte
1536 1022 1709 1102 falsa
1752 1023 2206 1103 conficiant,
2262 1026 2541 1086 canunt
2583 1019 2784 1107 Berg-

489 1125 634 1190 kius
689 1125 925 1191 Philol.
976 1126 1260 1192 XXXIII
1317 1129 1473 1210 296,
1546 1128 1706 1192 haec
1772 1128 2030 1212 quidem
2094 1150 2226 1193 non
2281 1127 2591 1211 inprobih‘
2649 1150 2785 1192 sus-

490 1234 770 1318 picione,
824 1233 894 1298 in
947 1254 1022 1298 eo
1079 1237 1301 1298 tamen
1356 1233 1527 1319 quod
1573 1240 1755 1317 parte
1810 1233 2124 1318 defendit,
2180 1258 2219 1299 a
2265 1256 2418 1299 vera
2464 1235 2786 1300 sententia

492 1339 818 1405 aberrans.

667 1448 798 1512 350
845 1447 938 1512 sic
986 1448 1183 1513 scribi
1228 1448 1456 1513 suadet
1499 1446 1750 1512 Keilius
1799 1470 2190 1533 quamquam
2237 1447 2634 1514 dubitanter:

1003 1554 1094 1623 ite
1142 1556 1318 1641 agite
1365 1577 1509 1621 eam
1555 1553 1776 1619 vellite
1822 1555 2033 1639 rapite
2082 1577 2292 1640 coma,

492 1681 748 1725 versum
795 1664 1013 1726 autem
1060 1662 1221 1726 352:

1098 1769 1436 1835 discindite
1482 1772 1695 1834 vestes
1745 1769 1924 1834 ocius
1970 1790 2166 1852 nunc,

490 1876 816 1961 neutrum,
859 1875 931 1987 ’si
984 1877 1138 1960 quid
1194 1878 1432 1959 sentio,
1487 1880 1560 1940 ut
1617 1876 1777 1941 satis
1832 1876 2031 1941 faciat
2074 1876 2179 1940 vel
2226 1877 2457 1959 poetae
2504 1876 2607 1940 vel
2653 1897 2781 1939 me-

490 1981 752 2046 moriae.
834 1983 1078 2048 evolvite
1120 1984 1250 2049 iam
1288 1984 1565 2049 Bothius
1613 1984 1995 2048 coniecerat.
2083 1982 2162 2046 In
2197 1981 2519 2046 Victorini
2567 1982 2782 2047 verbis

491 2088 633 2152 vide
649 2111 734 2153 an
747 2091 1038 2156 mominis
1051 2093 1309 2156 mutatio
1325 2090 1793 2156 restituendum
1812 2090 1922 2154 sit:
1940 2091 2294 2154 nominism.
2305 2088 2375 2152 in
2387 2088 2571 2153 libris
2588 2091 2785 2153 extat.

667 2196 797 2261 396
843 2195 1113 2262 Plenum
1162 2200 1603 2281 septenarium

914 2307 1257 2388 postquam
1304 2306 1643 2370 calamitas
1688 2305 2025 2387 complures
2071 2325 2128 2367 a.
2175 2324 2232 2366 a.
2278 2323 2331 2366 c.

487 2406 809 2495 Bergkius
856 2409 899 2473 1.
943 2409 986 2475 l.
1032 2411 1162 2475 273
1210 2387 1692 2497 redintegravit.

667 2516 796 2583 398
845 2536 937 2600 sq.
1012 2516 1416 2585 Offensiones
1482 2540 1707 2584 omnes
1773 2516 2072 2602 effugias,
2139 2515 2195 2580 si
2250 2513 2567 2581 Varronis
2627 2535 2782 2579 usus

491 2627 739 2708 satura,
795 2625 975 2688 cuius
1029 2624 1246 2690 locum
1303 2626 1372 2690 in
1418 2626 1837 2690 adnotatione
1891 2623 2180 2708 laudavi,
2241 2621 2569 2688 senarium
2612 2621 2784 2687 hunc

490 2729 621 2794 fere
670 2753 708 2794 a
752 2729 1035 2796 Pacuvio
1086 2732 1401 2816 scriptum
1447 2733 1647 2797 fuisse
1695 2734 1975 2796 statuas:

856 2839 1011 2918 [emt
1059 2837 1238 2919 re'da]
1287 2839 1535 2903 volucri
1583 2839 1786 2903 currit
1831 2860 1947 2902 axe
1995 2836 2399 2921 quadriiuga.

665 2941 875 3007 Praet.
931 2946 975 3007 4
1029 2941 1118 3029 (p.
1176 2942 1334 3032 280)
1396 2949 1544 3010 ante
1609 2944 2076 3009 Buechelerum
2140 2945 2273 3009 iam
2326 2941 2782 3008 Fleckeisenus

490 3050 670 3114 misc.
717 3051 856 3115 crit.
903 3051 991 3114 42
1036 3052 1432 3117 restituerat.

673 3261 867 3347 Apud
912 3260 1251 3331 ACCIVM
1295 3286 1354 3330 v.
1406 3266 1487 3330 10
1517 3288 1610 3350 sq.
1658 3265 2086 3330 audacissime
2113 3261 2436 3348 Bergkius
2482 3261 2524 3326 l.
2553 3262 2594 3327 l.
2623 3262 2781 3327 297:

1339 3373 1448 3453 qui
1493 3374 1720 3438 classis
1767 3373 2026 3436 trahere
2072 3372 2142 3434 in
2190 3370 2398 3434 salum

915 3480 981 3541 et
1026 3478 1170 3542 vela
1215 3482 1558 3543 ventorum
1606 3480 1861 3543 animae
1906 3478 2227 3542 minitaris
2270 3478 2435 3541 dare.

485 3605 692 3668 neque
749 3583 1012 3648 omnino
1069 3584 1139 3647 in
1192 3584 1311 3649 tali
1367 3607 1662 3650 sermone
1718 3589 1861 3650 erat
1914 3607 2027 3649 cur
2079 3582 2504 3668 profectionis
2561 3583 2781 3668 imago

487 3695 624 3755 tam
671 3690 933 3773 copiose
980 3693 1415 3755 exornaretur.

663 3795 741 3861 In
797 3819 854 3861 v.
909 3796 996 3860 42
1053 3818 1188 3881 sqq.
1250 3797 1437 3862 valde
1501 3797 1745 3863 infelici
1810 3798 2216 3863 coniecturae
2272 3796 2547 3862 indulsit
2598 3795 2781 3860 Aem.

488 3901 817 3967 Baehrens
863 3901 905 3966 1.
952 3901 993 3966 l.
1041 3903 1237 3967 scribi
1284 3904 1512 3967 iubens

1337 4009 1719 4075 inimicitias
1762 4009 2146 4096 Pelopidum

914 4115 1260 4201 extinctas,
1307 4121 1486 4182 tanta
1531 4116 1946 4182 oblitteratas
1996 4118 2313 4183 memoria

913 4243 1242 4287 renovare.

487 4326 659 4394 Nam
717 4332 890 4392 tanta
944 4331 1240 4394 memoria
1294 4331 1439 4416 quis
1497 4352 1805 4416 umquam
1853 4330 2017 4395 dixit
2061 4353 2180 4417 pro
2227 4334 2416 4397 tanta
2460 4331 2778 4417 temporis
