3400 5075
1383 301 1910 356 COROLLARIVM
2559 305 2792 358 XXXIX

680 470 799 533 157
851 467 979 547 sui]
1027 467 1159 531 uiri
1204 466 1548 531 MerceruS.

680 576 801 638 162
867 573 1472 638 O.F.W.Muellerus
1552 572 1722 655 quod
1779 572 2085 645 ‚coniecit
2161 572 2371 651 famae
2442 596 2517 638 ac
2587 576 2791 658 slayiti

490 681 662 745 haud
711 681 1121 744 infitiandum
1171 684 1269 743 est
1316 679 1754 744 commendari
1805 676 2134 743 Ciceronis
2185 702 2280 763 ep.
2330 681 2408 743 ad
2459 680 2593 743 Att.
2633 682 2784 745 XV]

494 790 562 869 7,
608 789 651 851 4
709 788 1002 871 exemplo
1053 786 1302 851 ‘meum
1350 787 1597 850 factum
1646 837 1659 850 .
1700 836 1713 849 .
1753 836 1766 848 .
1814 786 2049 869 flagitii
2108 785 2358 850 scilicet
2412 788 2675 870 plenum
2725 794 2790 851 et

491 894 863 959 dedecoris.'
963 916 1355 978 quamquam
1432 893 1696 956 minime
1764 894 2091 957 constanti
2157 917 2276 956 usu
2352 893 2419 957 in
2491 894 2788 958 scaenica

489 1002 674 1085 poesi
728 1002 1067 1085 genetivus
1126 1023 1272 1064 cum
1320 1000 1518 1063 verbo
1579 999 1818 1081 opplere
1865 1000 2313 1083 similibusque
2360 997 2466 1083 (cf.
2516 1001 2657 1064 adn.
2706 1002 2786 1064 ad

491 1106 749 1171 Afranii
798 1131 853 1170 v,
890 1106 997 1191 16)
1046 1107 1426 1172 coniunctus
1475 1109 1598 1169 est:
1645 1106 1917 1170 Plautus
1965 1106 2192 1170 Pseud.
2223 1108 2350 1170 588
2402 1106 2786 1191 ‘participes

490 1237 669 1277 meos
716 1214 958 1297 praeda
1006 1213 1289 1277 onerabo
1339 1217 1530 1295 atque
1579 1212 1903 1296 opplebo',
1969 1213 2206 1297 Amph.
2236 1214 2360 1278 251
2415 1213 2598 1277 ‘telis
2638 1238 2783 1279 con-

490 1321 839 1404 plebantur
876 1318 1201 1403 corpora',
1250 1318 1464 1383 Oasin.
1494 1318 1523 1382 I
1555 1320 1639 1383 33
1689 1318 1843 1403 ‘ego
1881 1323 1946 1382 te
1991 1320 2256 1402 inplebo
2294 1319 2570 1404 flagris',
2615 1320 2782 1385 Nae-

490 1427 633 1490 vius
687 1428 812 1490 136
860 1426 1182 1491 ‘animum
1232 1448 1451 1490 amore
1501 1424 1767 1507 capitali
1818 1424 2335 1508 compleverint',
2391 1426 2692 1509 Aquilius
2733 1429 2781 1502 ,8

488 1526 855 1617 ‘oppletum
913 1534 1289 1617 oppidumst
1336 1530 1649 1614 solariis',
1704 1531 1846 1594 Ter.
1893 1530 2070 1595 haut.
2119 1532 2248 1595 306
2298 1530 2619 1596 ‘lacrimis
2670 1556 2780 1616 op-

486 1640 624 1721 plet
672 1663 742 1704 os
790 1643 1000 1703 totum
1051 1640 1175 1703 sibi
1192 1637 1229 1721 ',
1284 1639 1393 1722 qui
1443 1637 1763 1720 ‘explere'
1811 1660 2160 1721 numquam
2221 1660 2352 1701 non
2408 1660 2552 1701 cum
2602 1639 2778 1702 abla-

486 1747 623 1810 tivo
680 1727 1041 1810 construxit
1097 1742 1213 1829 (cf.
1261 1744 1498 1809 Accius
1556 1744 1741 1830 323);
1807 1744 2058 1809 Ennius
2117 1746 2282 1827 trag.
2330 1743 2414 1807 53
2475 1742 2780 1808 ‘navibus

488 1853 845 1936 complevit
888 1875 1119 1916 manus
1168 1850 1398 1915 litora'
1447 1849 1552 1936 (cf.
1602 1874 1748 1915 ann.
1797 1848 1971 1936 310).

671 1960 795 2023 164
842 1960 1096 2041 nuptias
1141 1958 1333 2022 abieci
1376 1960 1622 2039 iniquos
1664 1960 1919 2041 nuptias
1964 1957 2156 2022 abieci
2199 1958 2429 2021 amicos
2477 1957 2619 2022 Par.
2667 1956 2719 2020 P

668 2066 792 2129 166
839 2086 1018 2146 crepa
1064 2064 1226 2128 coni.
1275 2062 1749 2140 Quicheratius

668 2173 790 2235 177
822 2194 913 2255 sq.
962 2170 1414 2235 Meretriculae
1452 2171 1885 2255 interroganti
1930 2173 2038 2254 qui
2071 2191 2395 2253 proroyem
2440 2190 2608 2234 meas
2649 2171 2780 2251 for-

484 2284 694 2354 tuna-3,
750 2277 992 2342 mutter?
1056 2277 1224 2342 hanc
1279 2278 1666 2362 respondere
1733 2278 1923 2361 fingit
1968 2278 2428 2341 Buechelerus:
2486 2278 2539 2340 si
2603 2301 2779 2341 ama-

483 2388 685 2466 toreS,
749 2384 857 2467 qui
914 2388 1026 2448 tua
1092 2405 1287 2448 causa
1352 2386 1481 2450 huc
1546 2386 1839 2468 veniunt,
1905 2383 2388 2467 despoliaveriS.
2472 2384 2582 2447 sed
2628 2405 2776 2466 pro-

484 2511 698 2573 royare
772 2491 1047 2575 augendi
1124 2494 1189 2556 et
1264 2492 1704 2577 amplificandi
1776 2492 2042 2556 notione
2121 2490 2265 2574 quis
2340 2490 2575 2556 dixerit
2646 2514 2776 2556 non

482 2598 752 2681 reperio.
835 2621 909 2661 ac
956 2599 1237 2662 fortasse
1293 2600 1509 2681 ipsum
1565 2599 1735 2683 quod
1794 2599 1946 2662 libri
2002 2589 2269 2661 tradunt
2317 2618 2621 2680 qemmeas
2676 2620 2771 2661 re-

482 2704 817 2767 tinendum
865 2707 980 2768 est.

667 2810 784 2874 181
836 2810 1001 2875 locus
1045 2811 1233 2875 Bern.
1279 2808 1436 2895 (non
1484 2809 1664 2896 Bas.)

664 2917 789 2980 182
836 2918 1044 2980 uidere
1096 2918 1186 2980 mi
1250 2917 1607 2982 clausulam
1672 2917 2108 2982 Buechelerus
2173 2918 2268 2980 ita
2333 2916 2645 3002 defendit,
2703 2923 2777 2981 ut

479 3048 599 3107 pro
647 3046 773 3087 uno
821 3024 1019 3087 verbo
1068 3045 1209 3087 esse
1256 3027 1517 3088 moneat
1562 3047 1678 3108 per
1726 3025 1997 3090 enclisin
2046 3047 2288 3090 conexa
2335 3025 2498 3089 conl.
2543 3047 2601 3087 V.
2646 3026 2769 3088 196

479 3135 545 3194 et
592 3129 905 3195 Varronis
963 3133 1082 3193 sat.
1128 3129 1215 3193 45
1271 3129 1638 3214 ‘ignorasse
1692 3131 1838 3195 me.'
1913 3135 2133 3196 tamen
2180 3131 2554 3195 Terentium
2620 3153 2670 3194 e.
2720 3155 2769 3195 c.

481 3237 668 3301 video
724 3259 856 3300 non
912 3238 1003 3301 sic
1064 3237 1400 3320 scripsisse
1457 3259 1598 3302 eun.
1650 3238 1778 3302 730
1826 3238 1985 3303 ‘vah
2041 3242 2284 3322 quanto
2337 3260 2509 3301 nunc
2557 3237 2770 3299 videre

479 3343 572 3408 mi
616 3343 996 3408 Formosior
1056 3365 1249 3426 quam
1297 3325 1597 3408 dudum!'
1664 3346 1772 3408 sed
1831 3344 2210 3409 ‘formosior
2256 3342 2491 3405 Videre
2549 3341 2768 3427 mihi'3

478 3453 545 3513 et
589 3451 884 3514 hautont.
932 3449 1016 3513 59
1067 3448 1269 3532 ‘quod
1315 3447 1479 3513 mihi
1528 3451 1744 3514 videre
1790 3453 2048 3533 praeter
2093 3452 2374 3512 aetatem
2420 3452 2600 3511 tuam
2649 3448 2768 3512 Fa-

476 3555 671 3638 cere',
725 3579 856 3621 non
904 3556 1106 3640 ‘quod
1162 3558 1419 3639 praeter
1477 3560 1756 3621 aetatem
1812 3559 1991 3618 tuam
2049 3554 2264 3617 videre
2312 3553 2444 3616 mi?
2539 3556 2766 3618 contra

460 3665 650 3740 30103,
703 3664 873 3746 solet,
928 3669 997 3726 ut
1041 3663 1211 3740 solet,
1267 3663 1509 3727 similia
1563 3664 1631 3727 in
1680 3663 1856 3727 exitu
1903 3683 2123 3725 versus
2181 3661 2562 3743 frequentia.
2648 3681 2767 3724 cur

472 3771 677 3855 igitur
722 3771 919 3834 istam
957 3769 1332 3852 clausulam,
1380 3770 1560 3833 cuius
1599 3769 1948 3854 geminum,
1996 3771 2068 3831 ut
2112 3768 2182 3831 in
2218 3771 2355 3830 tam
2395 3766 2592 3830 solita
2637 3766 2766 3831 for-

474 3875 653 3940 mula
698 3880 1023 3959 expecteS,
1080 3877 1446 3960 exemplum
1501 3876 1822 3957 desidem,
1877 3878 2072 3958 poeta
2125 3877 2348 3939 noster
2403 3873 2591 3936 alteri
2641 3874 2764 3937 sol-

473 3983 674 4046 lemni
720 3982 855 4046 fere
901 3982 1327 4065 praetulerit?

660 4087 781 4151 188
829 4088 1043 4152 deoetra
1088 4089 1344 4153 accubui
1388 4089 1551 4154 coni.
1598 4088 1878 4172 Lipsius.

653 4192 731 4256 V.
748 4195 872 4258 196
894 4217 985 4279 sq.
1011 4197 1412 4279 septenarios
1442 4195 1930 4259 iambicos‘esse
1961 4194 2292 4257 existimat
2309 4191 2764 4273 BuecheleruS,

471 4299 757 4383 priorem
795 4301 889 4364 sic
934 4303 1156 4366 excidit
1198 4303 1287 4364 mi
1334 4302 1740 4383 concludenS‚
1785 4301 1854 4363 in
1893 4300 2157 4363 alterius
2197 4321 2464 4363 caesura
2508 4297 2760 4361 hiatum
