3400 5075
1331 302 1858 360 COROLLARIVM
2584 309 2735 364 XVII

624 468 730 532 68.
788 466 1072 531 Paucula
1110 467 1309 531 verba
1347 490 1540 551 quam
1578 469 1646 531 in
1688 490 1875 533 versu
1915 470 2130 532 sedem
2161 470 2563 534 obtinuerint
2590 496 2733 555 cum

432 575 763 638 incertum
825 575 938 657 sit,
991 574 1444 657 supplementa
1497 597 1858 658 proponere
1925 576 2133 639 omisi.
2227 577 2414 641 initio
2479 580 2734 662 quidem

431 702 568 762 aye,
614 681 685 744 in
731 682 905 744 exitu
955 680 1191 745 senarii
1238 680 1341 743 vel
1390 682 1745 763 septenarii
1792 679 1932 766 (ubi
1978 686 2198 746 tamen
2234 684 2387 764 quin
2433 689 2546 748 aut
2589 686 2742 766 quid

432 789 605 851 enim
652 787 964 869 imperas?
1014 786 1495 872 corrigendum)
1542 788 1639 851 eia
1683 791 2017 871 praemitti
2065 794 2340 873 poterat.

627 896 726 958 70.
792 893 1114 958 Videntur
1168 895 1513 976 sermonis,
1572 918 1763 979 quem
1820 918 2044 959 servus
2102 897 2337 980 aliquis
2400 903 2514 961 aut
2559 899 2735 962 solus

438 1024 661 1064 seeum
720 1007 833 1065 aut
890 1023 1035 1064 cum
1093 1002 1299 1064 altero
1349 1001 1678 1084 habuerit,
1735 1005 2022 1065 extrema
2067 1004 2295 1068 fuisse:
2354 1005 2432 1068 cf.
2482 1010 2738 1087 praeter
2843 1090 2854 1099 ο

440 1110 574 1172 alia
618 1108 757 1172 Ter.
789 1132 928 1171 eun.
959 1108 1088 1171 545
1135 1109 1310 1171 haut.
1350 1109 1488 1171 170.
1550 1108 1750 1172 Suum
1796 1114 2015 1173 autem
2062 1111 2413 1195 hominem,
2461 1112 2520 1175 h.
2569 1135 2621 1176 e.
2667 1113 2738 1177 in

444 1238 562 1277 sua
620 1219 945 1298 potestate
1010 1215 1268 1298 suisque
1325 1216 1491 1278 dolis
1554 1220 1620 1277 et
1677 1216 1958 1278 fallaciis
2020 1218 2369 1280 obnoxium
2432 1240 2570 1280 esse
2627 1216 2736 1303 (cf.

444 1320 662 1384 Plauti
712 1322 844 1385 mil.
892 1322 1023 1385 334
1068 1320 1304 1386 Bacch.
1357 1322 1480 1384 103
1536 1321 1765 1384 Pseud.
1813 1324 1961 1386 381.
2010 1324 2140 1385 600
2189 1321 2372 1386 Cure.
2419 1324 2578 1409 431)
2625 1325 2735 1387 ille

443 1429 542 1490 vel
575 1450 720 1491 eum
769 1428 1003 1511 ipsum,
1048 1450 1239 1511 quem
1271 1427 1544 1509 visuruS‚
1594 1428 1691 1490 vel
1742 1451 1906 1511 eum,
1954 1452 2230 1513 quocum
2280 1431 2533 1493 locutus
2582 1435 2738 1511 erat,

438 1534 653 1596 dicere
710 1535 949 1623 potuit.
1016 1534 1151 1599 Deo
1196 1555 1327 1599 meo
1371 1536 1646 1615 papirio
1694 1535 1939 1598 dictum
1997 1540 2069 1599 ut
2122 1538 2228 1600 deo
2275 1539 2437 1600 irato
2491 1559 2621 1600 meo
2669 1538 2738 1599 in

438 1640 581 1703 Ter.
628 1640 889 1704 Phorm.
941 1642 1051 1725 743
1101 1640 1214 1703 sed
1250 1663 1473 1705 versus
1522 1641 1803 1705 fortasse
1852 1643 1946 1703 sic
1993 1642 2556 1725 redintegrandus:

829 1747 1026 1812 viscim
1040 1768 1061 1811 .·
1107 1749 1214 1812 cleo
1260 1768 1390 1811 mco
1423 1749 1697 1828 propltio
1743 1768 1912 1810 meus
1961 1749 2088 1811 illic
2131 1748 2379 1812 homost.

439 1852 686 1939 Tetigit
730 1854 946 1918 locum
994 1854 1071 1917 A.
1119 1853 1335 1918 Luchs
1382 1852 1450 1916 in
1498 1854 1731 1917 studiis
1783 1852 2204 1917 Studemundi
2251 1854 2281 1917 I
2329 1878 2388 1938 p.
2438 1856 2540 1919 68.

620 1961 719 2024 79.
766 1960 829 2024 N
835 1960 1090 2024 olebam
1140 1960 1693 2025 adlitterationem
1743 1962 2086 2024 verborum
2132 1963 2241 2024 slat
2284 1964 2473 2043 dissito
2521 1963 2733 2026 delere

443 2066 816 2129 coniciendo
854 2068 972 2131 alii
998 2066 1207 2130 scribit
1233 2065 1361 2149 (vel
1392 2066 1628 2148 siynat)
1657 2069 1846 2149 dissito
1878 2069 2128 2129 litteras.
2195 2069 2476 2131 otiosum
2516 2072 2737 2132 tamen

441 2173 611 2255 quod
662 2173 727 2234 in
776 2172 925 2235 aliis
971 2173 1296 2255 scriptura
1334 2172 1535 2235 latere
1573 2174 1801 2256 putavi
1847 2194 1988 2251 suo;
2037 2175 2297 2238 facilius
2339 2177 2534 2238 etiam
2575 2176 2734 2238 clam

438 2279 733 2361 sequenti
784 2280 979 2341 verbo
1026 2280 1137 2343 dat
1181 2279 1424 2343 hauriri
1476 2280 1710 2362 potuit,
1756 2303 1883 2363 quo
1931 2283 2176 2344 inserto
2225 2281 2331 2343 hic
2380 2282 2734 2344 versiculus

436 2384 830 2448 restituitur:

548 2514 691 2555 011111
741 2492 870 2555 alio
919 2495 1168 2574 cantat,
1215 2496 1284 2556 at
1329 2496 1551 2557 tamen
1597 2492 1716 2556 alii
1759 2492 1918 2557 clam
1964 2495 2074 2556 dat
2117 2493 2326 2578 digito
2374 2495 2645 2559 litteras,

619 2599 722 2661 91.
788 2597 1109 2674 Quoniam
1171 2600 1343 2682 quod
1402 2601 1471 2664 in
1526 2603 1707 2663 textu
1770 2601 1957 2681 posui
2012 2605 2157 2663 uota·
2217 2601 2556 2665 insolitum
2618 2605 2735 2682 est,

436 2726 594 2786 prae
643 2705 873 2768 ceteris
922 2706 1508 2769 commendaverim
1554 2712 1629 2768 ut
1674 2706 2023 2769 scribatur:

525 2812 636 2874 ne'c
679 2812 871 2875 wionis
915 2815 1219 2896 moriyera
1267 2814 1323 2875 εἰ
1367 2814 1578 2877 devota
1623 2816 1949 2894 quisquam
1995 2815 2111 2877 erit
2155 2812 2415 2896 [mulier
2458 2814 2644 2898 ve'rOJ.

621 2917 854 2983 Glossa
908 2942 1102 3003 quam
1158 2942 1233 2982 ex
1289 2919 1646 2982 Tarentilla
1702 2917 1813 3002 (fr.
1861 2919 2019 3003 XV)
2076 2918 2284 2984 Varro
2343 2922 2624 3004 sumpsit
2679 2922 2734 2984 si

424 3024 805 3105 pellucidum
850 3025 1003 3108 fuit,
1059 3025 1283 3089 eadem
1328 3025 1569 3108 legitur
1616 3025 1684 3088 in
1731 3024 1947 3087 Plauti
1995 3025 2194 3088 Persa
2240 3049 2295 3090 v.
2342 3028 2428 3090 96
2477 3031 2734 3109 ‘epicro-

438 3152 578 3194 cum
622 3132 1062 3213 pellueidnm’,
1120 3153 1283 3214 quae
1342 3131 1409 3194 in
1456 3127 1704 3194 Placidi
1762 3131 2085 3214 glossario
2142 3156 2201 3215 p.
2248 3134 2381 3196 460
2437 3135 2735 3198 videntur

441 3237 844 3301 restituenda
872 3260 1010 3302 esse
1040 3237 1159 3322 pro
1190 3238 1322 3301 his:
1364 3239 1669 3319 ‘epripica
1684 3239 2078 3318 praelucida'
2113 3239 2357 3302 infelici
2389 3238 2465 3302 Α.
2495 3239 2733 3302 Kochii

439 3344 811 3408 coniectura
828 3368 1053 3428 xnuper
1088 3368 1249 3409 mus
1280 3344 1482 3407 Rhen.
1512 3342 1731 3408 XXVI
1771 3345 1899 3407 553
1939 3345 2294 3426 temptatis.
2365 3344 2533 3425 quod
2575 3344 2730 3407 olim

439 3450 505 3514 in
554 3452 948 3516 comicorum
990 3454 1244 3536 sylloge
1284 3451 1501 3534 priore
1549 3473 1608 3533 p.
1644 3451 1773 3513 319
1824 3450 2223 3537 conieceranl
2271 3451 2554 3528 epiltrqm
2603 3472 2728 3512 11011

434 3557 772 3639 displicuit
818 3557 1133 3621 Kettnero
1180 3580 1398 3642 progr.
1444 3557 1836 3640 Dramburg.
1891 3556 2057 3619 1872
2105 3578 2165 3638 p.
2204 3556 2261 3617 6.

616 3663 911 3727 Eundem
933 3662 1313 3748 Varronem,
1347 3665 1457 3728 ubi
1487 3686 1520 3726 e
1545 3663 1836 3727 Technico
1867 3662 2132 3725 verbum
2158 3661 2215 3725 is
2247 3659 2546 3742 explicat,
2566 3659 2729 3723 Bue-

437 3769 734 3832 chelerus
782 3769 943 3832 haec
992 3770 1329 3852 scripsisse
1377 3774 1619 3833 censet:
1669 3747 2079 3849 (confictam,
2127 3791 2164 3830 a
2212 3768 2515 3848 confictO,
2561 3768 2731 3829 inue-

435 3878 602 3956 nire,
659 3876 966 3957 dictum’‚
1024 3876 1092 3940 in
1137 3876 1371 3959 quibus
1430 3875 1591 3939 mihi
1648 3875 1951 3958 displicet
2005 3873 2363 3937 infinitivus
2419 3872 2730 3968 interpre-

436 3981 619 4045 tandi
682 4005 877 4046 causa
939 3984 1134 4047 verbo
1196 3982 1381 4045 finito
1444 3982 1797 4065 adpositus).
1863 4004 2008 4044 mea
2068 3982 2334 4064 propius
2397 3979 2634 4042 absunt
2694 4001 2731 4040 a

433 4110 668 4152 norma
714 4089 891 4152 velut
937 4089 1115 4152 illius
1163 4089 1450 4172 glossae,
1505 4109 1668 4170 quae
1717 4111 1865 4152 mox
1915 4086 2230 4169 sequitur:
2280 4093 2591 4165 ‘sarrare‚
2649 4085 2730 4146 ab

432 4216 653 4258 serare
700 4194 965 4277 dictum,
1012 4195 1077 4259 id
1124 4198 1224 4273 est
1265 4194 1557 4277 aperire.'

622 4301 764 4364 100.
812 4300 1140 4365 Audacter
1186 4299 1745 4384 Umpfenbachius
1791 4299 2025 4363 Philol.
2064 4297 2314 4361 XXXII
2356 4296 2485 4360 366
2534 4295 2731 4359 scribi

547 4422 664 4462 Con.
692 4421 811 4462 Lar.
840 4422 952 4462 Ru..
2269 4402 2306 4454 b
2462 4443 2490 4482 p
