3400 5075
1413 347 1770 405 ADDENDA
2583 348 2731 406 cxv
2842 314 2847 317 ’

618 513 739 579 131
796 512 1125 597 arrigunt]
1176 513 1525 596 sidyoriunt
1577 512 1899 599 Bergkius
1955 536 2015 596 p.
2062 514 2218 599 290,
2276 516 2731 599 septenarium,
2800 554 2817 563 ι

428 624 504 685 ut
566 620 851 707 videtur,
921 619 1326 684 trochaicum
1391 618 1749 705 dimensus,
1814 620 1996 685 cuius
2060 621 2275 705 prima
2339 622 2603 706 dipodia
2665 624 2732 686 et

433 727 670 792 ultima
716 728 881 793 arsis
930 727 1114 792 desit.

614 835 739 900 142
785 835 1024 900 auxilio
1070 858 1217 900 cum
1244 833 1483 898 Vossio
1533 834 1731 899 scribi
1778 834 1960 899 iubet
2003 834 2080 900 A.
2108 833 2323 901 Luchs
2372 835 2537 901 stud.
2564 834 2599 900 I
2629 837 2730 920 71,

430 942 604 1028 quod
671 941 1031 1007 sententiae
1099 942 1353 1005 ratione
1421 944 1496 1005 ut
1553 941 1993 1007 commendari
2052 941 2306 1026 pridem
2366 943 2565 1028 sensi,
2634 944 2733 1007 ita

432 1050 606 1135 exigi
651 1071 836 1136 nego.

616 1156 740 1221 156
797 1178 890 1241 sq.
980 1155 1392 1240 Turpissima
1444 1155 1547 1220 vel
1604 1156 1674 1219 in
1727 1156 1939 1222 tirone
1992 1178 2409 1222 numerorum
2473 1157 2734 1222 inscitia

433 1261 803 1349 Madvigius
849 1261 1119 1328 Advers.
1163 1260 1230 1326 H
1276 1260 1405 1327 665
1451 1260 1613 1325 haec
1659 1263 1984 1346 procudit:

1371 1385 1562 1451 ducet
1605 1387 2093 1472 quadrupedum

752 1497 968 1579 iuyum
1012 1490 1289 1557 invitum
1335 1492 1595 1559 domdns
1637 1494 1822 1559 freno
1871 1495 1936 1558 et
1976 1495 2139 1576 fune'
2172 1494 2389 1563 valido
2399 1547 2418 1581 ,

754 1604 1027 1686 quorum
1071 1598 1327 1665 tenacia
1370 1600 1643 1684 infrinyi
1685 1599 1880 1665 minis
1927 1603 2169 1686 nequit.

437 1705 572 1772 Nec
619 1706 827 1792 magis
876 1708 1037 1772 satis
1083 1705 1334 1771 faciunt
1377 1707 1594 1771 verba.

619 1832 744 1895 192
781 1832 981 1914 e'equis
1008 1837 1212 1897 autem
1239 1833 1487 1897 malitia
1516 1833 1614 1897 te?
1660 1832 1981 1918 Bergkius
2009 1831 2242 1898 Philol.
2269 1830 2552 1897 XXXIII
2578 1832 2730 1898 290.

613 1939 740 2003 241
791 1935 1221 2004 Choriambos
1269 1938 1441 2003 idem
1486 1939 1528 2003 1.
1573 1938 1614 2002 l.
1661 1939 1790 2004 279
1848 1939 2132 2005 edolavit
2175 1941 2401 2007 hosce:

1604 2045 1860 2110 utinam
1902 2068 2023 2111 nec
2065 2068 2373 2131 umquam

700 2150 957 2237 Medea,
1003 2150 1264 2217 Colchis
1310 2151 1543 2236 cupido
1590 2153 1783 2217 corde
1829 2153 2059 2236 pedem
2105 2155 2447 2220 extulisses

438 2298 599 2360 quos
645 2275 1017 2360 Euripideis
1067 2276 1313 2341 scilicet
1360 2274 1448 2362 (v.
1494 2277 1626 2341 314
1673 2274 1797 2363 sq.)
1847 2278 2091 2342 similes
2137 2274 2387 2342 haberi
2412 2277 2570 2342 vult.

617 2384 746 2449 256
792 2381 946 2448 Non
991 2382 1161 2448 male
1207 2382 1379 2448 idem
1425 2383 1463 2447 l.
1510 2383 1552 2448 l.
1599 2385 1757 2449 220·

574 2490 814 2556 stultus
863 2491 989 2574 est,
1035 2489 1147 2574 qui
1190 2510 1297 2554 nec
1341 2491 1642 2575 cupienda
1687 2490 1951 2575 cupiens
1999 2490 2330 2575 cupienter
2375 2490 2572 2576 cupit.

439 2595 604 2661 Cum
668 2620 726 2660 v.
792 2597 923 2662 265
988 2597 1408 2662 conferendus
1472 2596 1857 2662 Mercatoris
1921 2596 2259 2662 Plautinae
2323 2620 2382 2663 v.
2445 2600 2570 2664 176
2627 2597 2732 2662 ‘tu

439 2702 697 2788 quidem
742 2725 818 2768 ea:
861 2725 964 2769 ore
1008 2706 1344 2769 orationem
1389 2705 1481 2780 mi
1527 2704 1766 2788 eripis?
1834 2735 1891 2760 2·-

614 2829 747 2893 280
792 2829 992 2893 adstet
1035 2832 1101 2893 et
1146 2829 1216 2892 in
1262 2829 1437 2893 exitu
1481 2828 1649 2894 mehe
1692 2828 2011 2913 Bergkius
2057 2837 2120 2911 p'.
2166 2827 2407 2906 2905?ss

615 2936 746 3000 282
793 2936 973 3001 deum
1025 2956 1121 3000 me
1164 2936 1384 3000 retinet
1424 2935 1772 3018 proposuit
1815 2932 2146 2998 Baehrens
2193 2935 2234 2999 1.
2258 2935 2320 2999 ..l
2306 2984 2340 3020 .,
2385 2935 2556 3019 quod
2599 2957 2733 2999 non

437 3040 630 3126 longe
678 3040 865 3106 abest
909 3042 991 3105 ab
1040 3063 1116 3105 eo
1164 3040 1335 3125 quod
1380 3041 1449 3104 in
1477 3040 1717 3106 Coroll.
1755 3063 1816 3124 p.
1843 3039 2094 3107 XXXII
2140 3040 2430 3107 concessi
2462 3041 2732 3107 tolerari

438 3169 658 3232 posse,
703 3147 1000 3232 quamvis
1047 3170 1274 3211 verum
1320 3169 1460 3211 esse
1507 3147 1799 3211 diffidam
1844 3149 2022 3213 deum
2066 3169 2162 3213 me
2204 3153 2365 3213 vetat
2406 3149 2491 3213 id.

617 3273 745 3338 287
794 3274 931 3338 cedo
975 3278 1033 3337 et
1073 3273 1218 3338 abeo
1252 3271 1363 3337 hoc
1388 3292 1527 3337 cum
1551 3273 1771 3337 vestitu
1796 3270 2164 3357 Madvigius
2192 3272 2461 3336 AdverS.
2488 3269 2555 3335 II
2583 3272 2732 3336 668.

424 3451 428 3456 ,
615 3379 747 3444 295
795 3376 1028 3462 Spreta
1083 3379 1261 3444 omni
1313 3378 1718 3462 pronominis
1771 3379 1902 3461 ipse
1946 3379 2305 3443 mutatione
2353 3398 2431 3441 ex
2476 3377 2731 3441 creticis

437 3491 504 3550 et
545 3485 872 3550 trochaeis
928 3509 1185 3552 versum
1232 3484 1664 3569 compositum
1713 3506 1853 3549 esse
1899 3487 2091 3568 putat
2134 3483 2453 3568 Bergkius
2499 3481 2732 3547 Philol.

434 3591 719 3658 XXXIII
763 3593 913 3658 274.

617 3701 743 3765 297
781 3699 1011 3784 parat]
1057 3703 1236 3764 curat
1287 3721 1326 3762 a
1372 3625 1814 3764 Studemundo
1861 3696 2382 3764 commendatum
2426 3694 2730 3780 probabi-

436 3807 563 3871 lius
610 3828 803 3890 quam
850 3805 1022 3890 quod
1068 3804 1342 3869 coniecit
1387 3804 1465 3870 A.
1510 3804 1729 3870 Luchs
1776 3804 1941 3870 stud.
1988 3803 2017 3868 Ι
2068 3805 2152 3869 70
2195 3807 2413 3871 vorsat-

616 3913 742 3977 301
797 3913 1115 3994 fraoebunt
1167 3910 1489 3996 Bergkius
1544 3935 1607 3996 p.
1652 3913 1813 3998 291,
1868 3910 2042 3997 quod
2097 3909 2311 3994 ipsum
2366 3909 2618 3996 pridem
2660 3909 2730 3974 in

439 4019 782 4085 corollario
827 4043 889 4105 p.
935 4017 1176 4083 LXXV
1222 4040 1709 4104 proposueram.

617 4145 746 4210 348
794 4141 1031 4227 Spreta
1075 4143 1437 4228 praeclara,
1490 4166 1684 4227 quam
1730 4143 1800 4207 in
1842 4145 2094 4207 textum
2140 4140 2379 4224 recepi,
2434 4139 2728 4205 emenda-

439 4252 616 4316 tione
661 4250 994 4315 Baehrens
1039 4249 1081 4316 1.
1126 4250 1168 4315 l.
1216 4249 1563 4316 admodum
1616 4249 1962 4314 infeliciter
2006 4268 2150 4312 acro
2197 4246 2392 4311 locavi
2435 4246 2730 4312 coniecit.

439 4355 604 4422 Item
650 4358 845 4422 locavi
870 4355 1192 4442 Bergkius
1239 4381 1301 4441 p.
1330 4358 1456 4422 291
1507 4354 1893 4420 servandum
1938 4376 2079 4419 esse
2106 4354 2286 4418 inani
2315 4355 2729 4420 contentione

2329 4458 2414 4515 h·
2461 4469 2474 4478 “
