3400 5075
1389 322 1745 378 ADDENDA
2539 325 2713 381 CXXI

604 486 730 551 146
751 507 1047 569 operaque
1073 506 1359 571 omenque
1385 488 1650 570 adprobo
1669 486 1991 573 Bergkius
2011 488 2244 552 Philol.
2261 487 2545 553 XXXIII
2564 489 2714 555 295.

595 593 834 658 Versui
898 595 1024 659 152
1090 594 1312 659 addita
1371 618 1523 659 crux
1583 598 1803 659 manet
1863 596 2059 660 etiam
2121 598 2273 680 post
2332 594 2714 660 Baehrensii

317 684 320 691 “
419 703 881 785 coniecturam,
927 724 1053 785 qua
1099 702 1209 766 ine
1255 702 1526 766 1.1.622
1573 701 1769 782 ‘stema
1814 703 1919 768 me
1962 724 2129 768 caeco
2173 724 2236 769 se
2263 701 2711 767 contenderet’

416 808 785 893 proposuit,
842 807 911 872 in
965 810 1199 892 quibus
1243 809 1479 873 flexum
1525 832 1786 873 caecum
1834 811 2140 874 obscuras
2187 809 2533 874 verborum
2581 832 2711 875 am-

417 916 618 1001 bages
667 915 1033 1001 significare
1080 938 1271 1000 posse
1320 916 1554 980 adlatis
1602 916 1913 1001 exemplis
1959 939 2091 982 non
2136 918 2456 1001 probavit.

602 1023 726 1087 153
776 1044 869 1109 sq.
961 1021 1085 1098 Qui
1132 1023 1469 1088 Luciliana
1514 1028 1666 1107 post
1711 1022 2201 1088 Lachmannum
2249 1022 2361 1110 (ad
2405 1023 2590 1089 Lucr.
2616 1022 2711 1088 IV

422 1127 578 1215 624)
639 1151 771 1193 non
817 1129 1211 1213 emendavit,
1274 1130 1385 1194 sed
1432 1131 1799 1214 inquinavit
1847 1132 2044 1194 etiam
2090 1129 2524 1195 Pacuvianam
2573 1152 2713 1194 sen-

419 1238 691 1301 tentiam
737 1236 1187 1321 planissimam
1233 1260 1402 1301 novo
1451 1260 1526 1301 ex
1573 1240 1758 1322 parte
1797 1240 2161 1301 commento
2190 1238 2539 1321 temptavit
2565 1237 2715 1303 hoc:

418 1344 485 1407 άι
537 1346 595 1408 si
649 1349 825 1407 tanta
876 1350 1025 1408 sunt
1069 1345 1413 1426 promerita
1456 1350 1688 1421 vestrm
1745 1343 1815 1407 in
1862 1343 2153 1426 sequenti
2202 1367 2277 1426 v.,
2323 1342 2435 1407 ubi
2482 1342 2713 1408 saltem

413 1472 662 1532 peream
710 1473 898 1514 suum
943 1452 1352 1534 retractavit,
1398 1451 1667 1515 retinuit
1712 1453 1931 1515 tamen
1961 1449 2310 1514 absurdum
2340 1450 2514 1514 istud
2543 1449 2715 1535 quod

420 1557 667 1621 invenit
710 1559 811 1622 sin
847 1578 1159 1639 umquam.

602 1665 729 1728 172
775 1662 1073 1728 Iambum
1121 1664 1189 1727 in
1233 1665 1636 1748 paenultimo
1685 1663 1846 1748 pede
1894 1663 2190 1746 exempla
2215 1664 2506 1747 tuentur,
2553 1685 2715 1747 quae

421 1769 686 1856 collegit
730 1769 945 1836 Luchs
993 1771 1060 1834 in
1106 1775 1382 1855 quaestt.
1429 1774 1614 1836 metr.
1658 1795 1722 1856 p.
1765 1771 1863 1835 14.
1957 1769 2188 1835 Graios
2235 1770 2538 1834 tetinerim
2585 1769 2716 1834 iam

419 1875 745 1942 Mereerus
792 1878 1172 1943 coniecerat.

603 1972 966 2049 197—‘201
1020 1983 1436 2070 Septenarios
1483 1984 1853 2049 horridulos
1900 1983 2221 2070 Bergkius
2276 1985 2345 2048 in
2389 1983 2715 2070 philologi

420 2088 637 2153 XXXI
682 2092 814 2155 240
862 2114 953 2175 sq.
1000 2092 1340 2157 constituit
1385 2093 1605 2156 hosce:

525 2212 554 2223 ²
600 2198 834 2281 mater,
880 2202 945 2263 te
993 2200 1279 2283 appello,
1326 2221 1488 2282 quae
1537 2220 1588 2263 c.
1635 2220 1684 2261 s,
1733 2219 2046 2280 suspenso
2093 2198 2299 2280 levaS,

602 2305 805 2387 neque
851 2310 915 2369 te
952 2306 1078 2369 mei
1106 2306 1394 2370 miseret:
1440 2304 1604 2384 hene,
1648 2306 1887 2388 surriye
1913 2308 1979 2368 et
2007 2303 2207 2387 sepeli
2235 2307 2488 2388 natum,
2534 2305 2714 2387 prius

603 2412 797 2494 quam
843 2411 1017 2476 ferae
1066 2413 1482 2494 volucresque
1528 2459 1543 2474 .
1590 2461 1603 2474 .
1650 2403 1666 2476 ς
1711 2457 1732 2478 .

598 2520 724 2581 neu
772 2518 1074 2603 reliquias
1125 2520 1218 2585 sie
1263 2541 1440 2584 meas
1489 2517 1677 2584 sireis
1725 2517 1783 2583 d.
1831 2540 1888 2583 ο.

599 2625 716 2707 pe'r
758 2623 1016 2690 humum
1064 2649 1110 2690 s,
1159 2628 1217 2691 d.
1262 2627 1304 2691 f.
1352 2627 1410 2691 d.

601 2731 729 2795 218
779 2729 1014 2816 Spreta
1058 2731 1438 2797 Buecheleri
1496 2730 1943 2796 emendatione
1988 2731 2232 2796 bonum
2279 2733 2717 2818 septenarium

423 2834 744 2922 Bergkius
790 2836 1025 2904 Philol.
1070 2838 1352 2903 XXXIII
1399 2840 1529 2903 260
1576 2838 1878 2903 dissolvit
1923 2837 2045 2902 sie:
2574 2827 2579 2832 ’

1377 2945 1620 3010 accessi
1665 2944 1805 3009 here
1840 2943 1919 3027 (s.
1954 2944 2112 3030 heri)

850 3050 1057 3116 Aeam
1103 3055 1169 3118 et
1214 3052 1550 3118 tonsillam
1596 3074 1658 3135 p.
1702 3051 1746 3115 l.
1792 3051 1859 3114 in
1903 3052 1946 3116 l.

602 3157 733 3222 244
752 3159 890 3222 cedo
910 3164 1084 3223 tuum
1092 3162 1309 3241 pedem
1330 3160 1583 3241 liumpis
1603 3157 2013 3222 commendat
2025 3155 2348 3244 Berglnus
2366 3157 2461 3222 11.
2477 3157 2607 3223 305
2623 3157 2716 3223 eis

403 3262 635 3348 credo,
675 3263 807 3348 qui
839 3263 1048 3330 Obsce
1087 3269 1153 3330 et
1179 3265 1417 3330 Volsce
1446 3264 1840 3348 fabulantur,
1887 3287 2082 3348 quom
2110 3262 2342 3330 Latine
2370 3262 2719 3329 nesciunt'.

604 3370 732 3433 256
780 3392 916 3453 sqq.
989 3369 1403 3455 Anapaestos
1462 3393 1625 3455 quos
1681 3370 1942 3436 deamat
1995 3370 2238 3435 liberos
2283 3370 2406 3434 hos
2463 3369 2717 3434 effinxit

426 3473 747 3560 Bergkius
793 3475 835 3539 l.
882 3476 924 3539 l.
972 3478 1135 3542 287:

555 3574 564 3582 ”
1073 3583 1537 3668 pedetemptim
1581 3584 1673 3649 ite
1720 3587 1786 3648 et
1832 3584 2056 3648 sedato

1072 3690 1247 3776 nisu,
1291 3713 1374 3755 ne
1421 3712 1728 3756 succussu
1773 3689 2047 3774 arripiat

1073 3797 1284 3861 maior
1327 3796 1530 3861 dolor.

427 3902 663 3987 quibus
712 3902 937 3967 statim
985 3901 1290 3988 subiungi
1336 3903 1479 3968 vult
1523 3925 1581 3968 v.
1627 3903 1757 3968 259
1807 3926 1944 3988 sqq.
1992 3902 2084 3969 sie
2131 3901 2504 3969 distributa:

1169 4009 1301 4075 heu.
1342 4007 1480 4075 CH.
1523 4012 1597 4073 tu
1644 4031 1895 4127 quoque
1938 4008 2190 4095 Ulixes,

853 4138 1243 4235 quamquam
1291 4116 1578 4202 graviter
1623 4114 1945 4181 cernimus
1992 4117 2220 4202 ictum,

852 4221 1048 4286 nimis
1095 4245 1298 4306 paene
1348 4222 1565 4288 animo
1614 4245 1681 4286 es
1730 4223 1938 4307 molli,
1985 4223 2095 4307 qui
2138 4224 2226 4288 sis

855 4332 1199 4396 consuetus
1246 4329 1315 4394 in
1361 4328 1560 4394 armis
1607 4350 1782 4413 affere
1825 4349 2057 4395 aevum.
