3400 5075
615 295 726 356 136
1616 295 1939 346 'I'I'l'lNIVS

1634 450 1725 514 lv
1776 451 1874 535 (7)

653 570 738 630 20
793 568 1048 630 Interea,
1096 567 1338 630 foetida
1386 567 1599 630 Anima
1650 590 1878 631 nasum
1929 558 2262 652 oppugnat
2261 612 2514 632 .....

1635 682 1694 746 V
1744 680 1890 768 (12)

788 796 1073 881 Aspeeta
1121 800 1394 862 formam
1443 802 1635 881 atque
1685 801 1758 862 es
1806 800 2242 883 contemplate
2291 822 2525 864 meum.

1614 913 1708 977 VI
1759 912 1902 999 (10)

785 1028 894 1093 Da
942 1032 1205 1113 pensam
1253 1030 1500 1093 lanam:
1549 1027 1665 1114 qui
1709 1050 1841 1092 non
1889 1030 2111 1093 reddet
2157 1031 2429 1115 temperi

794 1144 1099 1207 Putetam
1146 1148 1345 1229 recte,
1391 1145 1590 1209 feeito
1637 1148 1712 1208 ut
1757 1145 2068 1208 multetur
2115 1146 2302 1210 malo.

1598 1258 1727 1322 VII
1778 1257 1923 1343 (11)

1887 1396 2053 1458 quae
2101 1376 2271 1441 intre
2318 1377 2535 1442 decem

661 1492 746 1555 25
793 1489 1024 1554 Aunes
1070 1490 1350 1573 nequisti
1398 1491 1691 1575 tegulam
1739 1513 1938 1555 unam
1985 1490 2293 1555 detexere.

1578 1605 1744 1670 vm
1792 1604 1939 1693 (13)
2362 1584 2366 1588 ’

786 1719 873 1785 Ni
920 1721 1043 1785 nes
1090 1724 1409 1806 texamu8‚
1455 1719 1554 1785 ω’]
1603 1721 1750 1806 siet,
1796 1722 2104 1807 fullene8‚
2149 1723 2335 1788 uobis
2375 1725 2643 1808 quaesti.

748 1900 823 1949 lv
860 1898 1070 1948 Nonius
1105 1901 1231 1960 233,
1266 1901 1297 1947 4
1347 1901 1601 1948 ‘anima
1648 1914 1860 1947 rursum
1910 1898 2080 1949 alitus
2127 1901 2236 1949 oris
2285 1906 2342 1949 et
2388 1900 2521 1950 odor
2557 1938 2569 1950 .
2596 1943 2608 1955 .
2636 1940 2647 1952 .
2673 1901 2913 1953 Titinius

610 1966 1049 2017 Fullonibus:
1090 1967 1329 2017 interea'
1371 1983 1416 2020 e.
1458 1983 1509 2032 q.
1548 1982 1590 2016 s.
1633 1967 1940 2023 (titinius
1978 1982 2079 2016 om.
2111 1968 2270 2017 Bern.
2311 1985 2343 2016 a
2371 1969 2402 2017 b
2441 1967 2593 2033 Tur.)
2734 1970 2779 2018 V
2806 1972 2911 2020 No-

610 2036 733 2084 nius
769 2036 958 2094 470‚1
1012 2035 1433 2099 ‘contempla
1472 2074 1482 2085 .
1511 2071 1522 2083 .
1555 2072 1567 2088 ,
1601 2035 1849 2084 Titinius
1898 2034 2327 2085 Fullonibus:
2377 2041 2641 2101 aspecta’
2689 2053 2736 2085 e.
2776 2054 2808 2102 q
2867 2053 2910 2089 s.

610 2101 889 2163 (fulloni
926 2102 1082 2151 Leid.
1108 2100 1327 2166 Bamb.)
1467 2103 1542 2153 VI
1580 2102 1791 2151 Nonius
1816 2104 1934 2163 369,
1963 2104 2029 2152 20
2054 2107 2346 2167 ‘putat-e,
2387 2111 2597 2168 aptare.
2672 2105 2912 2155 Titinius

609 2168 1047 2220 Fullonibus:
1096 2169 1189 2218 da'
1239 2187 1285 2219 e.
1324 2186 1373 2234 q.
1413 2186 1455 2220 s.
1663 2169 1770 2219 v11
1808 2170 2019 2220 Nonius
2054 2172 2183 2232 406,
2223 2173 2285 2222 17
2325 2176 2517 2233 ‘toga
2567 2172 2722 2221 dicta
2760 2177 2844 2223 est
2880 2190 2914 2221 a

609 2237 878 2303 tegendo,
917 2241 973 2287 et
1012 2242 1097 2287 est
1132 2242 1293 2302 toga,
1332 2241 1478 2287 sieut
1515 2239 1570 2286 in
1611 2236 2014 2288 consuetudine
2052 2237 2315 2300 habetur,
2351 2240 2770 2299 uestimentum,
2808 2256 2913 2303 quo

615 2308 671 2355 in
711 2306 830 2355 foro
868 2305 1158 2355 amicimur
1182 2345 1195 2359 .
1223 2342 1235 2354 .
1267 2340 1279 2354 .
1310 2305 1553 2355 Titinius
1593 2305 2027 2354 Fullonibus:
2066 2308 2232 2369 quae'
2273 2322 2319 2355 c.
2346 2323 2395 2370 q.
2422 2322 2464 2358 Β.
2538 2308 2804 2358 Fortasse
2843 2308 2913 2357 de

610 2374 890 2438 Penelopa
938 2389 1115 2423 sermo
1168 2378 1253 2422 est
1459 2373 1590 2423 vm
1631 2373 1841 2422 Nonius
1877 2374 2004 2434 483,
2048 2375 2106 2422 17
2154 2375 2448 2437 ‘quaesti
2497 2374 2585 2424 uel
2624 2376 2912 2440 quaestuis

614 2442 819 2491 dietum
858 2456 954 2506 pro
994 2447 1282 2505 quaestus:
1322 2441 1569 2490 Titinius
1604 2439 2044 2489 Fullonibus:
2083 2439 2160 2488 ni'
2198 2456 2245 2493 e.
2285 2456 2336 2505 q.
2373 2456 2416 2491 s.

612 2604 727 2678 Ego
776 2603 828 2659 te
876 2604 1167 2659 formosam
1202 2602 1505 2676 uirginem,
1551 2617 1756 2674 sponso
1802 2599 2120 2674 superbam,
2167 2601 2339 2657 forma
2384 2601 2636 2659 Ferecem
2671 2605 2918 2662 Bothius

614 2689 849 2744 uideram
896 2704 1001 2761 ego
1049 2695 1103 2742 te
1150 2685 1414 2760 uirginem
1461 2684 1753 2741 formesam
1801 2683 1929 2739 Esse
1973 2684 2177 2759 spenso
2222 2685 2527 2760 superbam,
2577 2704 2700 2744 esse
2749 2689 2913 2745 ferma

619 2770 855 2829 fereeem
910 2772 1215 2828 UseneruS.
1308 2771 1609 2843 Temptaui
1648 2774 1773 2841 ipse
1814 2777 2129 2841 praeterea
2197 2761 2254 2827 ἐπ’
2312 2775 2497 2828 attero
2564 2788 2739 2829 uersu
2796 2774 2915 2830 esse

617 2858 935 2927 formosem‚
987 2856 1223 2912 ferocem
1271 2853 1472 2927 ferma,
1533 2855 1660 2910 mihi
1706 2851 1911 2928 sponse
1957 2853 2240 2928 superbam
2289 2858 2380 2913 uel
2440 2854 2726 2913 ferinosam
2774 2876 2917 2931 esse,

614 2941 708 2998 sed
757 2941 995 2997 ferocem
1042 2938 1210 2995 ferma
1271 2956 1391 2994 esse
1446 2948 1501 2995 et
1556 2937 1761 3013 sponse
1807 2938 2094 3012 superbam
2143 2941 2235 2996 uel
2294 2942 2581 2998 bacclaeeos
2626 2941 2916 2999 formesam

615 3044 769 3096 esse,
828 3024 1033 3099 spenso
1089 3022 1407 3096 superbam,
1467 3022 1700 3080 ferecem
1761 3023 1981 3084 Formtn
2048 3025 2152 3080 sed
2201 3043 2314 3082 non
2382 3028 2720 3097 separanda
2791 3044 2917 3084 esse

619 3113 941 3181 formosam,
1000 3109 1172 3165 forma
1231 3108 1467 3163 ferocem
1526 3113 1727 3166 sentio.
1914 3108 2359 3164 formosissimam
2407 3127 2526 3166 esse
2585 3113 2708 3166 edd.
2760 3120 2919 3180 ueta,

618 3198 767 3252 unde
799 3211 918 3251 esse
952 3193 1395 3250 formosissimam
1424 3210 1599 3264 prop.
1635 3193 1914 3249 Munlcius
2087 3192 2168 3251 20
2213 3192 2494 3267 obpugnat
2543 3194 2778 3267 Geumi„
2812 3215 2918 3254 om.

617 3282 764 3352 (eum
821 3276 1211 3353 sequentibus)
1268 3278 1451 3332 Bern.
1513 3279 1545 3333 b
1719 3277 1792 3332 21
1844 3278 2209 3351 contemplato
2265 3279 2425 3335 haud
2478 3282 2617 3335 notit
2676 3282 2921 3337 Bothius

617 3364 924 3438 contemplo
987 3364 1060 3422 W
1099 3361 1404 3435 contempla
1450 3365 1632 3418 ceteri
1800 3362 2024 3417 formam
2073 3379 2237 3418 meam
2297 3371 2460 3437 atque
2506 3381 2568 3418 os
2613 3365 2920 3437 contempla

616 3449 731 3521 (uel
788 3449 1011 3503 formam
1061 3448 1196 3502 hanc
1240 3464 1286 3500 a.
1336 3463 1386 3501 0.
1437 3464 1483 3502 c.
1535 3449 1627 3503 uel
1684 3445 1907 3502 formam
1963 3455 2125 3520 atque
2188 3464 2248 3500 os
2306 3447 2693 3520 contemplato)
2740 3466 2918 3505 meum

619 3535 997 3590 Hermannus
1049 3549 1248 3604 opusc.
1315 3531 1360 3586 V
1401 3530 1522 3588 268
1696 3530 1775 3586 22
1823 3530 1945 3586 date
1999 3531 2229 3602 Lipsius
2272 3532 2396 3587 Ant.
2442 3534 2574 3588 lect.
2639 3534 2684 3588 V
2729 3533 2804 3589 13

620 3634 758 3692 quae
808 3618 1095 3691 Berqlcius
1139 3618 1358 3672 annali.
1397 3618 1626 3688 pbiloll.
1680 3616 1844 3674 1870
1879 3633 1941 3687 p.
1991 3613 2145 3685 834,
2201 3623 2444 3687 praeter
2497 3621 2918 3689 necessitatem,

621 3706 793 3776 quasi
833 3703 1218 3757 carminatores
1265 3719 1570 3773 numquam
1609 3700 1884 3772 fuissent.
2053 3701 2276 3774 temperi
2323 3704 2495 3757 unice
2549 3718 2747 3757 ueram
2796 3719 2922 3760 esse

616 3787 866 3859 formam
924 3788 1338 3842 demonstrauit
1386 3786 1739 3842 Rae‘tschelius
1793 3788 1849 3841 in
1898 3783 2167 3841 Suetonio
2227 3786 2789 3857 Reifferscheidiano
2847 3791 2927 3844 ad

622 3874 798 3927 uitam
850 3871 1102 3927 Terentii
1124 3887 1184 3941 p.
1221 3870 1341 3928 509
1390 3871 1617 3942 tempori
1661 3869 1797 3925 libri
1968 3867 2045 3924 23
2093 3868 2253 3924 facito
2294 3870 2535 3925 Bothius
2582 3870 2743 3927 facite
2787 3874 2924 3929 libri

793 3955 872 4011 24
904 3956 1045 4011 inter
1073 3956 1209 4010 libri
1339 3951 1415 4009 25
1453 3954 1693 4026 togulam
1730 3969 1885 4009 unam
1919 3957 2132 4024 scripsi
2153 3970 2309 4009 unam
2342 3961 2524 4028 togam
2553 3956 2691 4012 libri
2709 3974 2921 4028 parum

620 4056 927 4097 numerose
1058 4055 1193 4111 quae
1251 4039 1389 4094 intre
1447 4037 1631 4093 decern
1688 4054 1858 4094 annos
1916 4038 2149 4093 nesciisti
2209 4039 2365 4094 unaim
2425 4047 2606 4112 togam
2669 4039 2923 4097 detexere

624 4125 1027 4181 Buechelerus
1157 4122 1236 4180 26
1271 4123 1341 4177 nii
1388 4124 1491 4177 siet
1526 4123 1924 4179 Buecheler-us
1970 4122 2098 4177 nihil
2132 4130 2216 4177 est
2256 4125 2391 4178 libri
2417 4122 2552 4178 nihil
2583 4125 2724 4180 enim
2773 4123 2922 4199 (olim

626 4208 731 4280 bie)
789 4217 872 4264 est
930 4210 1275 4280 temptabam
1330 4215 1413 4262 est
1468 4206 1599 4262 nibil
1662 4208 1903 4264 Botlzius
2084 4217 2280 4279 questu
2325 4208 2525 4263 Bamb.
2712 4209 2767 4265 ni
2822 4228 2923 4266 nos

626 4293 898 4365 texamuS,
946 4293 1110 4365 nihii,
1158 4290 1427 4364 fullenes,
1476 4289 1629 4345 uobis
1676 4291 1885 4365 quaesti
1931 4299 2014 4346 est
2059 4292 2433 4348 Hermannus
2474 4294 2513 4348 l.
2560 4294 2600 4347 l.
2651 4292 2772 4351 268
