3400 5075
1268 316 1658 368 CAECILIVS
1698 316 2000 367 STATIVS
2705 314 2780 375 81

496 476 809 559 Lucilii,
867 497 1055 558 quae
1104 474 1500 538 inducitur
1557 495 1689 556 per
1736 473 2066 536 astutias
2125 473 2469 555 accipere
2518 491 2787 553 argen-

495 597 655 656 tum
702 614 739 655 a
788 588 1094 655 Simone
1142 589 1449 653 domino
1498 611 1630 653 suo
1678 588 2055 676 in0dotem
2102 588 2361 650 filiae?

1364 756 1713 821 XXXVIII
1762 755 1907 842 (22)

678 874 935 959 gnoscit

1394 985 1678 1049 XXXIX
1729 983 1873 1070 (19)

675 1101 1039 1167 facilioreis.
1131 1102 1525 1165 sanctioreiS.

1574 1241 1715 1328 [XL

1244 1358 1395 1441 quid
1442 1340 1727 1422 hominis
1775 1359 2121 1424 uxoremne
2169 1357 2438 1445 habes?]

1573 1507 1722 1572 XLI

499 1625 630 1688 290
1803 1624 1906 1688 fac
1956 1625 2141 1689 uelis:

680 1735 1007 1802 perficies,

1555 1824 1740 1890 XLII

677 1941 907 2005 Festus
955 1962 1014 2022 p.
1046 1940 1173 2004 229
1205 1938 1290 2003 Μ.
1339 1941 1696 2025 ‘profesti
1746 1943 1879 2006 dies
1928 1939 2135 2027 di[cti‚
2183 1944 2353 2027 quod
2392 1945 2524 2009 sint
2568 1946 2792 2029 procul

500 2080 539 2121 a
585 2057 897 2141 religione
943 2052 1251 2141 numinis]
1302 2055 1523 2119 diuini.
1615 2055 2003 2140 Caecilius
2034 2109 2447 2123 ..........
2477 2060 2577 2123 sti
2624 2064 2792 2123 tan-

499 2172 809 2236 tundem
858 2220 1229 2234 .........
1279 2167 1637 2257 [Afranius]
1696 2172 1767 2235 in
1812 2172 2141 2257 Priuigno'
2188 2195 2239 2236 e.
2287 2196 2345 2257 q.
2393 2196 2441 2237 s,
2497 2172 2792 2259 (Caeci-

501 2289 651 2352 lius
689 2337 703 2350 .
734 2336 791 2351 ..
830 2287 933 2350 uel
981 2282 1299 2348 Caecilii
1339 2335 1352 2349 .
1383 2335 1396 2349 .
1428 2336 1441 2348 .
1479 2289 1758 2350 testatur
1802 2286 1885 2351 H.
1931 2287 2179 2351 Keilius
2235 2310 2396 2352 mus.
2443 2289 2650 2353 Rhen.
2698 2289 2794 2355 VI

507 2402 665 2489 622)
2107 2409 2117 2417 ‘

503 2599 798 2648 talentum:
846 2597 955 2647 fuit
1000 2597 1144 2645 enim
1198 2597 1339 2646 haec
1386 2595 1577 2646 eadem
1624 2597 1979 2648 meretricula
2032 2613 2231 2662 rapax,
2287 2604 2351 2650 ut
2393 2600 2593 2665 Thais,
2651 2617 2794 2665 quae

501 2666 710 2716 lucrum
745 2665 931 2715 facit)
988 2663 1285 2713 Caecilii
1310 2679 1507 2715 nomen
1533 2664 1909 2716 oblitteratum
1938 2666 2334 2716 restituendum
2359 2683 2480 2719 esse
2507 2675 2656 2719 recte
2684 2686 2794 2720 mo·

502 2733 623 2783 nuit
646 2731 914 2783 Orellius:
954 2746 1079 2781 nam
1104 2747 1243 2796 quae
1270 2731 1337 2781 de
1364 2732 1771 2794 Nummularia‚
1797 2733 1844 2781 si
1867 2732 1950 2781 dis
1975 2733 2178 2797 placet,
2217 2734 2419 2784 Lucilii
2443 2737 2487 2787 1.
2516 2737 2796 2787 Beckerns

503 2815 637 2855 mus.
662 2800 838 2850 Rhen.
866 2801 914 2850 V
939 2800 1005 2849 36
1029 2814 1146 2863 sqq.
1186 2799 1416 2862 cecinit,
1454 2804 1643 2849 nostra
1679 2799 1896 2864 quidem
1935 2801 2193 2866 opinione
2231 2818 2382 2852 mera
2414 2808 2540 2852 sunt
2576 2803 2796 2868 glauco-

501 2873 667 2920 mata.
806 2865 1094 2917 XXXVIII
1134 2867 1421 2916 Diomedes
1446 2868 1464 2916 l
1493 2884 1544 2931 p.
1571 2870 1671 2918 378
1696 2869 1756 2916 Ρ.
1795 2870 2090 2932 ‘gnoscit
2120 2869 2200 2917 ait
2225 2869 2547 2921 Caecilius)
2586 2871 2794 2936 (igno-

505 2936 637 2985 scit
672 2932 915 2998 Monac.)
1061 2932 1296 2984 XXXIX
1342 2933 1623 2984 Charisius
1670 2936 1695 2985 1
1742 2950 1792 2998 p.
1842 2937 1938 2984 104
1982 2937 2044 2990 Ρ.
2090 2936 2179 2999 (74
2223 2936 2312 3001 L.)
2368 2938 2796 2989 ‘facilioreis

504 3002 814 3061 Caecilius,
851 3002 1032 3066 inquit
1054 3001 1295 3063 Plinius,
1335 3001 1480 3050 idem
1508 3006 1567 3052 et
1602 3003 2024 3053 sanctioreis
2061 3005 2182 3053 ait.’
2319 3004 2417 3055 XL
2456 3004 2795 3056 Glossarium

503 3070 899 3120 Terentianum
935 3069 991 3118 111
1030 3069 1240 3120 advers.
1268 3069 1330 3119 C.
1359 3069 1576 3118 Barthii
1601 3071 1684 3131 38,
1716 3072 1777 3118 14
1822 3071 2054 3134 ‘aliquid
2091 3073 2318 3121 monstri
2354 3073 2475 3137 plus
2512 3079 2599 3123 est
2635 3090 2796 3138 quam

504 3137 729 3201 aliquod
765 3141 1065 3188 monstrum
1101 3162 1167 3172 —-
1202 3141 1264 3186 ut
1288 3136 1595 3186 Caecilius:
1634 3136 1785 3200 quid’
1826 3153 1874 3187 e.
1903 3152 1953 3201 q.
1978 3154 2023 3188 s.
2094 3140 2216 3189 Nisi
2243 3141 2386 3190 forte
2427 3156 2520 3205 per
2549 3142 2794 3190 fraudem

503 3204 794 3256 confictum
843 3204 1146 3269 exemplum
1194 3209 1306 3254 est:
1355 3205 1426 3256 cf.
1473 3202 1723 3254 Donatus
1771 3204 1839 3254 ad
1885 3205 2008 3256 Ter.
2059 3207 2179 3260 hec.
2226 3207 2304 3257 IV
2346 3209 2407 3266 4,
2454 3210 2519 3257 22
2669 3207 2798 3258 XLI

504 3272 677 3323 Iulius
702 3271 1025 3322 Rufinianus
1054 3274 1115 3322 19
1142 3288 1193 3337 p.
1220 3273 1288 3322 43
1312 3271 1381 3321 Η.
1420 3270 1494 3336 (p.
1532 3274 1629 3321 211
1668 3271 1758 3336 R.)
1796 3262 2211 3340 *ἄποφαὶνημα,
2250 3276 2530 3325 sententia
2574 3291 2797 3341 respon-

504 3342 654 3403 siua,
691 3344 754 3389 ut
789 3337 934 3405 apud
970 3338 1301 3389 Caecilium:
1340 3338 1431 3389 l'ac
1466 3353 1521 3388 11.
1548 3343 1627 3402 p.’
1668 3339 2069 3399 (Caecilium
2095 3341 2453 3391 Ruhnkenius
2492 3342 2795 3393 Caelium

506 3407 590 3460 ed.
631 3405 826 3472 princ.)
967 3407 1167 3456 Aliena
1202 3412 1329 3455 sunt
1367 3422 1400 3454 a
1436 3405 1686 3456 Caecilio
1765 3422 1869 3457 uae
1909 3408 2133 3457 exhibet
2173 3408 2463 3458 thesaurus
2499 3410 2554 3458 in
2591 3409 2656 3460 A.
2684 3411 2799 3460 Mai

506 3480 652 3526 auct.
691 3475 854 3524 class.
893 3474 1025 3524 VIII
1069 3476 1167 3524 372
1214 3474 1423 3531 ‘nicto,
1472 3489 1560 3536 as,
1612 3474 1708 3522 cii’
1728 3422 1944 3538 ‹lnixi'ffl
1991 3474 2103 3524 ‘uel
2147 3476 2343 3536 11181111,
2394 3476 2534 3541 quod
2580 3479 2798 3542 proprie

505 3542 746 3606 pertinet
784 3542 854 3592 ad
891 3557 1061 3592 canes
1097 3541 1319 3605 quando
1354 3541 1657 3591 bestiarum
1692 3543 1938 3605 uestigia
1974 3543 2363 3605 insequuntur;
2403 3544 2544 3592 unde
2583 3549 2638 3592 et
2662 3544 2797 3595 Cae·

506 3607 667 3660 cilius
707 3609 773 3659 de
811 3609 1045 3674 quodam
1082 3625 1245 3659 cane:
1293 3610 1457 3666 bene,
1505 3610 1710 3674 inquit,
1759 3610 1922 3660 nictit
1967 3609 2225 3673 oletque.'
2298 3626 2423 3659 nam
2461 3611 2625 3661 Ennii
2670 3618 2800 3662 sunt

508 3692 575 3726 ex
614 3677 905 3728 annalibus
942 3692 991 3730 u.
1030 3679 1127 3727 346
1165 3681 1325 3727 ‘uoce
1369 3692 1471 3727 sua
1505 3677 1669 3726 nictit
1704 3675 1986 3742 ululatque
2024 3677 2104 3727 ibi
2139 3681 2342 3728 acute.’

678 3925 797 3983 289
844 3943 911 3981 ue
957 3927 1152 3982 addidi
1334 3926 1459 3984 290
1502 3943 1587 4000 sq.
1631 3933 1821 3997 potest
1874 3929 2043 3982 etiam
2081 3929 2412 3996 septenarii
2450 3930 2668 3983 initium
2715 3929 2800 3983 mc

509 4009 675 4067 uelis:
724 4009 968 4083 perficies
1008 4009 1198 4082 fuisse

612 4435 722 4477 eon.
754 4436 867 4476 Lar.
905 4435 1017 4475 Rex».
2363 4428 2394 4474 6
