3400 5075
709 338 782 398 16
1629 340 1740 390 ΟΝ.
1776 340 2092 393 NAEVIVS

1734 496 1829 561 IV
1879 495 1982 583 (2)

885 608 1231 692 H6mine3,
1277 631 1480 692 pecua
1525 611 1875 694 beluasque

1821 751 1884 816 V

883 864 1051 929 Saxa
1097 866 1294 929 siluas
1342 867 1585 949 lapides
1634 871 1887 931 montes
1936 865 2213 951 dissiciat,
2261 868 2680 950 dispfilueraS.

1737 1016 1831 1082 VI
1880 1016 1981 1103 (7)

885 1128 1099 1214 Atque
1148 1130 1306 1193 meis
1358 1131 1545 1195 bonis
1595 1132 1895 1195 omnibus
1943 1134 2064 1216 ego
2111 1136 2176 1195 te
2223 1131 2439 1195 herem
2486 1133 2720 1196 faciam
2785 1184 2794 1194 .
2837 1183 2849 1195 .
2892 1184 2903 1195 .
2945 1183 3002 1196 ..

1720 1281 1846 1345 Vn
1897 1280 1999 1367 (5)

885 1394 975 1459 At
1021 1393 1194 1458 enl'nl
1242 1400 1312 1459 tu
1360 1396 1551 1459 nimis
1601 1397 1803 1480 spisse
1852 1398 2042 1480 atque
2089 1397 2270 1461 tarde
2318 1398 2559 1461 incedis
2609 1448 2619 1458 .
2671 1448 2681 1459 .

1706 1537 1865 1602 VIII
1917 1535 2019 1624 (3)

751 1653 838 1715 60
884 1651 1000 1715 Pol
1048 1651 1208 1715 haut
1253 1652 1686 1736 parasitorum
1735 1653 2008 1717 aliorum
2059 1650 2213 1738 [hie]
2263 1653 2431 1716 simil
2477 1655 2577 1716 est
2624 1703 2635 1714 .

1624 1801 2081 1867 LAMPADIO

887 1917 1213 2001 protinam

1974 2036 2015 2069 Ο

709 2110 1037 2175 ‘cupido
1093 2126 1243 2161 ‚eum
1270 2110 1602 2174 masculino,
1643 2111 1845 2162 deum·
1830 2129 2041 2178 ipsum.
2100 2112 2340 2163 .Neuius
2366 2113 2751 2176 Gymnastieo.
2790 2113 3004 2179 edepol’

709 2196 758 2229 e.
796 2195 845 2243 q.
885 2194 928 2227 e.
1067 2177 1144 2228 1v
1181 2177 1388 2228 Nonius
1430 2181 1544 2239 159,
1582 2181 1668 2229 5(
1678 2195 1889 2245 pecua
1926 2186 1984 2230 et
2020 2179 2261 2246 pecuda,
2301 2181 2385 2229 ita
2420 2184 2485 2229 ut
2521 2196 2751 2244 pecora,
2788 2185 3005 2231 ueteres

708 2245 983 2295 dixerunt.
1053 2245 1262 2295 Neuius
1300 2216 1682 2309 Gymnas'tieo:
1721 2247 1854 2312 h.p
1920 2249 2000 2298 b.’
2140 2249 2187 2298 V
2222 2245 2431 2296 Nonius
2477 2250 2571 2311 95,
2610 2249 2675 2297 27
2723 2248 3010 2313 ‘dispul-

708 2328 950 2362 uetare
1000 2320 1086 2363 est
1132 2313 1459 2366 dissoluere.
1529 2313 1744 2364 Neuius
1781 2315 1866 2379 Gy
1868 2315 2166 2364 mnastieo.
2216 2318 2375 2364 saxa’
2414 2330 2460 2365 e.
2494 2330 2545 2378 q.
2570 2332 2613 2369 s.
2688 2315 2761 2365 VI
2797 2315 3005 2365 Nonius

704 2382 830 2439 486,
877 2383 938 2431 31
990 2380 1243 2430 ‘herem
1291 2380 1627 2443 (heredem
1674 2383 1866 2431 Bamb.
1910 2381 2070 2432 Leid.
2122 2382 2239 2444 116)
2298 2396 2394 2445 pro
2439 2381 2715 2434 heredem.
2803 2382 3007 2432 Neuius

708 2448 1094 2510 Gymnastieo.
1160 2453 1352 2513 atque’
1403 2465 1451 2499 e.
1500 2464 1550 2514 q.
1597 2465 1639 2498 s.
1731 2448 2226 2514 (Geminastieo
2273 2448 2488 2512 Bamb.)
2652 2449 2753 2498 v11
2799 2450 3006 2500 Nonius

710 2517 825 2575 392,
856 2516 918 2564 15
944 2516 1260 2580 ‘spissum
1288 2514 1568 2581 signifieat
1601 2516 1797 2568 tarde.
1855 2517 2099 2569 .Neuius
2127 2516 2505 2580 Gymnastieo:
2546 2521 2604 2568 at
2629 2518 2794 2567 enim’
2824 2533 2871 2568 e.
2892 2532 2944 2582 q.
2965 2531 3009 2571 e.

843 2583 976 2632 VIII
1011 2581 1223 2633 Nonius
1248 2586 1364 2641 224.
1401 2588 1467 2634 25
1506 2584 1752 2634 ‘simile
1791 2590 1894 2635 est
1928 2601 2024 2649 pro
2062 2585 2256 2635 similis
2294 2590 2408 2648 est,
2446 2600 2541 2650 pio
2575 2584 2875 2635 masculino
2913 2600 3006 2649 po

710 2651 872 2699 situm
899 2655 1151 2700 neutrum
1176 2651 1412 2701 Titinius
1440 2649 1565 2716 [341.
1625 2652 1953 2701 Fullonibns
1978 2653 2223 2703 Naeuius
2250 2653 2631 2703 Gemnaetico:
2672 2651 2782 2716 pol²
2812 2667 2859 2701 e.
2886 2668 2939 2716 q.
2962 2667 3004 2703 s,

842 2718 1145 2767 Lunum
1226 2718 1400 2768 Varro
1447 2718 1513 2767 de
1561 2718 1610 2782 lq
1646 2720 1714 2769 L.
1754 2719 1855 2769 VII
1896 2721 1990 2770 107
2027 2719 2102 2772 M.
2142 2718 2311 2784 ‘apud
2345 2719 2617 2770 Naeuium
2663 2720 2718 2768 in
2755 2719 3007 2768 Hesiona

718 2822 729 2833 .
752 2822 765 2836 .
786 2786 867 2836 ‚in
905 2784 1202 2836 Clastidio.
1224 2823 1236 2836 .
1258 2787 1339 2835 .in
1379 2786 1547 2836 Dolo.
1568 2823 1579 2834 .
1601 2786 1682 2836 ‚in
1721 2788 2027 2837 Demetrio.
2050 2825 2061 2836 .
2083 2788 2166 2837 ‚in
2202 2786 2608 2851 Lampadione:
2649 2786 3003 2850 protinam,

708 2870 740 2902 a
780 2853 1055 2918 protinus,
1097 2854 1518 2903 continuitatem
1557 2853 1913 2916 significans!
1987 2854 2315 2905 Coniectura
2353 2855 2545 2904 referri
2572 2853 2642 2904 ad
2679 2854 2822 2904 hane
2847 2855 3008 2904 fabu-

713 2920 821 2969 lam
861 2920 1035 2984 possit
1072 2920 1177 2972 inc.
1217 2924 1323 2970 ine.
1367 2922 1477 2970 fab.
1514 2919 1764 2970 LXXIX.

843 2988 994 3037 Lunx
1037 2992 1093 3036 et
1129 2987 1276 3036 Lum
1323 3003 1464 3052 quae
1516 2989 1603 3037 hic
1648 2989 1778 3038 olim
1825 2990 2203 3053 sequebantur
2251 2989 2429 3039 frusta
2477 3004 2623 3039 nune
2671 2989 2817 3040 inter
2851 3005 3006 3054 prae·

710 3059 896 3104 textae
932 3055 1254 3104 Naeuianae
1293 3055 1551 3105 Romuli
1587 3057 1707 3106 siue
1744 3058 1917 3122 Lupi
1952 3074 2005 3123 p.
2045 3059 2142 3106 277
2168 3072 2251 3120 sq.
2291 3057 2556 3121 reliquias
2596 3073 2816 3122 quaere.

708 3232 864 3289 silius
924 3233 1246 3288 Liibbertus
1309 3234 1457 3288 stud.
1525 3249 1768 3306 yramm.
1828 3232 1867 3287 11
1927 3233 2045 3290 139
2110 3241 2213 3289 tam
2272 3235 2346 3290 sis
2414 3233 2683 3308 pauxillus
2742 3233 3002 3289 Baebius.

710 3319 1003 3374 Caesarue
1049 3321 1218 3372 etiam
1265 3318 1339 3372 sis
1395 3326 1499 3372 tam
1559 3317 1821 3390 pausillus
1867 3317 2257 3389 satisfaceret.
2431 3320 2682 3392 quoniam
2729 3326 2833 3372 tam
2878 3332 3007 3390 pau-

708 3401 879 3457 sillu's
925 3404 1004 3457 ad
1046 3405 1383 3458 sententiam
1427 3406 1614 3457 minus
1657 3420 1828 3474 quam
1885 3404 1964 3458 ad
2013 3404 2240 3458 litteras
2297 3404 2560 3475 quadret.
2737 3401 2814 3457 58
2862 3417 3008 3457 ana·

704 3494 940 3557 paestos
985 3489 1217 3558 (cyriouit
1265 3486 1665 3542 Buecheler-us
1838 3486 2019 3541 herem
2078 3487 2200 3543 edd.
2260 3486 2513 3543 heredem
2566 3486 2702 3542 libri
2846 3493 3007 3557 atque

707 3588 812 3644 ego
859 3579 916 3624 te
962 3572 1092 3624 meis
1142 3571 1324 3625 herem
1370 3569 1618 3626 omnibus
1677 3570 1860 3626 faciam
1920 3569 2073 3625 bonis
2120 3571 2377 3627 Bothius.
2468 3571 2605 3642 Ipse
2636 3572 2762 3625 olim
2794 3571 3012 3625 iambos

709 3664 871 3728 atque
904 3655 932 3707 ὁ
979 3653 1134 3708 bonis
1182 3656 1311 3710 meis
1358 3654 1603 3710 omnibus
1637 3672 1741 3726 ego
1788 3660 1840 3708 te
1873 3653 2053 3709 herem
2088 3655 2273 3710 faciam
2308 3698 2320 3710 .
2360 3699 2370 3709 .
2401 3670 2847 3727 proposueram,
2892 3658 3009 3726 qui,

709 3741 924 3812 absque
954 3738 1123 3794 Nonii
1158 3743 1470 3796 testimonio
1497 3746 1667 3809 esset,
1705 3743 1818 3794 sic.-
1860 3737 1947 3793 ted
1985 3738 2238 3795 heredem
2272 3741 2460 3794 faciam
2491 3740 2687 3795 claudi
2714 3745 3008 3810 poterant.

878 3823 956 3879 59
1019 3823 1145 3878 Non
1203 3824 1544 3895 displiceant
1601 3824 1862 3880 trochaei
1917 3823 1972 3877 «it
2030 3825 2170 3878 enim
2219 3832 2276 3878 tu
2323 3826 2479 3878 nimis
2525 3823 2699 3896 spisse
2755 3839 2816 3879 ac
2863 3821 3011 3877 tarde

710 3907 911 3962 incedis
937 3946 1113 3966 .....
1288 3908 1368 3964 60
1415 3908 1542 3962 haut
1589 3906 1874 3962 Bentinus
1928 3915 2021 3962 aut
2063 3909 2201 3968 libri
2312 3907 2485 3962 simile
2531 3915 2616 3962 est
2660 3908 2815 3978 libri,
2860 3908 3017 3979 quod

712 4000 903 4048 luetur
966 3990 1362 4047 Buecheler-us
1425 3993 1570 4046 decl.
1629 3993 1731 4047 lat.
1779 4009 1845 4062 p.
1904 3991 1941 4046 8
2008 3992 2222 4068 similist
2279 3992 2632 4047 Bitschelius
2688 4007 2886 4061 opusc.
2948 3990 3014 4046 Il

711 4076 831 4133 616
880 4073 1000 4151 (qui
1038 4083 1226 4131 tamen
1272 4076 1472 4131 ibidem
1505 4075 1623 4132 331
1656 4076 1931 4146 probauit
1960 4077 2113 4147 quod
2141 4076 2428 4131 edideram
2460 4076 2600 4131 simil
2647 4073 2775 4143 est),
2822 4073 3012 4128 Laela-

709 4164 1055 4217 mannusin
1103 4159 1277 4215 Lacr.
1327 4159 1404 4215 29
1579 4159 1809 4215 lambos
1863 4160 2018 4215 dedit
2078 4160 2454 4216 Hermannus
2502 4159 2711 4230 Opuse.
2776 4157 2827 4212 V
2865 4155 3007 4224 267,

710 4245 1015 4302 trochaeos
1046 4246 1173 4301 olim
1205 4246 1522 4300 malueram
1541 4270 1554 4297 .·
1596 4246 1850 4300 leniores
1879 4252 1941 4298 ut
1969 4245 2180 4314 fierent
2210 4248 2457 4313 numeri,
2505 4244 2591 4298 hio
2616 4246 2748 4312 post
2781 4238 3008 4293 aliorum

707 4333 944 4385 inserui.
1019 4328 1304 4385 Claudere
1336 4344 1566 4384 uersum
1598 4328 1762 4382 homo
1791 4330 1993 4399 potuit,
2030 4343 2060 4383 e
2098 4329 2291 4383 Titinii
2322 4328 2587 4396 exemplo
2618 4323 3008 4394 repetendum.
