3400 5075
1354 327 1881 383 COROLLARIVM
2558 322 2770 379 XXVII

468 493 617 556 vide
673 514 869 576 quam
928 492 1193 576 pulchre
1249 493 1374 559 sibi
1421 492 1857 575 respondeant
1911 492 2025 556 illa
2073 491 2315 556 ‘servio
2372 493 2551 555 salva
2609 493 2765 555 urbe

469 604 666 684 atque
714 597 896 664 arce'
942 595 1131 683 (146)
1181 602 1247 662 et
1292 597 1495 664 ‘inter
1541 599 1726 663 vivos
1774 599 1922 663 vivo
1979 578 2305 661 mortuus'
2355 596 2558 683 (147).
2635 600 2765 662 iam

471 711 546 770 ut
581 710 839 769 enarret
876 704 1067 769 modo
1106 704 1259 789 quid
1300 704 1544 769 factum
1576 705 1680 788 sit,
1711 705 2165 789 planissimum
2203 705 2549 768 transitum
2579 709 2769 788 parat

471 835 532 875 v.
588 814 730 876 148.

653 919 863 983 Multo
920 918 1227 982 audacior
1282 917 1619 1001 TittleruS,
1678 920 1786 1004 qui
1847 920 2096 984 nullum
2150 941 2400 983 versum
2451 920 2765 983 intactum

474 1026 811 1109 reliquerit
855 1024 1273 1108 transpositis
1322 1047 1379 1088 v.
1433 1027 1464 1089 1
1516 1028 1816 1091 occultare
1859 1048 2040 1093 suam
2085 1027 2316 1109 nequit,
2364 1049 2420 1090 v.
2468 1028 2510 1089 3
2557 1028 2629 1089 de
2674 1047 2768 1089 me

475 1133 660 1195 discet
702 1134 810 1212 qui
852 1133 1043 1213 sapit,
1091 1154 1148 1195 v.
1182 1134 1225 1195 4
1270 1133 1560 1215 salvaque
1603 1156 1743 1197 arce
1786 1136 2012 1209 servi0‚·
2061 1133 2288 1197 deletis
2338 1156 2393 1195 v.
2442 1134 2482 1195 2
2545 1138 2767 1210 tamen,

478 1261 534 1302 v.
564 1239 606 1302 3
652 1240 865 1302 omnia
900 1236 1096 1324 (quod
1138 1240 1419 1303 otiosum
1450 1240 1679 1326 dicit2),
1726 1264 1781 1305 v.
1812 1243 1854 1305 4
1883 1240 2044 1317 urbe,
2085 1262 2140 1303 v.
2171 1240 2211 1303 5
2241 1239 2413 1316 milti,
2453 1262 2507 1302 v.
2538 1241 2578 1303 6
2609 1242 2769 1304 inter

475 1346 672 1421 vivos;
733 1345 977 1409 inserto
1024 1347 1198 1409 vivae
1241 1369 1296 1409 v.
1346 1348 1412 1430 63
1470 1349 1860 1431 pravissimo
1909 1350 2273 1412 commento
2331 1346 2398 1410 in
2446 1368 2501 1408 v.
2551 1346 2592 1407 5
2629 1347 2767 1426 pri-

472 1457 614 1515 vato
670 1453 804 1516 viro
861 1472 924 1515 se
975 1457 1178 1516 servat
1234 1454 1502 1517 unicam.
1585 1455 1926 1519 adsecutus
1985 1458 2085 1518 est
2144 1456 2329 1517 tanta
2398 1452 2766 1515 temeritate

474 1562 610 1622 tres
659 1580 879 1621 versus
935 1558 1215 1640 pessime
1273 1560 1338 1623 in
1386 1561 1723 1625 simillima
1768 1563 1979 1643 nequit
2026 1561 2182 1641 facit
2223 1560 2389 1639 sapit
2434 1563 2766 1640 exeuntes3

473 1670 609 1728 tres
665 1666 1046 1748 pronomine
1106 1667 1379 1731 relativo
1435 1689 1591 1749 quae
1641 1670 1753 1750 qui
1805 1689 1960 1751 qaae
2012 1666 2429 1749 incipientes3
2498 1663 2766 1728 eandem

476 1772 545 1834 in
602 1793 663 1834 v.
715 1773 755 1834 2
830 1773 1188 1836 sententiae
1264 1773 1756 1858 obscuritatem,
1821 1796 2013 1858 quam
2080 1772 2345 1836 admisit
2408 1752 2767 1853 Kayserus}

474 1899 534 1940 v.
572 1878 616 1939 5
662 1896 788 1960 quo
837 1882 1088 1961 spectet
1123 1901 1278 1962 quae
1314 1884 1386 1943 ut
1432 1882 1519 1945 sit
1567 1882 2127 1964 obscurissimum3
2176 1878 2444 1942 ridicule
2492 1876 2766 1960 denique

474 1983 767 2047 additum
818 2007 872 2048 v.
920 1985 961 2047 6
1006 1986 1195 2069 vivae,
1242 1988 1424 2069 quasi
1444 1987 1615 2069 quis
1663 1992 1960 2052 mortuae
2009 1990 2284 2051 mortem
2335 1984 2557 2048 inhiet.

654 2090 1037 2154 Buecheleri
1075 2114 1328 2175 quoque
1375 2093 1780 2157 coniecturas
1829 2095 2082 2159 adlatas
2111 2092 2295 2173 mihi,
2332 2092 2483 2155 dum
2533 2112 2766 2174 operae

474 2197 777 2281 plagulas
837 2196 1114 2279 corrigo,
1163 2220 1279 2262 suo
1325 2199 1469 2263 loco
1524 2200 1869 2283 quominus
1917 2221 2347 2284 proponerem
2396 2198 2766 2261 chartarum

474 2304 819 2387 angustiae
868 2306 1229 2367 vetuerunt.
1260 2334 1265 2341 ’
1293 2327 1499 2388 neque
1546 2305 1718 2369 enim
1765 2310 1983 2389 potest
2027 2306 2095 2369 in
2151 2305 2274 2367 hac
2322 2327 2389 2367 re
2447 2307 2549 2366 sat
2596 2325 2767 2367 com-

474 2410 664 2473 mode
721 2408 994 2473 iudicari
1040 2409 1165 2472 nisi
1212 2410 1487 2494 integro,
1532 2413 1721 2494 quale
1767 2414 2038 2497 quisque
2086 2410 2520 2493 compositum
2568 2409 2769 2472 fuisse

474 2515 646 2598 apud
685 2539 752 2579 se
792 2516 1222 2599 constituerit,
1261 2517 1544 2582 carmine
1585 2519 1898 2601 exposito.
1955 2517 2251 2602 probatis
2291 2520 2505 2582 autem
2546 2515 2595 2581 F
2599 2517 2768 2581 leck-

473 2622 677 2686 eiseni
717 2623 784 2686 in
814 2623 1029 2705 priore
1062 2624 1296 2687 cantici
1328 2628 1512 2708 parte
1534 2626 1925 2709 anapaestis,
1954 2625 2022 2688 in
2060 2625 2294 2709 quibus
2333 2647 2542 2708 pauca
2579 2646 2768 2707 quae-

475 2729 627 2791 dam
656 2729 895 2792 mutari
927 2731 1083 2812 vult,
1112 2731 1257 2794 inde
1289 2753 1328 2794 a
1357 2754 1411 2795 v.
1440 2731 1558 2796 151
1594 2732 1959 2797 continuari
1989 2754 2104 2815 per
2134 2735 2422 2815 systema
2450 2729 2767 2793 baccheos

471 2835 675 2917 iubet,
720 2834 880 2899 haec
930 2840 1003 2900 ut
1047 2837 1251 2901 totius
1296 2838 1423 2902 loci
1472 2838 1684 2903 forma
1731 2840 1987 2903 evadat:

660 2942 716 3006 is
754 2942 1011 3006 demum
1059 2944 1256 3007 miser
1302 2947 1419 3027 est,
1466 2945 1575 3029 qui
1622 2947 1997 3010 aerumnam
2046 2967 2228 3009 suam
2266 2947 2396 3008 non
2442 2943 2616 3025 potis
2665 2963 2766 3005 oc·

1758 3055 2022 3118 cultare.

650 3155 855 3236 facere
888 3153 984 3219 sta
1012 3178 1114 3218 me
1152 3178 1315 3219 uxor
1350 3157 1563 3222 forma
1599 3159 1665 3221 et
1700 3160 1894 3224 factis
1931 3161 2110 3244 facit,
2147 3158 2207 3224 ss
2241 3163 2513 3238 taceam,
2551 3159 2769 3219 tamen

1752 3264 2080 3331 indicium.

651 3391 817 3452 quae
865 3366 991 3432 m'si
1030 3369 1247 3433 dotem
1286 3371 1507 3435 omnia
1544 3373 1709 3455 quae
1745 3373 1914 3437 nolis
1963 3372 2180 3437 habet.
2247 3368 2363 3454 qui
2404 3369 2642 3452 sapiet,
2688 3368 2766 3430 de

1252 3485 1259 3496 '
1752 3480 1855 3542 me
1900 3478 2122 3568 discet,

653 3581 764 3663 qui
803 3580 991 3664 quasi
1048 3582 1127 3646 ad
1175 3581 1387 3647 hostis
1446 3587 1674 3667 captus
1732 3585 1900 3648 liber
1955 3585 2164 3648 servio
2215 3584 2397 3647 salva
2451 3582 2609 3646 urbe
2671 3583 2765 3643 at-

1754 3712 1876 3775 que
1923 3691 2087 3754 arce.
2657 3759 2666 3764 ,

563 3793 608 3857 5
654 3815 820 3876 quae
877 3791 1045 3859 mihi
1092 3794 1401 3880 quidquid
1448 3796 1691 3880 placet,
1745 3800 1822 3861 e6
1857 3798 2102 3879 privat,
2137 3796 2460 3881 privdtum
2497 3796 2633 3861 vult
2674 3818 2770 3860 me

790 3977 808 3988 ,
1751 3905 2074 3969 servatum.

654 4005 808 4069 dum
852 4027 991 4090 eryo
1038 4007 1175 4071 eius
1215 4010 1490 4073 mortem
1529 4009 1732 4092 inhio,
1779 4013 2038 4096 egomet
2074 4012 2223 4084 vivo
2260 4012 2553 4075 mortuus
2600 4009 2771 4072 inter

1755 4116 1954 4183 vivos,

654 4217 730 4282 ea
784 4240 886 4284 me
933 4220 1101 4286 clam
1150 4243 1216 4285 se
1264 4225 1411 4287 cum
1468 4245 1613 4288 mea
1668 4223 1908 4287 ancilla
1953 4221 2048 4286 ait
2091 4225 2497 4310 consuetum,
2552 4218 2615 4282 id
2663 4241 2765 4290 me

1752 4329 1987 4418 arguit,
