3400 5075
615 232 739 298 246
1234 235 1301 285 L.
1340 231 1763 284 POMPONJVS
1799 227 2294 281 BONONIENsls

1623 386 1755 452 VII
1829 389 1869 452 3

796 505 1077 589 Tergum
1122 506 1375 570 uarium
1424 555 1436 568 .
1486 555 1499 569 .
1548 553 1562 568 .
1610 553 1624 567 .
1658 536 1685 567 ·.
1735 553 1749 566 .
1797 386 1826 567 .(
1858 385 2149 588 linguam
2197 502 2451 567 uafram

1614 653 1779 719 VIII
1826 653 1924 740 (4)

625 775 749 838 140
794 769 956 858 'Age
1001 772 1194 838 modo
1242 796 1256 835 ε
1305 776 1406 836 sta
1451 772 1642 857 garri.
1716 770 2150 856 Particulones
2197 771 2549 855 productim
2595 770 2733 835 tibi.

618 914 624 921 ’
1640 920 1736 985 IX
1784 918 1883 1006 (7)

801 1040 976 1115 Qudt
1019 1038 1300 1105 laetitias
1347 1037 1711 1122 insperatas
1757 1036 1948 1100 m6d0
1996 1037 2085 1101 mi
2132 1037 2458 1122 inrepsere
2506 1036 2577 1101 1‘n
2625 1038 2862 1102 sinum!

1420 1188 1481 1253 X
1529 1185 1728 1274 (Nou.
1774 1186 1876 1251 Pr.
1924 1183 2121 1272 post.)

798 1308 945 1392 Ego
994 1306 1206 1371 dedita
1254 1327 1449 1389 opera
1494 1305 1587 1389 te,
1631 1306 1846 1388 pater,
1892 1304 2104 1368 soltim.
2148 1303 2324 1367 foras

804 1421 1064 1506 seduxi,
1111 1424 1183 1484 ut
1227 1441 1309 1484 ne
1357 1420 1499 1503 quis
1547 1421 1718 1482 esset
1762 1419 1948 1482 testis
1995 1419 2226 1483 te'rtius

801 1537 1065 1602 Praeter
1110 1559 1256 1621 1108,
1301 1535 1421 1599 tibi
1460 1557 1604 1599 cum
1649 1533 1985 1598 ttinderem
2031 1535 2250 1599 labezis
2297 1535 2544 1599 lubens,

630 1759 767 1793 cone
793 1743 1125 1807 posteriore:
1163 1742 1235 1791 οῖ’
1264 1757 1311 1790 e.
1339 1756 1392 1803 q.
1421 1755 1466 1790 s.
1516 1737 1696 1803 (peon
1735 1737 1950 1801 Bamb.)
2074 1739 2177 1789 vn
2204 1739 2415 1789 Nonius
2446 1742 2524 1802 19,
2548 1744 2610 1791 31
2641 1740 2923 1791 ‘uastum

637 1816 724 1860 est.
760 1810 1021 1860 callidum
1058 1813 1112 1858 et
1146 1809 1306 1873 quasi
1342 1807 1504 1857 ualde
1541 1807 1731 1855 Afrum
1771 1811 1830 1856 et
1870 1807 2184 1856 urbanum)
2358 1808 2489 1858 VIII
2526 1808 2734 1858 Nonius
2769 1811 2854 1872 20,
2892 1813 2923 1860 5

628 1877 1127 1943 ‘particulones
1176 1875 1314 1925 dieti
1350 1880 1478 1924 sunt
1515 1873 1843 1935 coherede8‚
1892 1875 2034 1938 quod
2070 1879 2260 1939 partes
2309 1875 2622 1940 patrimonii
2664 1882 2923 1926 sumant.'

762 1944 842 1994 IX
878 1945 1089 1995 Nonius
1126 1947 1243 2006 500,
1280 1946 1345 1992 26
1376 1935 1848 1992 ‘accusatiuus
1897 1957 1993 2004 pro
2042 1943 2424 1996 nominatiuo)
2630 1944 2679 1993 X
2715 1945 2926 1994 Nonius

627 2015 747 2073 210,
785 2015 851 2061 24
896 2012 1163 2062 ‘labeae
1208 2026 1421 2060 rursum
1461 2009 1712 2059 feminini
1749 2047 1760 2058 .
1792 2046 1804 2059 .
1835 2049 1847 2060 .
1882 2010 2141 2060 Nouius
2187 2011 2385 2061 Macco·
2429 2009 2588 2060 exule
2626 2053 2637 2064 .
2664 2048 2676 2060 .
2706 2049 2716 2059 .
2753 2012 2923 2061 idem

631 2081 919 2129 Praecone
957 2079 1287 2143 posteriore:
1328 2083 1541 2141 ego'e.
1582 2092 1632 2140 q.
1672 2093 1716 2127 s.
1788 2078 2017 2127 Errasse
2044 2077 2279 2128 Nonium
2305 2079 2361 2128 in
2398 2079 2690 2129 referendo
2727 2084 2923 2144 poetae

633 2148 853 2197 nomine
893 2146 1166 2212 persuasit
1198 2145 1537 2196 Ritschelius
1575 2146 1803 2208 Parerg.
1838 2146 1866 2195 1
1906 2147 2000 2195 134

803 2360 920 2417 139
971 2369 1184 2434 tergum
1230 2360 1473 2431 uarium,
1520 2359 1760 2433 linguam
1807 2359 2010 2414 uafram
2069 2363 2426 2416 continuauil
2473 2362 2692 2417 Nonius
2736 2365 2929 2418 mediis

635 2454 694 2502 ul
736 2452 877 2517 puto
924 2450 1174 2514 omissi8‚
1234 2448 1348 2500 nisi
1395 2444 1556 2515 forle
1599 2448 1658 2499 in
1705 2459 1974 2500 sonorum
2018 2445 2379 2500 similitudine
2434 2449 2683 2518 quadam
2726 2449 2928 2502 ludens

619 2537 802 2604 ¹poeta
864 2530 1096 2586 uasorum
1154 2532 1450 2586 distraxit.
1554 2527 1902 2603 linguamque
1972 2528 2173 2584 uafram
2242 2534 2581 2602 anapaestis
2637 2530 2930 2604 Berykz'zes

632 2617 856 2671 annall.
899 2615 1118 2687 pleiloll.
1155 2615 1318 2672 1870
1355 2633 1418 2685 11·
1468 2614 1590 2669 835
1799 2612 1920 2670 140
1963 2622 2045 2668 sta
2093 2630 2217 2670 esse
2260 2616 2361 2670 isla
2406 2619 2618 2672 monuit
2647 2615 2711 2672 L.
2744 2617 2927 2672 Muel-

630 2703 722 2756 ler
765 2702 836 2755 cle
881 2714 946 2754 re
991 2718 1060 2754 m.
1107 2698 1224 2753 421
1404 2707 1508 2767 sta,
1555 2697 1638 2751 Gai
1681 2699 2009 2753 Palmerius
2041 2700 2308 2772 Spieiley.
2357 2718 2451 2771 ap.
2487 2702 2651 2756 Grut.
2681 2701 2781 2759 IV
2808 2701 2928 2756 775

801 2783 1167 2856 particulonos
1225 2783 1433 2856 produc
1488 2781 1699 2838 antibus
1758 2782 1843 2837 uel
1891 2782 2179 2855 producam
2239 2783 2329 2839 tim
2390 2781 2512 2857 (sie)
2568 2785 2758 2840 Urbin.
2808 2785 2926 2841 307

632 2867 995 2942 particulones
1048 2867 1255 2941 produc
1320 2866 1534 2923 antibus
1592 2870 1775 2923 celeri
1823 2869 1960 2923 libri
2026 2867 2232 2939 produc
2298 2870 2661 2941 particuloues
2717 2868 2929 2924 antibus

633 2954 696 3009 L.
747 2953 996 3007 Mueller
1172 2951 1283 3006 141
1337 2961 1471 3024 quot
1515 2954 1724 3008 Iunius
1778 2950 1923 3024 quod
1968 2955 2105 3008 libri
2273 2954 2553 3027 inspiratas
2600 2955 2802 3011 Bamb.

633 3038 759 3093 mihi
805 3037 940 3093 libri
1152 3045 1289 3110 quot
1333 3036 1563 3093 laetitias
1620 3038 1920 3109 insperatas
1984 3036 2144 3091 modo
2201 3038 2270 3092 mi
2328 3039 2579 3111 inrupere
2637 3039 2689 3093 iu
2734 3040 2926 3110 sinum,

634 3125 838 3178 omisso
884 3123 1038 3193 quod
1068 3124 1470 3193 praecesserit
1500 3121 1775 3192 subiecto,
1822 3117 2285 3177 Bitschc‘lius'de
2330 3126 2512 3196 epiyr.
2553 3123 2681 3179 Sor.
2723 3142 2788 3195 p.
2825 3124 2929 3180 20:

635 3209 1041 3262 nominaliuum
1094 3208 1383 3276 pluralem
1446 3204 1718 3261 Oscorum
1773 3222 1929 3262 more
1975 3210 2228 3277 positum
2285 3209 2597 3263 censebant
2644 3209 2932 3281 Beryltius

616 3296 692 3347 'in
751 3292 969 3362 ephem.
1029 3294 1149 3346 suis
1198 3291 1354 3346 1851
1412 3307 1471 3360 p.
1522 3289 1595 3345 17
1645 3287 1752 3360 (cf.
1799 3291 2031 3361 symbol.
2080 3291 2116 3347 1
2161 3290 2284 3348 100
2326 3291 2436 3364 sq.)
2494 3300 2549 3347 et
2593 3291 2932 3349 Iluselzlcius

634 3394 878 3432 monum.
943 3376 1070 3437 Osc,
1129 3382 1184 3430 ει
1242 3375 1458 3431 Sabell.
1513 3392 1577 3446 p.
1624 3373 1780 3441 3123
1839 3390 1947 3430 nec
2002 3378 2127 3446 ipse
2181 3376 2532 3433 Rilschelius
2587 3394 2741 3434 necne
2796 3395 2928 3434 nou.

636 3476 875 3517 eoeeurs.
938 3460 1130 3515 Plaul.
1189 3460 1226 3515 I
1271 3459 1388 3514 117
1446 3466 1806 3530 aspernatur
1864 3466 2124 3516 uetustos
2174 3460 2419 3531 formas.
2521 3463 2571 3515 A
2629 3466 2933 3518 transiliuo

639 3546 814 3600 uerbo
862 3545 1139 3617 inrepsere
1170 3548 1542 3600 aecusatiuos
1569 3545 1827 3613 pendere
1858 3552 2051 3600 censet
2084 3545 2479 3602 Buechelerus
2507 3548 2653 3601 decl.
2691 3549 2795 3603 lat.
2833 3547 2932 3617 17,

637 3631 894 3701 idemque
939 3632 1280 3700 suspicatur
1324 3629 1544 3684 Pollius
1588 3630 1646 3683 in
1691 3628 2005 3699 Aufrecliti
2047 3637 2102 3685 et
2142 3631 2364 3685 Kuknii
2405 3632 2623 3702 ephem.
2672 3648 2929 3702 compar.

634 3716 775 3786 linq.
808 3715 1016 3769 dicatis
1049 3714 1083 3769 I
1110 3713 1276 3781 3:213¹
1307 3730 1419 3783 pro
1463 3715 1795 3770 soloecismo
1839 3714 2010 3769 habel
2044 3714 2394 3784 Bernhardy
2439 3715 2569 3771 laist.
2615 3719 2722 3771 litl.
2771 3716 2932 3771 Rom.

639 3799 776 3853 adn.
822 3796 947 3853 334
988 3814 1046 3868 p.
1091 3796 1247 3863 434;
1296 3798 1625 3853 exclamari
1668 3806 1803 3868 quot
1847 3796 2073 3853 laetitias
2120 3800 2259 3871 insp.
2307 3806 2566 3855 statuunt
2610 3800 2935 3872 Gepperlus

637 3884 708 3937 de
730 3889 1009 3954 pronum.
1043 3881 1148 3951 43,
1194 3889 1248 3937 et
1282 3884 1428 3938 Guil.
1475 3882 1802 3954 Wagnerus
1831 3886 1889 3937 in
1920 3885 2231 3939 Academia
2266 3884 2680 3942 Britannorum
2713 3886 2931 3957 ephem.

643 3967 801 4023 1871
859 3984 918 4037 p.
967 3965 1108 4023 407.
1211 3967 1283 4022 In
1340 3969 1761 4023 exclamatione
1819 3969 2039 4038 quidem
2094 3971 2334 4023 latinum
2393 3980 2522 4026 erat
2570 3968 2650 4026 ῑόι
2705 3969 2934 4025 laetitias

639 4053 673 4106 i.
723 4051 885 4106 modo
932 4052 1001 4105 mi
1047 4052 1339 4123 inrepsisse
1383 4052 1438 4104 in
1482 4070 1528 4103 s·
1698 4044 1854 4105 ‘142
1901 4068 2007 4126 ego
2052 4052 2259 4109 Iunius
2300 4070 2435 4127 ergo
2478 4055 2616 4110 libri
2816 4052 2933 4110 143

641 4136 823 4191 testis:
871 4137 1173 4192 obscenum
1204 4136 1438 4191 subesse
1479 4151 1711 4191 sensum
1755 4140 2092 4207 suspicatur
2123 4139 2525 4196 Buecheler-us
2569 4156 2711 4197 mus.
2746 4139 2931 4195 Rhea.

640 4220 864 4278 XVIII
905 4219 1026 4277 388
1219 4217 1335 4274 144
1384 4219 1665 4277 tunderem
1712 4221 1915 4277 Iunius
1960 4221 2241 4277 tonderem
2286 4224 2420 4281 libri
