3400 5075
936 379 1031 430 Ex
1069 379 1410 430 INCERTIS
1449 378 1929 430 INCERTORVM
1965 377 2277 429 FABVLIS
2649 376 2768 437 115

1576 535 1636 599 X

643 652 988 716 Lachetem
1039 651 1256 715 audiui
1305 650 1693 734 percussisse
1742 649 2069 714 De'meam.

1565 774 1659 837 XI

645 890 712 956 Si
759 890 904 976 quis
951 913 1065 975 per
1112 890 1321 953 omnis
1368 888 1530 952 mshi
1578 890 1730 953 deos
1778 889 1945 953 iuret
1989 893 2238 973 patrem
2289 888 2630 953 Lachetem

1556 1013 1684 1077 XII

648 1131 813 1207 Quid
864 1129 989 1213 ass,
1036 1129 1349 1213 Epidice?
1397 1127 1522 1192 tsbi
1568 1128 1821 1193 facilior
1868 1130 1988 1193 erit
2039 1152 2218 1193 amor

1062 1335 1073 1345 ·
1540 1252 1702 1316 XIII

651 1370 888 1433 Amare
938 1370 1089 1433 nolo
1138 1370 1255 1432 nec
1307 1368 1550 1451 dolere,
1597 1366 1829 1433 Clinia.

1556 1482 1716 1547 XIV

529 1599 631 1664 1¹9¹
658 1600 978 1684 Thylaeus

1564 1686 1689 1752 XV

525 1805 611 1869 20
661 1856 672 1866 .
767 1855 777 1867 .
872 1854 885 1866 .
976 1802 1382 1867 halofzintam
1429 1803 1803 1867 mendacem
1849 1803 2011 1869 uelit

480 2001 786 2050 Miconas
832 1997 1089 2048 Valesius
1133 1999 1483 2049 micaunas
1532 1999 1657 2049 Vat.
1801 2001 1844 2049 X
1889 1998 2270 2063 Quintilianus
2304 1998 2409 2051 VII
2457 2001 2626 2060 9,1o
2671 2003 2784 2048 ‘ac-

483 2068 723 2118 cusatiui
786 2066 1159 2145 geminatione
1222 2066 1376 2117 facta
1443 2066 1787 2132 amphibolia
1858 2067 2096 2118 soluitur
2154 2067 2430 2129 ablatiuo,
2493 2071 2556 2116 ut
2614 2066 2780 2117 illud:

483 2136 527 2185 L
544 2124 863 2185 achetem’
907 2150 954 2183 e.
985 2148 1035 2198 q.
1064 2149 1106 2183 s.
1144 2132 1297 2183 ‘flata
1335 2150 1368 2184 a
1405 2134 1656 2184 Lachete
1693 2150 2011 2199 percussum
2036 2135 2316 2185 Demeam.
2326 2139 2342 2165 ’
2412 2104 2626 2184 Ibidem
2650 2134 2784 2185 VIII

482 2205 634 2264 2,16
666 2192 923 2252 uitanda
960 2201 1015 2250 in
1052 2202 1241 2266 primis
1280 2203 1644 2267 ambiguitas,
1692 2218 1802 2252 non
1848 2203 1987 2252 haec
2023 2203 2232 2265 solum,
2284 2201 2352 2252 de
2389 2204 2544 2252 cuius
2580 2217 2783 2267 genere

483 2286 649 2335 supra
697 2270 904 2319 dictum
952 2273 1065 2327 est,
1119 2284 1259 2332 quae
1318 2270 1587 2319 incertum
1645 2269 1990 2321 intellectum
2039 2271 2207 2333 facit,
2264 2277 2324 2320 ut
2368 2269 2785 2320 Chremetem

486 2338 747 2387 audiui’
790 2354 836 2387 e.
875 2352 926 2401 q.
969 2353 1012 2386 s.
1084 2337 1349 2387 Fortasse
1400 2336 1583 2387 fictum
1625 2339 1933 2402 exemplum
1972 2344 2074 2390 est.
2243 2338 2322 2387 XI
2356 2337 2567 2387 Marius
2603 2336 2789 2386 Victo·

484 2407 639 2455 rinus
679 2422 733 2471 p.
773 2407 909 2455 2574
945 2405 1004 2454 P.
1045 2405 1369 2454 ‘comicus
1407 2407 1662 2470 apposito
1703 2405 2031 2471 sesquipede
2078 2405 2132 2454 in
2179 2404 2377 2454 ultima
2424 2405 2556 2455 sede
2593 2416 2788 2455 uersus

483 2474 733 2539 adaeque
773 2472 1007 2522 trimetri
1045 2472 1302 2522 reddetur
1352 2476 1740 2536 tetrametrus‚
1791 2479 1881 2522 ut=
1922 2474 1978 2523 si
2016 2475 2186 2537 quis’
2226 2489 2274 2523 e.
2312 2488 2364 2537 q.
2402 2489 2444 2523 s.
2519 2474 2786 2522 Fortasse

486 2542 670 2592 ethic
716 2545 774 2591 et
820 2556 1056 2605 sequens
1102 2540 1411 2591 uer-siculus
1459 2541 1681 2591 conficti
1732 2547 1877 2591 sunt.
2084 2542 2190 2592 XII
2226 2541 2432 2591 Marius
2471 2541 2790 2591 Victorinus

487 2626 536 2674 p.
572 2612 708 2659 2524
743 2610 803 2659 P.
858 2609 1066 2658 ‘huius’
1108 2607 1389 2674 (trimetri)
1428 2613 1733 2659 ‘mensura.
1756 2610 2016 2676 ..incipit
2063 2626 2096 2659 a
2132 2608 2416 2660 duodecim
2466 2608 2696 2674 syllabis
2733 2613 2789 2658 et

491 2677 691 2727 crescit
745 2677 812 2725 ad
868 2676 1516 2738 septemdecim...item
1572 2677 1968 2742 septemdecim
2022 2676 2385 2742 syllabarum:
2451 2676 2608 2740 quid
2661 2677 2784 2726 ais’

487 2760 534 2795 e.
565 2760 613 2809 q.
640 2762 684 2795 s.
828 2743 963 2794 XIII
989 2744 1197 2793 Marius
1224 2745 1547 2794 Victorinus
1574 2761 1623 2810 p
1651 2746 1786 2795 2504
1814 2746 1874 2795 Ρ.
1912 2746 2309 2795 acatalectum
2338 2750 2542 2808 autem,
2581 2746 2690 2807 cui,
2725 2748 2788 2793 ut

488 2827 655 2877 snpra
699 2812 965 2869 diximus,
1012 2827 1189 2876 neque
1228 2812 1386 2862 deest
1421 2812 1489 2862 ad
1527 2813 1800 2878 integram
1839 2813 2282 2878 coniugationem
2319 2828 2498 2876 neque
2539 2812 2788 2861 abundat

487 2879 808 2945 quicquam,
848 2884 908 2928 ut
944 2884 1028 2928 est
1062 2879 1165 2928 hoe
1192 2881 1528 2929 trimetrum:
1570 2884 1816 2930 amarc’
1857 2897 1901 2930 e.
1930 2896 1980 2944 q.
2010 2895 2052 2936 s,
2113 2879 2316 2930 Atilius
2352 2881 2789 2930 Fortunatianus

489 2964 541 3013 p.
578 2947 803 2998 26931).
842 2949 1169 2996 ‘trimetrum
1206 2946 1605 2998 acatalectum:
1645 2938 1884 2997 amare’
1924 2963 1970 2998 e.
2009 2965 2059 3013 q.
2098 2964 2139 2998 s
2277 2948 2404 2997 XIV
2440 2948 2697 2997 Donatus
2731 2948 2788 2996 in

489 3016 614 3065 Τπ
653 3014 818 3064 Andr.
860 3014 978 3073 13,
1016 3015 1078 3063 21
1119 3019 1425 3080 ‘sempern
1446 3015 1746 3065 ,nomina
1793 3016 2185 3066 comicorum
2235 3030 2577 3066 seruorum
2622 3017 2718 3064 aut
2756 3030 2789 3063 a

490 3083 812 3133 nationibus
851 3087 979 3132 sunt
1014 3082 1194 3132 indita
1239 3088 1299 3131 ιιι
1331 3082 1510 3146 Mysis
1546 3083 1739 3147 Syrus,
1790 3088 1888 3133 aut
1923 3099 1987 3133 ex
2034 3083 2414 3134 accidentibus
2459 3087 2519 3131 ut
2562 3082 2787 3143 Lesbia,

490 3150 640 3201 uelut
689 3150 909 3199 ebriosa
948 3164 982 3198 a
1018 3149 1200 3201 Lesbo
1237 3150 1446 3212 insula,
1486 3166 1622 3215 quae
1651 3155 1738 3200 est
1776 3152 1927 3201 ferax
1957 3152 2273 3203 suauissimi
2300 3150 2790 3213 candidissimique

491 3220 635 3279 uini,
676 3223 773 3266 aut
812 3234 844 3266 a
870 3217 1109 3267 moribus
1135 3222 1189 3267 et
1225 3219 1549 3268 uernilitate
1588 3223 1649 3268 ut
1688 3219 2019 3281 pseudulus,
2061 3224 2157 3269 aut
2194 3234 2259 3267 ex
2285 3218 2508 3282 negotio
2534 3221 2596 3266 ut
2620 3216 2789 3281 Chry·

492 3285 667 3345 salus,
707 3290 826 3334 aut
862 3300 939 3333 ex
977 3284 1319 3348 qualitate
1359 3287 1668 3351 corporis
1706 3294 1769 3337 ut
1806 3286 2170 3350 Thylacus,
2218 3290 2314 3334 aut
2352 3301 2418 3333 ex
2456 3285 2645 3350 specie
2684 3285 2791 3334 for-

492 3369 612 3404 mae
650 3357 712 3402 ut
746 3353 1072 3402 Pinacium.’

696 3419 977 3484 Subiungo
1033 3423 1221 3471 statim
1278 3421 1521 3485 reliquos
1577 3421 1774 3471 comici
1832 3420 2029 3471 coloris
2081 3419 2412 3480 uersiculos,
2469 3418 2535 3468 de
2591 3419 2790 3483 quibus

494 3494 676 3538 tamen
714 3488 953 3553 singulis
997 3489 1288 3539 decernere
1336 3504 1444 3538 non
1480 3489 1684 3546 ausim,
1735 3488 1822 3538 cui
1859 3488 2202 3553 potissimum
2251 3486 2563 3537 fabularum
2603 3488 2791 3551 generi

494 3558 603 3606 sint
652 3554 983 3606 ascribendi.
1192 3556 1288 3605 XV
1326 3557 1537 3606 Nonius
1585 3572 1634 3621 p.
1672 3525 1800 3618 ⁹120,
1843 3558 1901 3604 12
1948 3554 2438 3605 ‘halofantam.
2495 3554 2789 3605 ,ιΡΙειιιιιιε

496 3625 837 3674 halosantam
878 3627 974 3671 aut
1009 3624 1427 3704 sycophantam
1436 3625 1612 3688 magis
1642 3639 1765 3692 esse
1805 3623 2001 3675 dicam
2074 3629 2133 3672 et
2168 3622 2346 3672 alius
2383 3621 2790 3673 nobilitatis

497 3693 854 3743 obscurae:
895 3690 1235 3741 halofantam
1274 3708 1320 3739 m
1359 3707 1410 3742 u.
1498 3691 1776 3755 Indicauit
1812 3690 2126 3742 comoediae
2163 3691 2394 3739 frustum
2433 3693 2556 3755 post
2581 3690 2790 3738 Basile-

680 3870 756 3927 16
813 3871 1097 3926 Lachetem
1163 3873 1291 3926 loco
1352 3873 1556 3940 priore
1611 3869 1949 3926 Chremetem
2008 3867 2315 3942 (cremetem
2373 3868 2564 3923 Ambr.
2623 3886 2693 3923 m.
2757 3869 2784 3922 1

495 3957 820 4012 chermetem
869 3955 1071 4010 Bamb.
1120 3963 1453 4010 crementum
1498 3952 1761 4028 Aryent.)
1818 3958 2004 4012 altero
2051 3954 2437 4022 Quintilianus
2568 3952 2792 4007 Demean

493 4042 631 4097 libri
671 4043 934 4111 plerique
987 4042 1111 4095 loco
1170 4046 1413 4112 utroque
1471 4038 1707 4095 dameam
1753 4040 2059 4113 Argentor.
2116 4045 2360 4110 utroque
2412 4039 2539 4094 loco
2592 4022 2616 4044 ⁴
2718 4037 2789 4091 17

499 4124 674 4180 omnis
721 4125 914 4181 Palal.
974 4141 1162 4179 omnes
1208 4124 1368 4193 Par„
1416 4125 1488 4179 ed
1522 4140 1620 4194 pr.
1815 4123 1889 4179 18
1937 4123 2149 4196 Epidico
2196 4122 2563 4193 Gaisfordius
2621 4121 2794 4193 epidia

493 4211 632 4267 libri
714 4210 995 4266 Fortasse
1038 4210 1172 4266 binc
1213 4223 1467 4280 persona
1512 4209 1787 4264 mutanda
1964 4208 2040 4263 19
2087 4207 2277 4263 dolore
2324 4206 2462 4262 Par.
2524 4205 2800 4261 Victorini

673 4286 1068 4433 19¹2thylacus
1128 4294 1311 4352 Gand.
1370 4293 1525 4348 Lem.
1586 4293 1791 4347 Dresd.
1855 4291 2079 4347 thil-’icus
2140 4293 2278 4347 Par.
2338 4289 2498 4347 7921
2558 4288 2795 4345 chilacus

501 4380 642 4436 Par.
693 4378 771 4435 79
819 4378 860 4431 s)

2298 4473 2365 4524 8*
