3400 5075
637 357 782 419 214*
1558 356 1621 406 L.
1660 353 2021 405 AFRAmvs

1575 509 1803 574 xxm
1852 508 1996 594 (22)

1379 627 1545 690 male
1593 628 1923 690 merentur
1970 625 2046 688 de
2094 623 2284 689 nobis
2332 623 2450 706 eri,

823 745 948 820 Qui
994 746 1115 808 n6s
1161 746 1347 807 tanto
1395 764 1586 826 opere
1634 741 1977 826 indulgent
2022 741 2090 804 in
2135 740 2430 824 pueritia.

1577 864 1799 930 XXIV
1847 862 1992 951 (21)

638 985 769 1049 390
816 984 1106 1048 Tandem
1152 987 1226 1048 lit
1270 982 1590 1067 possimus
1637 982 1862 1044 ndstra
1907 979 2091 1065 fungi
2139 985 2423 1043 munera.

1616 1103 1806 1169 XXV
1855 1102 1955 1190 (4)

1916 1223 1987 1283 tu
2036 1219 2460 1304 flagridnibus

921 1420 940 1425 ἡ
1599 1334 1823 1400 XXVI
1870 1333 1970 1421 (5)

817 1452 1186 1516 Tintinnire
1235 1451 1528 1517 ianitoris
1575 1449 2038 1535 impedimenta
2082 1444 2292 1514 sudio,

1562 1574 1818 1640 XXVII
1868 1572 2014 1660 (18)

814 1693 998 1757 Hem·
1031 1692 1184 1776 quid
1229 1691 1399 1755 hoc?
1446 1689 1638 1775 peris,
1685 1690 2017 1775 pertimui:
2064 1690 2218 1774 qul'd
2266 1691 2526 1754 tumult-i
2573 1692 2868 1755 exaudii?

1443 1825 1448 1830 ‘
1546 1814 1838 1879 XXVIII
1887 1813 2034 1900 (23)

816 1931 1074 2007 Qusnta
1119 1932 1224 1995 hie
1273 1931 1745 1996 uociferatione·
1782 1930 2012 1995 fertur:
2061 1931 2117 1994 ei
2164 1930 2435 1994 miserae
2480 1930 2664 1994 mihi!

1573 2054 1803 2119 XXIX
1850 2051 1997 2141 (27)
2202 2139 2211 2145 ί

636 2173 768 2237 395
814 2171 1366 2255 Praefestinagnus
1412 2171 1580 2254 quae
1626 2170 1713 2235 sit
1756 2192 1952 2234 causa
1998 2169 2297 2254 sciscere,

822 2287 1008 2363 Quod
1056 2285 1144 2351 sit
1187 2308 1520 2351 necessum
1569 2284 1760 2371 seire,
1805 2286 2182 2370 praesertim
2232 2284 2301 2350 1'11
2348 2287 2526 2350 breui

775 2482 960 2533 XXIII
997 2482 1211 2532 Nonius
1247 2483 1371 2542 502,
1423 2484 1483 2529 10
1530 2482 1996 2531 ‘accusatiuus
2043 2497 2140 2546 pro
2177 2481 2366 2531 datiuo
2394 2519 2405 2532 .
2434 2524 2447 2536 .
2475 2524 2487 2535 .
2526 2481 2788 2532 Afranius
2826 2483 2933 2532 Vo-

639 2551 819 2617 pisco:
861 2551 1027 2601 male'
1064 2566 1107 2601 e.
1148 2566 1198 2614 q.
1239 2566 1282 2600 s.
1419 2550 1599 2600 XXIV
1636 2550 1847 2600 Nonius
1872 2553 1988 2611 497,
2016 2550 2082 2599 28
2120 2554 2599 2601 ‘accusatiuus
2633 2551 2723 2601 uel
2761 2552 2931 2600 nomi-

637 2620 859 2669 natiuus
907 2634 1004 2682 pro
1049 2617 1295 2667 ablatiuo
1331 2653 1343 2666 .
1370 2656 1384 2670 .
1412 2653 1423 2666 .
1460 2617 1720 2667 Afranius
1762 2618 2020 2682 Vopisco:
2071 2619 2315 2668 tandem’
2361 2635 2410 2670 e.
2448 2632 2498 2681 q.
2535 2634 2576 2667 s.
2783 2618 2934 2667 XXV

636 2687 846 2735 Nonius
880 2688 973 2747 28,
1010 2689 1075 2734 29
1114 2685 1523 2750 ‘flagriones
1571 2684 1709 2733 dicti
1754 2686 1926 2743 serui„
1974 2686 2118 2749 quod
2164 2687 2354 2750 flagris
2400 2686 2636 2735 subiecti
2674 2693 2823 2743 sunt,
2872 2693 2934 2736 ut

633 2755 972 2803 uerberones
1017 2768 1051 2801 a
1089 2752 1425 2802 uerberibus.
1495 2752 1759 2802 Afranius
1795 2754 2066 2817 Vopisco=
2114 2759 2170 2803 tu
2221 2753 2601 2817 flagrionibus.
2674 2754 2935 2817 Priuigno

639 2818 868 2887 [xmp
941 2820 1166 2870 Excidit
1199 2825 1325 2884 post
1361 2819 1769 2883 ‘flagrionibus’
1810 2836 1931 2869 cum
1958 2822 2161 2870 ceteris
2187 2821 2407 2870 Afranii
2432 2821 2618 2870 uerbis
2644 2826 2699 2870 et
2732 2836 2932 2871 nouum

634 2888 836 2939 lemma
872 2894 928 2938 et
963 2904 1160 2937 nomen
1196 2887 1428 2937 Afranii.
1605 2888 1788 2937 XXVI
1823 2888 2035 2938 Nonius
2070 2890 2154 2949 40,
2192 2891 2255 2937 14
2292 2888 2679 2938 ‘tintinnire
2732 2889 2936 2938 dicitur

637 2972 863 3019 sonare,
913 2956 1059 3005 unde
1106 2960 1162 3004 et
1209 2953 1600 3005 tintinnaculs'
1648 2954 2090 3017 (‘tintinnabula‘
2139 2954 2349 3018 Iunius)
2397 2960 2550 3004 ‘sunt
2604 2956 2931 3021 appellata)

637 3023 1038 3086 (tintinnire
1084 3024 1151 3072 W
1198 3022 1390 3073 Bamb.
1469 3022 1849 3071 cintinnire
1889 3023 2048 3073 Leid.
2119 3023 2438 3073 titinnire
2488 3025 2683 3084 ceteri)
2733 3026 2935 3074 Festus

639 3108 688 3155 p.
727 3093 826 3141 364
862 3091 933 3139 M.
983 3090 1401 3139 ‘tintinnire'
1447 3087 1553 3154 (sic
1593 3090 1720 3141 Vat.
1758 3090 1821 3146 S,
1869 3091 2119 3140 Perizon.
2170 3106 2311 3151 exc„
2356 3092 2438 3142 ed.
2487 3107 2566 3155 pr.
2617 3092 2935 3141 titinnire

640 3161 768 3207 Vat.
810 3159 874 3220 R,
912 3158 1056 3216 Am..
1096 3173 1199 3221 mg.
1238 3156 1440 3206 Vrsini.
1489 3158 1875 3207 tintinnare
1914 3159 2166 3221 Vrsinus)
2204 3163 2314 3208 ‘est
2350 3158 2493 3223 apud
2531 3159 2797 3208 Naeuium
2834 3159 2936 3209 hoc

639 3225 797 3275 modo
842 3264 855 3277 .
893 3260 905 3275 .
943 3263 955 3276 .
1002 3231 1059 3273 et
1114 3224 1257 3289 apud
1307 3224 1621 3275 Afranium:
1688 3225 1970 3274 ostiarii
2025 3226 2506 3290 impedimenta
2562 3227 2933 3276 tintinnire

637 3292 882 3342 audio)
1025 3292 1230 3342 XXVII
1272 3292 1476 3341 Nonius
1511 3296 1628 3349 490,
1671 3295 1695 3340 1
1736 3291 2029 3342 ‘tumulti
2056 3330 2066 3340 .
2092 3334 2104 3346 .
2125 3330 2136 3343 .
2159 3328 2171 3341 .
2200 3294 2461 3343 Afranius
2489 3294 2750 3358 vopisco:
2788 3294 2935 3343 hem’

639 3377 685 3414 e.
723 3376 773 3424 q.
812 3376 855 3410 s.
994 3358 1228 3408 XXVIII
1266 3359 1472 3408 Nonius
1498 3363 1617 3421 505,
1653 3361 1716 3408 21
1758 3359 1848 3410 ‘fe
1865 3363 2085 3410 ruitur
2121 3375 2298 3424 aeque
2337 3376 2433 3425 pro
2473 3359 2755 3411 seruetur!
2794 3361 2851 3424 (p
2869 3376 2936 3410 ro

640 3429 947 3478 seruetur
992 3427 1206 3489 Bamb.‚
1252 3426 1487 3477 Rothius
1532 3443 1647 3492 pro
1693 3427 1909 3477 seruit
1945 3428 2014 3477 W
2066 3443 2179 3492 pro
2228 3429 2525 3478 seruitur
2571 3429 2746 3478 ceteri
2784 3427 2936 3492 libri)
3026 3474 3031 3479 .

639 3495 909 3560 Corrupto
947 3500 1103 3545 textu
1141 3495 1293 3545 nisus
1331 3495 1551 3544 uidetur
1588 3493 1881 3560 glossator.
2020 3494 2198 3544 XXIX
2238 3494 2525 3546 Charisius
2562 3497 2615 3546 11
2652 3512 2703 3561 p.
2742 3497 2838 3545 186
2877 3496 2936 3546 Ρ.

634 3675 802 3746 fere,
850 3675 957 3729 sed
1000 3681 1214 3729 uestrae
1258 3690 1382 3728 erae
1427 3680 1483 3728 et
1530 3691 1581 3727 u.
1630 3674 2064 3730 Buechelerus:
2123 3682 2177 3729 et
2224 3681 2381 3730 ceree
2427 3676 2684 3730 abundat

639 3758 760 3817 389
810 3775 908 3814 nos
955 3760 1041 3814 ed.
1083 3757 1242 3815 1526
1275 3775 1383 3813 non
1428 3760 1565 3814 libri
1708 3757 1834 3815 390
1863 3774 2153 3830 possumus
2188 3759 2389 3819 Bamb.
2534 3759 2655 3816 391
2692 3758 2937 3833 ssagrioni

639 3843 810 3898 nubes
857 3841 1087 3914 Maelily
1260 3842 1381 3900 392
1430 3843 1711 3897 tintinnire
1757 3842 1912 3898 Leid.
1963 3843 2136 3899 Harl.
2185 3843 2325 3899 Pur.
2375 3844 2427 3899 P
2470 3842 2711 3899 titinnire
2757 3848 2942 3900 ceteri

639 3929 803 3985 codd.
855 3928 1043 3997 Nonii,
1091 3929 1251 3983 Festi
1313 3928 1435 3983 Vat.
1484 3926 1537 3981 R
1585 3934 1639 3982 et
1684 3927 1895 3982 Aldina
2069 3929 2273 3983 ostiarii
2329 3926 2704 4001 impedimenta
2750 3929 2937 3984 tintin-

639 4014 755 4068 nire
801 4012 960 4068 audio
1005 4014 1357 4081 memoriter,
1409 4018 1470 4067 ut
1516 4013 1776 4082 uidetur,
1824 4011 2034 4067 Festus
2206 4012 2328 4069 393
2375 4030 2450 4067 an
2506 4012 2768 4069 exaudio?

639 4095 762 4153 394
795 4103 990 4169 quanta
1023 4095 1110 4152 hic
1153 4099 1371 4167 scripsi
1411 4096 1593 4168 quanti
1635 4098 1773 4153 libri
1815 4104 2013 4169 quanta
2044 4098 2129 4152 ed.
2168 4096 2328 4153 1526
2457 4096 2659 4152 fertur:
2706 4099 2753 4153 ei
2785 4114 2940 4154 nunc

638 4184 853 4251 scripsi
896 4182 1130 4236 seruitur
1175 4181 1224 4235 ei
1259 4181 1503 4251 Nonius,
1549 4185 1646 4237 cui
1688 4183 1819 4236 olim
1861 4183 2030 4252 fidem
2061 4182 2283 4239 habens
2312 4182 2360 4238 ei
2391 4182 2665 4238 delebam.
2740 4181 2937 4237 seruit:

638 4267 687 4321 ei
739 4265 1002 4334 Botkius,
1064 4272 1118 4321 cc
1164 4265 1392 4325 uidetur
1433 4266 1581 4320 haec
1640 4281 1866 4338 quoquc
1920 4267 2088 4322 lectio
2144 4268 2382 4339 antiqua
2431 4266 2642 4337 fuisse.
2815 4266 2938 4323 396

639 4343 984 4425 praesertim]
1031 4349 1270 4423 proferte
1316 4350 1744 4419 Buecheler-us,
1785 4359 1920 4422 post
1965 4351 2195 4407 sciscere
2236 4354 2481 4424 yrauius
2523 4354 2941 4425 interpunyens
