3400 5075
658 346 785 423 212
1577 349 1638 411 1..
1678 349 2044 413 Asssmivs

837 515 1229 603 Parasitum,
1273 540 1498 582 uerum
1545 515 1828 582 amicum
1874 518 2207 603 aequalem
2254 522 2446 602 atque
2492 514 2818 603 hospitem

837 633 1250 699 Cotidianum
1298 638 1364 698 et
1408 635 1658 698 lautum
1705 635 2051 700 eonuiuzim
2098 635 2272 699 domi

1641 758 1777 823 ‘XV
1822 757 1966 845 (25)

1022 925 1036 938 .
1085 873 1324 938 etenim
1371 875 1698 939 cotidiano
1747 875 1814 937 in
1862 875 2053 937 rebus
2104 874 2397 937 maximis

658 989 791 1053 370
837 989 1193 1073 Propositis
1241 991 1350 1074 qui
1379 995 1663 1054 noenum
1710 994 1928 1074 potest
1972 990 2129 1073 quin
2157 991 2300 1052 meo
2332 990 2416 1052 sit
2453 989 2643 1052 nixus
2671 990 2951 1053 nomine.

1656 1114 1818 1179 XVI
1864 1111 1963 1200 (3)

832 1229 1046 1293 Homo
1095 1230 1476 1294 mulierosus
1523 1231 1816 1294 conferat
1862 1251 1962 1293 me
2011 1229 2137 1293 alio
2184 1226 2357 1294 ilico.

1611 1362 1806 1428 XVII
1852 1361 1996 1448 (16)

833 1479 1004 1542 Dum
1052 1467 1154 1541 me
1202 1479 1614 1564 morigeram,
1662 1477 1817 1541 dlim
1862 1499 2186 1542 morosam
2232 1477 2544 1560 praelum,

837 1593 1084 1657 Deinde
1133 1594 1374 1677 aliquid
1413 1594 1629 1658 dedita
1675 1594 1871 1676 6pera
1917 1594 2395 1658 controuersiae

834 1706 1201 1787 Concinn0‚
1247 1709 1431 1773 laedo
1479 1708 1798 1772 inte'rdum
1850 1708 2271 1773 contumeliis,

1583 1840 1813 1905 XVIII
1861 1838 2005 1926 (32)

655 1958 786 2021 375
833 2008 846 2021 .
940 2008 954 2021 .
1000 1958 1396 2021 tumultuose
1443 1961 1508 2020 et
1553 1957 1803 2020 eunctis
1850 1956 2051 2040 copiis

1624 2089 1781 2152 XIX
1833 2088 1978 2175 (12)

839 2206 1161 2270 Excludat
1206 2227 1367 2269 uxor
1411 2206 1546 2268 tzim
1595 2205 1992 2269 confidenter
2038 2204 2293 2269 uirum?

832 2321 984 2388 Non
1031 2323 1243 2386 faciet.

787 2517 883 2567 XV
922 2516 1211 2568 Charisius
1236 2517 1262 2568 1
1298 2533 1348 2583 p.
1389 2518 1484 2567 177
1522 2517 1584 2568 P.
1620 2515 2043 2567 ‘cotidiana’
2185 2515 2311 2566 XVI
2349 2516 2556 2566 Nonius
2581 2518 2666 2578 28,
2691 2518 2758 2567 25
2794 2519 2948 2565 ‘mu-

655 2585 897 2636 lierosi
937 2586 1071 2635 dicti
1107 2581 1395 2635 mulierum
1433 2589 1806 2650 appetentes.’
1949 2586 2103 2634 XVII
2141 2585 2351 2634 Nonius
2385 2588 2507 2646 433,
2542 2588 2610 2633 28
2645 2590 2949 2644 ‘morata,

651 2654 796 2717 qnod
834 2660 919 2702 est
971 2654 1270 2717 morigera,
1318 2659 1374 2703 et
1410 2668 1669 2702 morosa
1708 2652 1849 2701 hanc
1899 2652 2105 2702 habent
2148 2652 2503 2715 distantiam,
2552 2652 2695 2716 quod
2734 2668 2948 2702 morosa

654 2727 739 2771 est
774 2722 1066 2771 contrariis
1104 2727 1161 2770 et
1199 2721 1475 2785 peruersis
1514 2722 1793 2771 moribus!
1840 2720 2173 2781 (‘morata,
2221 2723 2556 2783 morigera
2593 2726 2650 2769 et
2686 2735 2948 2769 morosa

649 2789 794 2837 hanc
831 2789 881 2840 h.
920 2788 994 2850 d.‚
1032 2789 1175 2852 quod
1214 2796 1426 2838 morata
1449 2794 1532 2837 est
1567 2790 1706 2838 bene
1745 2788 2024 2850 instituta,
2063 2788 2337 2852 morigera
2361 2803 2559 2837 morem
2598 2802 2816 2849 gerens,
2853 2788 2945 2836 ob-

649 2871 911 2919 sequen83
953 2871 1166 2905 morosa
1190 2856 1480 2905 contrariis
1507 2861 1564 2905 et
1586 2872 1639 2920 p.
1667 2859 1759 2905 m.’
1797 2855 2203 2915 Quicheratius)
2274 2856 2422 2906 Idem
2459 2856 2577 2915 529,
2602 2858 2633 2904 6
2662 2856 2944 2918 ‘quotiens

651 2939 854 2987 genere
893 2928 1089 2973 neutro
1138 2922 1341 2988 plurali
1386 2938 1611 2973 numero
1658 2938 1866 2987 opera
1911 2921 2231 2987 legerimus,
2279 2922 2660 2987 significantur
2697 2923 2943 2972 fabricae

651 3028 664 3041 .
692 3029 702 3041 .
732 3032 744 3044 .
772 3007 895 3040 cum
932 3007 1134 3056 genere
1171 2992 1435 3041 feminino
1472 3006 1692 3041 numero
1729 2989 2029 3053 singulari,
2076 2990 2509 3055 intellegendum
2548 2995 2645 3039 aut
2680 3005 2818 3054 opus
2853 2988 2945 3039 uel

650 3058 807 3108 labor
833 3075 928 3122 pro
954 3059 1206 3109 mercede
1231 3064 1447 3122 sumpta
1472 3093 1485 3107 .
1513 3096 1526 3109 .
1556 3098 1568 3111 .
1596 3058 1861 3107 Afranius
1886 3057 2153 3122 Vopisco:
2188 3058 2433 3108 deinde
2460 3094 2473 3108 .
2493 3094 2505 3107 .
2529 3095 2540 3107 .
2567 3073 2685 3106 con
2703 3054 2944 3106 c—inno.’

784 3125 970 3176 XVIII
1007 3125 1293 3176 Charisius
1317 3126 1372 3175 11
1400 3142 1452 3190 p.
1482 3129 1576 3176 197
1605 3127 1665 3175 P.
1706 3125 2194 3181 ‘tumultuose.’
2333 3125 2461 3175 XIX
2502 3125 2709 3175 Nonius
2736 3126 2853 3185 262,
2889 3125 2945 3173 16

650 3194 1111 3243 ‘confidentia
1149 3209 1357 3243 rursum
1385 3195 1696 3258 temeritas,
1737 3193 1970 3243 audacia
1996 3233 2009 3247 .
2040 3231 2052 3243 .
2082 3230 2093 3242 .
2123 3230 2136 3245 .
2164 3193 2428 3244 Afranius
2453 3193 2721 3257 Vopisco:
2761 3191 2944 3242 exclu-

653 3262 774 3310 dat'
812 3279 859 3314 e.
899 3277 951 3325 q.
991 3277 1033 3314 8.

820 3439 942 3497 368
999 3441 1283 3495 conuiuam
1337 3442 1423 3495 ed.
1474 3438 1636 3497 1476
1694 3442 2007 3496 conuiuium
2060 3441 2197 3496 libri
2234 3457 2295 3511 p.
2343 3439 2464 3497 235
2520 3448 2576 3495 et
2633 3438 2945 3494 conuiuium

650 3527 786 3580 libri
822 3542 883 3595 p.
917 3524 1037 3581 337
1212 3524 1604 3596 Supplendum
1644 3524 1803 3579 habui
1835 3528 1927 3580 uel
1966 3528 2145 3582 simile
2175 3526 2313 3597 quid
2480 3524 2602 3581 369
2647 3522 2946 3578 cottidiano

654 3611 777 3665 cod.
906 3609 1166 3681 fortasse
1198 3626 1363 3682 opere
1393 3610 1447 3664 in
1480 3608 1752 3665 cotidiano
1786 3616 1847 3664 ut
1879 3608 2039 3665 rebus
2071 3626 2138 3663 m.
2176 3610 2538 3666 scribendum
2698 3607 2823 3664 370
2852 3607 2946 3679 qui

648 3695 943 3767 propositis
975 3696 1118 3763 cod„
1169 3697 1518 3765 transposui.
1553 3695 1645 3766 qui
1676 3694 1999 3767 praepositis
2046 3696 2134 3753 ed.
2175 3712 2270 3764 pr.
2319 3695 2411 3766 qui
2455 3693 2798 3766 praepositus
2830 3691 2944 3746 Fa-

647 3779 865 3834 bricius
1036 3794 1270 3833 uoenum
1316 3782 1532 3849 scripsi
1583 3778 1685 3847 nii,
1743 3782 1778 3833 i.
1841 3793 1889 3833 e.
1937 3795 2081 3834 nunc
2125 3781 2247 3835 cod.
2423 3779 2552 3850 quin
2597 3780 2813 3847 scripsi
2853 3775 2942 3848 qui

646 3865 768 3919 cod.
902 3864 1022 3935 quis
1054 3863 1416 3935 praepositus,
1450 3879 1592 3918 nunc
1623 3870 1828 3935 potest,
1876 3863 1967 3935 qui
2006 3863 2250 3919 Bolkius
2421 3862 2540 3918 371
2589 3860 2831 3917 conferat
2861 3875 2945 3914 me

644 3947 740 4018 (an
788 3947 904 4017 se?)
949 3946 1053 4000 alio
1099 3947 1221 4002 ilico
1268 3950 1490 4003 conieci
1532 3947 1745 4002 confert
1790 3946 2024 4017 (consret
2054 3947 2198 4002 Par.
2232 3946 2303 4018 P)
2347 3962 2431 4001 me
2476 3946 2599 4001 ilico
2644 3946 2748 4000 alio
2791 3945 2943 4013 libri,

643 4034 853 4106 quibus
896 4033 1025 4087 olim
1070 4036 1320 4087 seruatis
1364 4035 1723 4088 octonarium
1754 4033 2058 4088 iambicum
2100 4034 2534 4103 discripserunt.
2581 4030 2687 4085 alio
2731 4028 2947 4085 confert

645 4134 729 4171 me
776 4116 921 4170 illico
971 4115 1217 4173 Bolleius
1415 4116 1536 4173 372
1582 4116 1708 4172 dum
1757 4133 1840 4171 me
1886 4117 2264 4173 Passeratius
2305 4116 2433 4171 dum
2473 4117 2612 4171 libri
2661 4114 2788 4170 dum
2834 4128 2943 4168 non

642 4202 954 4257 Mercerus
1123 4199 1245 4257 373
1291 4201 1492 4273 aliquid
1532 4202 1669 4257 libri
1705 4218 1766 4271 p.
1801 4200 1924 4257 433
1971 4200 2025 4255 id
2070 4200 2214 4273 quod
2247 4202 2386 4257 libri
2408 4200 2674 4272 plerique
2715 4198 2788 4270 (id
2836 4216 2942 4253 om.

645 4285 821 4353 Colb.)
862 4303 924 4356 p.
970 4283 1093 4340 529
1235 4305 1243 4313 ·
1306 4287 1680 4341 controuersia
1730 4284 1934 4341 Bamb.
1981 4303 2042 4356 p.
2090 4286 2215 4341 529
2474 4284 2595 4340 374
2642 4275 2939 4359 concinno]

644 4371 868 4425 cacinno
917 4370 1120 4425 Bamb.
1159 4388 1220 4443 p.
1271 4370 1391 4426 529
1565 4370 1689 4426 ledo
1732 4370 1871 4426 libri
1907 4377 2153 4442 praeter
2195 4370 2369 4426 Harl.
2413 4387 2475 4444 p.
2523 4368 2648 4426 433
