3400 5075
1333 307 1655 360 Dncmvs
1693 306 2056 357 LABERIVS
2708 303 2834 368 285

1657 464 1723 530 II

723 584 1068 645 manuatus
1116 583 1216 645 est

1454 692 1939 762 ORETENSIS

586 812 675 875 40
1846 807 2313 894 fiirm'aeopoles
2361 808 2619 894 simiam

721 926 1037 991 Deamfire
1085 928 1314 1011 coepit.

1484 1039 1892 1106 EPHEBVS

1596 1157 1627 1220 I
1676 1155 1778 1243 (1)

726 1272 1083 1338 Licentiam
1132 1294 1206 1337 ae
1252 1271 1589 1339 libidinem
1637 1277 1711 1337 ut
1755 1245 1981 1337 tollz‘im
2030 1273 2195 1355 petis

719 1386 1009 1472 Togzitae
1057 1388 1292 1472 stirpis,

1577 1511 1642 1575 II
1691 1509 1793 1597 (2)

718 1623 966 1691 Idcirco
1015 1650 1137 1712 ope
1181 1630 1408 1692 nostra
1455 1623 1800 1691 dilatatum
1846 1629 1945 1690 est
1990 1627 2347 1692 d6minium

586 1742 675 1807 45
720 1741 1009 1828 Togatae
1056 1743 1288 1828 gentis,

543 1971 684 2004 cum
710 1990 724 2004 .
753 1994 766 2007 .
796 1993 806 2004 .
837 1954 1103 2006 labella
1140 1956 1358 2006 lenis!
1433 1954 1517 2005 Cf.
1555 1955 1776 2005 Afranii
1814 1957 2069 2006 Fratriae
2107 1956 2236 2006 XXI
2375 1957 2429 2008 11
2466 1957 2683 2008 Gellius
2706 1956 2831 2008 XV]

542 2024 652 2084 7,1
705 2020 991 2072 'Laberius
1036 2025 1093 2072 in
1139 2025 1345 2078 mimis.
1391 2038 1526 2088 quos
1571 2024 1942 2088 scriptitauit‚
1991 2025 2193 2090 oppido
2240 2040 2400 2087 quam
2456 2027 2629 2076 uerba
2680 2026 2837 2077 finxit

541 2090 926 2154 praelicenter.
1016 2092 1151 2139 Nam
1196 2097 1250 2139 et
1298 2092 1776 2140 mendicimonium
1816 2091 1954 2141 dicit
1991 2099 2045 2140 et
2097 2091 2544 2142 moecliimonium
2585 2099 2640 2143 et
2680 2094 2836 2143 adul-

540 2158 809 2206 terionem
856 2158 1375 2223 adulteritatemqne
1431 2174 1528 2223 pro
1585 2158 1861 2207 adulterio
1901 2199 1911 2209 .
1951 2196 1963 2208 .
2002 2202 2012 2212 .
2053 2165 2110 2208 et
2156 2160 2297 2224 quod
2346 2162 2399 2207 in
2447 2163 2608 2210 mimo
2665 2163 2833 2224 ponit.

543 2241 699 2289 quem
739 2226 1045 2290 Cophinum
1083 2228 1331 2291 scripsit,
1369 2234 1722 2275 manuatus
1761 2232 1862 2276 est
1900 2243 2020 2292 pro,
2061 2226 2277 2277 furatus
2314 2219 2434 2281 est?
2507 2228 2702 2293 [taque
2741 2230 2836 2278 ubi

541 2294 1134 2344 mendieimonium
1175 2299 1231 2342 et
1267 2294 1822 2343 moechimonium
1853 2301 1908 2342 et
1934 2295 2281 2344 adulterio
2321 2299 2376 2343 et
2415 2294 2838 2345 adulteritas

543 2359 721 2410 locum
757 2359 1083 2425 habuerint,
1123 2377 1153 2411 e
1193 2360 1372 2411 Gellio
1411 2361 1631 2425 quidem
1670 2375 1778 2410 non
1817 2361 2018 2412 elucet
2079 2362 2288 2411 Nonius
2328 2368 2508 2413 autem
2546 2379 2687 2427 quae
2725 2369 2838 2413 tra-

541 2428 623 2477 dit
650 2445 699 2493 p.
728 2432 842 2490 140,
869 2432 961 2478 31·
1002 2428 1637 2478 ‘mendieimonium’
1666 2427 2155 2527 (medimoneiurn
2181 2429 2339 2480 Colb.
2366 2430 2531 2492 Dan.)
2567 2435 2649 2481 et
2672 2447 2839 2480 moe

545 2493 929 2546 cimonium'
990 2495 1571 2559 (moechimonium
1628 2496 1922 2559 Bentinus)
2013 2497 2317 2547 ‘Laberius
2371 2500 2426 2548 in
2479 2498 2621 2550 libro
2677 2515 2837 2564 quem

543 2563 873 2628 Cropium’
914 2564 1305 2629 (Cophinum
1346 2563 1648 2627 Mereerus)
1686 2566 2017 2630 ‘inscripsit.
2092 2566 2149 2615 in
2198 2582 2262 2615 eo
2298 2567 2472 2616 uerba
2510 2568 2645 2616 haec
2685 2570 2839 2617 inue-

542 2632 684 2693 niet,
731 2635 823 2694 qui
845 2631 1147 2709 ,doetrinae
1187 2633 1423 2682 studium
1468 2634 1752 2697 putauerit
1786 2632 2173 2686 adhibendum.
2245 2635 2301 2682 in
2337 2649 2397 2683 eo
2445 2634 2589 2684 libro
2626 2651 2839 2728 quoque

515 2669 861 2751 ,maustus'
900 2700 1283 2761 (manuatus
1308 2700 1627 2762 Reatinus),
1668 2701 1834 2764 ‘quod
1863 2706 1952 2750 est
1978 2702 2218 2762 furatuS,
2245 2702 2495 2752 inuenire
2522 2707 2644 2752 est?
2683 2704 2840 2752 item·

546 2782 688 2870 quem
688 2783 736 2831 p.
776 2770 857 2828 70,
894 2770 926 2816 3
964 2767 1487 2818 ‘adulterionem
1527 2784 1623 2833 pro
1662 2768 1912 2818 adultero
1939 2769 2213 2818 Laberius
2252 2772 2645 2835 Quoprino:’
2685 2773 2839 2835 (quo

546 2844 741 2932 prino
776 2868 901 2918 Par.
939 2869 981 2917 P
1021 2869 1300 2933 coprino
1347 2869 2498 2930 Bamb.'rurie.001b.1)an.,ms.1unii
2545 2870 2839 2936 Caprino

545 2938 824 2985 Mereerus
861 2934 1162 3000 Cophino
1198 2937 1467 2997 Iunius)‘
1475 2953 1633 3001 quem
1677 2939 1723 2985 si
1762 2937 1884 3000 quis
1929 2936 2114 3001 legere
2152 2938 2422 2998 uoluerit,
2469 2938 2547 2987 ibi
2592 2940 2840 2988 inueniet

547 3009 603 3051 et
639 3002 798 3053 fidem
836 3009 1078 3053 nostram
1117 3020 1217 3053 sua
1265 3004 1559 3069 diligentia
1604 3004 1918 3054 adiuuabit’
1957 3020 2022 3054 ex
2058 3002 2209 3055 nullo
2256 3006 2366 3055 alio
2415 3007 2568 3055 fonte
2615 3007 2723 3054 nisi
2772 3022 2837 3054 ex

549 3071 740 3120 eodem
779 3071 960 3120 Gellio
1006 3072 1194 3121 hausit
1241 3073 1467 3137 eiusque
1516 3073 1581 3122 de
1629 3087 1737 3120 uno
1781 3072 2053 3121 uocabulo
2100 3073 2474 3123 testimonium
2522 3077 2726 3129 temere
2768 3073 2839 3122 ad

548 3139 764 3202 reliqua
799 3139 1108 3189 transtulit.
1180 3140 1267 3189 Cf.
1305 3140 1567 3189 Hertzius
1604 3139 1811 3189 annau.
1852 3140 2064 3205 philon.
2107 3143 2236 3191 1862
2276 3158 2327 3206 p.
2364 3143 2479 3189 724.

684 3223 988 3273 Cns‘rsums
1061 3224 1346 3274 Charisius
1384 3226 1407 3274 1
1445 3241 1495 3290 p.
1532 3226 1600 3273 84
1636 3225 1693 3273 P.
1741 3227 2022 3275 ‘simiam
2068 3232 2324 3274 auctores
2369 3225 2626 3274 dixerunt
2669 3226 2839 3275 etiam

550 3293 606 3341 in
641 3287 972 3355 masculino,
1020 3297 1079 3342 ut
1113 3293 1378 3342 Afranius
1403 3329 1415 3342 .
1445 3330 1457 3342 .
1489 3330 1500 3341 .
1539 3293 1816 3342 Laberius
1860 3300 2043 3342 tamen
2090 3293 2147 3342 in
2183 3293 2436 3342 Cretensi
2485 3294 2592 3342 ait:
2641 3293 2840 3342 sarma-

551 3393 792 3459 eopoles'
832 3410 882 3444 e.
925 3409 976 3457 q.
1015 3410 1059 3447 s.
1097 3370 1333 3459 (etens.
1372 3393 1493 3444 eod.
1534 3398 1676 3443 teste
1719 3393 1783 3442 H.
1822 3393 1912 3456 K.‚
1961 3394 2053 3457 qui
2089 3391 2335 3442 ultimam
2373 3392 2615 3443 litteram
2654 3395 2839 3458 legere

549 3510 656 3544 non
695 3496 900 3561 potuit,
950 3512 979 3545 e
1016 3502 1200 3546 autem
1226 3494 1536 3561 significare
1573 3510 1680 3543 ere
1710 3499 1910 3543 monet.
1951 3495 2220 3544 creunsi
2258 3495 2339 3544 ed.
2366 3511 2442 3559 pr
2481 3510 2601 3544 cum
2639 3498 2840 3545 ceteris

550 3568 677 3613 ante
718 3562 1176 3629 Lindemannum)

686 3652 943 3700 Eum-:svs
1011 3651 1325 3701 Macrobius
1360 3650 1474 3703 Sat.
1511 3649 1587 3699 Vl
1624 3652 1674 3711 5,
1717 3651 1778 3699 15
1814 3647 2099 3698 ‘decenter
2136 3653 2193 3697 et
2228 3648 2313 3697 his
2353 3648 2612 3713 epithetis
2641 3651 2838 3713 Vergi

549 3716 653 3766 lius
690 3733 821 3769 usus
867 3724 951 3768 est
988 3755 998 3767 .
1039 3756 1049 3766 .
1086 3758 1098 3770 .
1137 3734 1234 3783 pro
1279 3718 1537 3767 Romanis
1585 3722 1968 3781 gentemque
2016 3723 2343 3778 togatam,
2391 3731 2616 3780 quorum
2666 3717 2841 3767 altero

551 3786 815 3846 Sueuius,
862 3785 1040 3835 altero
1078 3785 1351 3835 Laberius
1395 3800 1527 3836 usus
1574 3792 1696 3833 erat
1731 3827 1742 3839 .
1770 3826 1783 3839 .
1809 3821 1821 3834 .
1852 3824 1862 3833 .
1900 3799 1965 3833 ac
2002 3822 2053 3835 ..
2091 3783 2363 3833 Laberius
2412 3784 2468 3833 in
2508 3784 2733 3849 Ephebo
2771 3783 2841 3849 [Ι]

554 3852 698 3902 idem
736 3855 885 3904 infra
922 3851 1070 3920 [11].'
1143 3853 1414 3925 (ephestio
1453 3853 1628 3903 Paris.
1669 3852 1725 3917 a)

720 4051 798 4107 41
849 4051 1092 4107 ‹le-‘imore
1138 4051 1447 4109 Pul-eckius
1494 4059 1546 4106 te
1592 4066 1768 4105 amare
1815 4052 1938 4107 cod.
2113 4051 2309 4124 occipit
2355 4048 2665 4106 Putschius

569 4137 745 4194 Vnum
792 4141 1086 4193 senarium
1130 4137 1374 4193 deamzire
1419 4136 1598 4209 coepit
1646 4135 2032 4208 sfirmacopoles
2076 4135 2286 4190 simiam
2325 4134 2715 4191 Buecheler-us
2759 4135 2845 4207 es·

549 4225 727 4294 finxi!
939 4221 1020 4277 42
1066 4220 1307 4278 Licentisi
1353 4223 1496 4278 Par.
1544 4239 1578 4276 α
1780 4221 1922 4294 petis
1967 4237 2072 4275 om.
2122 4220 2264 4275 Par.
2313 4239 2349 4275 a
2553 4218 2633 4274 44
2680 4236 2843 4296 opera

553 4307 706 4369 Med.
753 4325 787 4362 α
