3400 5075
1235 350 1626 403 CAECILIVS
1663 350 1970 403 STATIVS
2696 351 2779 417 47

1505 505 1601 570 VI
1650 504 1753 593 (4)

649 620 905 686 Gan-uli
952 622 1090 686 sine
1137 621 1361 686 dentes
1410 622 1680 705 iactent,
1727 619 1868 686 sine
1915 623 2244 687 nictentur
2290 625 2568 707 perticis.

1487 736 1616 802 VII
1662 735 1762 822 (6)

650 849 804 915 Sine
852 875 1035 916 suam
1083 856 1476 917 senectutem
1525 853 1720 917 ducat
1764 856 1965 936 lisque
2014 853 2095 917 ad
2143 855 2392 918 senium
2439 856 2698 920 s6rbi10.

1466 966 1629 1031 VIII
1679 964 1782 1053 (5)

651 1080 1000 1167 Prodl'gere
1048 1087 1139 1167 et,
1186 1104 1331 1147 cum
1377 1082 1542 1147 m'hil
1587 1082 1859 1166 habene,
1903 1082 2014 1147 ted
2059 1081 2325 1148 inridier

1494 1197 1590 1261 IX
1637 1195 1738 1282 (8)

501 1285 608 1348 74¹
644 1285 879 1350 nudius
925 1288 1155 1351 tertius

828 1400 1579 1466 HYPossoLmAuvs
1632 1398 1792 1487 [siue
1840 1400 2390 1489 svssnmvos]

1523 1516 1555 1580 1
1603 1513 1704 1602 (1)

511 1631 592 1694 75
640 1682 652 1695 .
704 1681 717 1694 .
765 1652 1141 1695 aerumnam
1190 1631 1433 1716 pariter
1478 1629 1761 1695 tetulisti'
1802 1652 2028 1696 meam.

465 1814 512 1847 e.
551 1813 602 1862 q.
639 1812 686 1850 s.
826 1799 930 1849 vu
967 1800 1170 1849 Festus
1217 1814 1269 1863 p.
1306 1802 1407 1850 339
1442 1799 1517 1849 M.
1569 1799 1864 1849 ‘senium
1910 1814 1944 1849 a
1979 1797 2143 1849 senili
2180 1799 2486 1849 acerbitate
2525 1806 2579 1849 et
2614 1801 2768 1851 uitiis

465 1865 670 1915 dictum
695 1867 879 1930 posuit
905 1864 1186 1917 Caecilius
1211 1868 1268 1915 in
1287 1865 1592 1929 Hymnide:
1630 1868 1773 1917 sine’
1804 1882 1852 1919 e.
1878 1881 1929 1930 q.
1954 1881 1998 1917 s.
2106 1865 2237 1917 VIII
2273 1867 2475 1917 Festus
2498 1883 2548 1931 p.
2575 1870 2675 1919 229
2694 1871 2768 1919 Μ.

461 1932 922 1997 ‘prodegeris,
979 1934 1412 1998 consumpseris,
1469 1933 1804 1999 perdideris’
1853 1930 1948 1999 (cf.
1995 1948 2132 1988 mus.
2179 1934 2350 1984 Rhen.
2395 1934 2474 1984 VI
2515 1935 2634 1993 622)
2684 1941 2769 1986 ‘ut

461 1997 743 2050 Caecilius
789 2000 846 2050 in
891 2000 1159 2063 Hymni:
1205 2000 1518 2065 prodigere’
1567 2016 1613 2050 e.
1654 2016 1706 2065 q.
1741 2016 1786 2051 s.
1937 2000 2016 2051 lx
2054 2000 2343 2052 Charisius
2378 2002 2434 2053 11
2479 2018 2531 2068 p.
2572 2004 2668 2053 185
2703 2004 2763 2054 P.

461 2067 730 2118 ‘nudius
778 2067 1031 2117 tertius
1067 2066 1351 2118 Caecilius
1385 2069 1442 2118 in
1480 2068 1798 2131 Hymnide.’
2433 2124 2444 2135 ,

559 2135 1069 2186 Hrrosonnmsvs.
1125 2136 1210 2185 De
1235 2135 1397 2185 huius
1421 2135 1650 2186 fabulae
1677 2141 2000 2200 argumento
2027 2136 2399 2185 coniecturam
2427 2136 2611 2188 facere
2638 2137 2774 2199 licet,

462 2216 530 2251 ex
565 2201 830 2252 Varronis
881 2201 948 2251 de
994 2218 1052 2253 re
1098 2208 1234 2254 rust.
1282 2200 1334 2253 11
1385 2206 1475 2265 11,
1526 2205 1584 2251 11
1634 2203 1755 2253 loco
1794 2207 2006 2267 ‘neque
2043 2218 2154 2252 non
2202 2204 2467 2267 quaedam
2505 2207 2765 2255 nationes

460 2269 671 2318 harum’
710 2270 810 2332 (sc.
841 2270 1152 2334 caprarum)
1189 2270 1453 2335 ‘pellibus
1490 2274 1621 2320 sunt
1657 2271 1898 2321 nestitae
1928 2310 1941 2324 .
1968 2305 1982 2320 .
2009 2308 2024 2324 .
2053 2271 2211 2320 cuius
2247 2286 2402 2320 usum
2440 2272 2587 2336 apud
2623 2274 2767 2322 auti·

461 2351 594 2400 quos
631 2352 843 2401 quoqne
882 2336 1126 2387 Graecos
1174 2338 1347 2388 fuisse
1394 2341 1638 2402 oportet,
1685 2338 1830 2402 quod
1877 2338 1933 2387 in
1979 2337 2283 2402 tragoediis
2311 2353 2491 2389 *senes
2540 2341 2610 2389 ab
2658 2340 2766 2389 hac

458 2403 606 2468 pelle
653 2409 927 2454 uocantur
980 2403 1322 2469 διφθερίαι,
1379 2411 1436 2455 et
1479 2405 1535 2454 in
1590 2405 1892 2455 comoediis
1945 2405 2060 2469 qui
2115 2407 2180 2454 in
2238 2406 2507 2455 rustico
2560 2422 2765 2471 opere

459 2476 829 2534 morantur,
876 2477 949 2521 ut
993 2471 1167 2536 apud
1213 2472 1591 2523 Caecilium
1640 2474 1708 2522 in
1754 2471 2292 2537 Hypobolimaeo
2350 2472 2560 2522 habet
2608 2473 2766 2524 adu-

459 2539 759 2603 lescens,
822 2539 968 2604 apud
1022 2541 1338 2592 Terentium
1386 2541 1445 2590 in
1498 2541 2090 2592 Hautontimorumeno
2136 2544 2347 2595 senex.’
2419 2541 2570 2590 Hinc
2619 2545 2763 2592 enim

463 2605 820 2657 confirmatur
866 2607 1010 2670 quod
1055 2608 1371 2658 Meinekius
1416 2607 1563 2660 Men.
1611 2625 1665 2674 p.
1718 2611 1814 2659 172
1858 2612 2162 2669 statuerat,
2210 2624 2278 2657 ex
2321 2607 2764 2673 Hypobolimaeo

460 2674 640 2739 petita
689 2689 813 2725 esse
862 2689 1005 2738 quae
1053 2678 1248 2726 narrat
1291 2674 1489 2726 Cicero
1535 2690 1634 2741 pro
1678 2677 1843 2729 Rosc.
1890 2675 2008 2726 Am.
2050 2677 2128 2736 16,
2163 2677 2229 2725 46
2278 2679 2295 2706 ‘
2398 2676 2493 2725 uid
2539 2676 2763 2726 tandem

458 2742 561 2792 tibi
595 2741 844 2805 uidetur,
884 2745 944 2791 ut
980 2741 1048 2791 ad
1088 2741 1313 2792 fabulas
1358 2743 1670 2806 ueniamus,
1719 2758 1922 2794 senex
1968 2742 2093 2793 ille
2145 2742 2358 2793 Caeci
2401 2743 2600 2792 ianus
2646 2746 2766 2793 mi-

460 2809 647 2859 noris
687 2809 924 2859 facere
963 2809 1355 2873 Eutychum’
1394 2809 1732 2874 (eutycum
1767 2810 1989 2861 Monac.
2026 2826 2095 2862 m.
2135 2812 2162 2858 1
2201 2814 2353 2860 recte
2402 2810 2762 2875 euthycum

459 2877 675 2927 Veneta
731 2876 1072 2927 euthicum
1118 2876 1423 2938 Wolfenb.,
1480 2883 1537 2927 et
1589 2879 1673 2929 sic
1735 2878 1904 2927 infra.
1962 2877 2305 2927 enthinum
2360 2877 2528 2928 Laur.
2582 2880 2678 2940 52,
2737 2882 2756 2927 1

458 2943 862 2994 Aeschinum
900 2949 956 2993 et
992 2944 1142 2994 iufra
1177 2944 1559 2994 Aeschinus
1594 2944 1944 3010 Spengelius.
2015 2945 2190 2995 Deest
2233 2944 2391 2995 locus
2437 2946 2494 2994 in
2533 2946 2765 3010 Lagom.

458 3012 545 3069 26)
584 3011 843 3060 ‘filium
890 3012 1241 3073 rusticum,
1300 3027 1495 3076 quam
1549 3012 1742 3062 illum
1789 3011 2082 3063 alterum
2129 3007 2761 3063 ChaerestratumP’

459 3074 982 3139 (caerestratum
1005 3078 1282 3129 Wolfenb.
1309 3080 1540 3141 Monac„
1566 3080 1741 3141 recte)
1779 3084 1946 3130 ‘nam
1970 3085 2043 3130 ut
2076 3079 2318 3145 opinor
2354 3080 2477 3130 hoc
2502 3082 2764 3144 nqmine

460 3151 578 3195 est.
652 3146 940 3196 alterum
977 3146 1040 3195 in
1079 3148 1241 3198 urbe
1290 3161 1514 3197 secum
1559 3147 1840 3198 honoris
1888 3159 2097 3197 causa
2140 3147 2424 3210 habere,
2471 3147 2761 3197 alterum

459 3227 572 3262 rus
606 3211 939 3278 supplicii
976 3227 1186 3264 causa
1222 3213 1610 3278 relegasse?
1637 3250 1650 3264 .
1676 3249 1691 3264 .
1717 3249 1731 3264 .
1769 3230 1928 3265 nemo
1953 3215 2112 3265 uobis
2140 3215 2324 3279 magis
2348 3218 2508 3264 notus
2546 3215 2763 3264 futurus

458 3280 531 3329 sit
567 3295 727 3344 quam
766 3284 853 3330 est
887 3279 976 3330 hic
1013 3281 1320 3346 Eutychus,
1364 3287 1419 3330 et
1462 3285 1614 3332 certe
1653 3282 1725 3332 ad
1771 3298 1884 3333 rem
1922 3281 2061 3332 nihil
2098 3282 2247 3331 inter
2290 3282 2365 3331 sit
2398 3287 2581 3332 utrum
2618 3282 2762 3332 hunc

458 3362 561 3411 ego
602 3348 870 3398 comicum
896 3346 1308 3399 adulescentem
1345 3363 1418 3399 an
1444 3348 1684 3414 aliquem
1722 3365 1790 3399 ex
1828 3364 1961 3415 agro
1985 3347 2219 3398 Veiente
2259 3349 2570 3404 nominem)
2625 3349 2761 3410 Qui-

457 3414 558 3465 bus
610 3414 757 3479 quod
810 3414 967 3465 addit
1018 3415 1326 3466 scholiasta
1381 3416 1769 3468 Gronouianus
1820 3433 1875 3483 p.
1929 3417 2030 3466 429
2084 3416 2174 3467 Or.
2230 3416 2400 3480 ‘apud
2453 3414 2762 3467 Caecilium

456 3577 573 3630 eius
617 3592 724 3631 om.
779 3574 1052 3646 BothiuS,
1114 3583 1176 3632 ut
1227 3579 1397 3649 fieret
1449 3579 1750 3640 senarius,-
1798 3577 2074 3649 probauit
2131 3575 2505 3648 Spengelius:
2563 3576 2758 3632 hiatus

457 3675 639 3715 causa
688 3659 910 3716 huiusce
955 3662 1145 3716 malim
1402 3659 1481 3716 72
1528 3661 1732 3735 garruli
1788 3661 1904 3716 sine
1962 3659 2152 3715 dentes
2200 3659 2470 3734 Scaliqer
2525 3661 2756 3733 garrulis

456 3742 733 3799 medentes
779 3745 904 3800 cod.
1108 3743 1186 3802 73
1233 3753 1503 3801 senectam
1546 3761 1819 3802 numeros
1858 3746 2035 3816 paulo
2078 3747 2333 3801 leniores
2376 3745 2633 3802 reddat:'
2673 3744 2755 3817 cs.

456 3846 514 3882 u.
548 3827 628 3883 28
758 3844 934 3901 usque
966 3828 1267 3885 Bentleae'us
1294 3833 1354 3885 in
1392 3830 1522 3885 Ter.
1556 3833 1649 3886 ad.
1679 3829 1716 3884 1
1733 3830 1781 3885 V
1805 3829 1864 3900 2,
1897 3828 2000 3901 52,
2027 3830 2300 3900 probauit
2337 3836 2473 3900 post
2504 3828 2756 3903 Spenye-
2849 3847 2864 3854 ·

450 3912 590 3968 lium
620 3912 1035 3969 Lachmannus
1076 3915 1132 3969 in
1177 3914 1351 3970 Lacr.
1386 3913 1512 3971 250
1556 3916 1743 3987 utique
1790 3915 1938 3985 cod.‚
1983 3915 2137 3986 quod
2177 3916 2384 3969 retinet
2432 3913 2758 3969 Grauertus

455 3997 626 4052 Anat.
658 4014 717 4068 p.
751 3996 832 4053 82
880 3995 1248 4070 ‘quamquam
1271 3999 1622 4069 praeplacet
1654 3995 1880 4071 usque';
1926 4001 2057 4054 item
2100 4001 2338 4054 seruari
2379 4000 2503 4056 uult
2547 3996 2760 4054 Schoe-

452 4096 703 4136 mcmnus
730 4097 931 4154 opusc.
967 4084 1138 4138 acad.
1173 4081 1212 4136 I
1224 4083 1270 4138 V
1299 4081 1421 4140 296
1562 4080 1767 4138 sorbilo
1799 4080 2100 4139 Bentleius
2127 4080 2359 4137 sorbitio
2391 4083 2514 4139 cod.
2548 4080 2757 4137 sorbito

455 4164 794 4236 Spenyelius
824 4167 1091 4221 sonticum
1126 4166 1453 4223 Grauertus
1582 4165 1663 4222 74
1693 4174 1748 4220 et
1778 4169 1994 4236 scripsi
2021 4175 2105 4222 est
2136 4167 2262 4223 cod.
2392 4165 2469 4221 nil
2512 4164 2759 4221 Botkius

625 4248 716 4303 ted
763 4248 983 4306 inridier
1014 4251 1234 4307 Neuius
1273 4268 1364 4324 qr.
1408 4252 1511 4306 lat.
1556 4250 1627 4306 11
1667 4248 1788 4306 327
1838 4256 1891 4304 te
1938 4250 2158 4306 inridier
2204 4252 2331 4307 cod.
2377 4259 2430 4304 te
2472 4247 2756 4305 inridet-ier

454 4333 764 4388 Dacerim.
857 4334 941 4406 cf.
976 4334 1262 4407 Beryltius
1294 4337 1470 4406 symb.
1516 4334 1555 4390 I
1596 4334 1714 4390 137
1891 4333 1970 4390 75
2011 4338 2358 4404 praemittas
2397 4350 2517 4389 nam
2551 4351 2756 4389 mecum
