3400 5075
628 291 715 355 50
1392 292 1779 345 0A1301L1vs
1818 278 2142 367 STA‘mvs

1625 447 1789 512 vm
1838 446 1940 535 (4)

806 561 994 626 Prius
1028 560 1130 648 [ad
1178 563 1383 626 rauim
1434 565 1659 646 poscas
1707 585 1942 646 panem
1990 563 2183 646 quam
2237 562 2631 650 place]ntam
2679 566 2923 629 feceris

991 737 1742 803 HYPOBOLIMAEVS
1808 738 2564 805 OHAERESTRATVS

675 854 760 917 85
806 852 978 917 Nam
1025 855 1150 917 ista
1197 855 1456 937 quidem
1502 877 1673 919 noxa
1720 855 2079 919 missiebrist
2123 856 2330 939 magis
2378 856 2570 939 quam
2619 858 2757 921 uiri.

1127 1003 1874 1069 HYPOBOLIMAEVS
1920 1003 2426 1076 RASTRARIA

1681 1119 1714 1182 Ι
1789 1121 1832 1182 4

806 1232 1161 1297 Obsfirduit
1207 1235 1336 1298 iam
1382 1234 1543 1298 haec
1591 1232 1660 1298 1‘11
1709 1118 1809 1298 m(e
1835 1118 2166 1299 >aerumna
2211 1233 2487 1299 miseria.

1669 1375 1737 1439 II
1785 1374 1885 1463 (6)

808 1491 889 1554 In
936 1492 1118 1555 uolssu
1166 1491 1419 1575 eodem,
1465 1492 1533 1553 in
1580 1490 1803 1554 eadem
1850 1496 2103 1555 mantat
2148 1491 2412 1555 malitia.

1658 1632 1760 1696 ΠΙ
1806 1631 1905 1717 (5)

806 1746 948 1811 Hos
996 1744 1376 1831 singulatim
1423 1747 1677 1830 sapere,
1722 1770 1843 1811 nos
1890 1747 2102 1810 minus
2150 1746 2444 1811 arbitror.

1649 1895 1736 1963 TV
1793 1895 1893 1982 (2)

809 2012 1063 2075 Rabere
1112 2033 1178 2076 se
1225 2012 1319 2074 ait

632 2238 759 2283 sunt
783 2233 931 2283 fumo
957 2231 1200 2281 sordida’
1227 2232 1486 2282 Vaticani
1511 2230 1620 2295 RS)
1736 2230 1868 2282 VIII
1892 2230 2094 2281 Festus
2128 2247 2178 2296 p.
2204 2234 2306 2282 274
2329 2233 2402 2281 Μ.
2432 2238 2569 2282 ‘rau
2589 2234 2668 2282 im
2694 2232 2931 2300 anti[qni

632 2301 894 2350 dicebant
920 2316 1016 2365 pro
1044 2296 1361 2365 raucitate]
1428 2298 1661 2350 Plautus
1699 2326 1764 2334 —
1800 2325 1866 2334 —
1894 2297 2216 2364 [Caecilius]
2257 2300 2321 2348 in
2361 2301 2927 2366 Hypobolimaeo:

678 2370 812 2418 rius’
852 2384 898 2417 e.
976 2410 986 2420 .
1026 2384 1068 2417 Β.

640 2385 673 2434 p
767 2383 1250 2485 Hrpogonmmvs
1289 2433 1771 2484 Cnaanns‘rnarvs
1842 2435 2050 2484 Festus
2085 2450 2138 2499 p.
2179 2435 2274 2484 174
2299 2434 2371 2483 Μ.
2412 2440 2609 2485 ‘noxa
2647 2443 2929 2501 peccatum

633 2510 732 2555 aut
770 2518 863 2569 pro
888 2508 1121 2568 peccato
1159 2518 1391 2568 poenam
1431 2535 1497 2544 —
1534 2503 1691 2563 item,
1729 2517 1848 2552 cum
1886 2501 1973 2552 lex
2011 2501 2165 2553 iubet
2190 2517 2365 2553 noxae
2403 2502 2630 2566 dedere,
2670 2521 2766 2570 pro
2805 2520 2931 2569 pec·

633 2576 758 2622 cato
806 2570 934 2621 dedi
982 2571 1154 2621 iubet.
1237 2569 1515 2621 Caecilius
1568 2572 1625 2619 in
1670 2569 2209 2636 Hypobolimaeo
2255 2571 2725 2622 chaerestato:
2782 2575 2929 2622 nam’

637 2655 684 2689 e.
725 2654 774 2703 q.
813 2654 855 2687 s.
897 2637 1416 2701 (Chaerestrato
1455 2637 1729 2703 Scaliger)

769 2706 1254 2755 Hrrononmaavs
1293 2707 1618 2755 Ram-mma
1696 2706 1722 2756 1
1760 2706 1971 2755 Nonius
2009 2707 2121 2768 147,
2155 2708 2185 2754 3
2224 2705 2638 2756 ‘obsorduit‘
2679 2707 2931 2769 (obsur-

634 2774 780 2822 duit
814 2772 1029 2835 Bamb.,
1074 2775 1132 2822 in
1179 2789 1284 2838 quo
1326 2773 1523 2822 lemma
1561 2772 1736 2822 solum
1774 2771 1952 2836 extat)
2001 2772 2316 2822 ‘obsoleuit.
2388 2773 2666 2823 Caecilius
2705 2775 2929 2837 Hypo-

632 2841 774 2891 uoli
812 2841 1186 2892 Ristraria:
1226 2841 1483 2891 obsordui
1608 2880 1620 2893 .
1649 2856 1698 2905 q.
1728 2855 1770 2890 8.
1808 2839 2373 2905 (Hypobolimaea
2410 2841 2763 2890 Rastraria
2801 2842 2930 2891 Sca-

630 2908 774 2973 liger
801 2908 1009 2973 Castig.
1047 2908 1119 2957 ad
1146 2909 1297 2958 Fest.
1323 2925 1376 2973 p.
1408 2909 1498 2957 CX
1716 2907 1774 2959 11
1808 2908 2016 2957 Nonius
2041 2909 2157 2969 505,
2194 2909 2259 2957 23
2299 2913 2579 2957 ‘mantat
2606 2924 2701 2973 pro
2726 2915 2928 2957 manet.

635 2975 915 3026 Caecilius
963 2976 1199 3040 IIypob
1246 2976 1635 3027 Raeti-aria:
1683 2975 1741 3025 in
1787 2975 1963 3025 uoltu’
2013 2991 2058 3028 e.
2108 2991 2158 3039 q.
2198 2990 2240 3023 s,
2381 2975 2464 3026 111
2501 2976 2713 3025 Nonius
2753 2978 2864 3037 176,
2902 2977 2931 3025 7

634 3044 1063 3109 ‘singulatim
1090 3048 1146 3093 et
1170 3042 1521 3108 singillatim,
1558 3060 1591 3092 a
1626 3043 1879 3104 singulis.
1952 3042 2235 3092 Caecilius
2269 3042 2613 3106 Hypoboli
2651 3043 2933 3092 Baetra·

635 3111 763 3161 riaz
803 3112 931 3162 hos’
971 3127 1017 3160 e.
1058 3127 1109 3175 q.
1149 3125 1192 3161 a.
1333 3110 1409 3160 lv
1445 3110 1655 3160 Nonius
1689 3113 1784 3172 40,
1823 3115 1853 3160 3
1893 3110 2167 3161 ‘tabere
2216 3110 2423 3160 dictum
2460 3114 2547 3159 est
2582 3127 2615 3159 a
2654 3111 2809 3160 rabie
2837 3151 2850 3164 .
2882 3149 2892 3158 .
2922 3150 2933 3163 .

636 3178 917 3229 Caecilius
950 3176 1487 3243 Hypobolimaeo
1514 3178 1907 3228 Raeti-abia:
1947 3195 1986 3230 r.
2012 3193 2056 3230 s,
2084 3181 2158 3227 a.’
2197 3176 2637 3241 (hipolimaeo
2678 3183 2930 3228 rastra-

634 3248 745 3298 bia
780 3248 848 3295 W
886 3244 1394 3310 hipobolimaeo
1431 3246 1815 3296 trastrabia
1852 3246 2012 3296 Leid.
2053 3245 2413 3295 Rastraria
2451 3245 2569 3297 cod.
2597 3261 2692 3299 ms,
2729 3246 2933 3294 habere

636 3360 951 3384 ——ss

804 3440 885 3497 84
940 3443 1213 3513 suppleui
1254 3443 1625 3498 uersiculum.
1715 3442 1866 3513 prius
1924 3440 2001 3496 Ad
2062 3441 2230 3495 rauim
2286 3442 2558 3514 poscariS,
2605 3455 2762 3512 quam
2818 3438 2933 3513 pla·

635 3535 843 3583 centem
905 3525 1094 3582 seceris
1169 3527 1408 3582 Vrsinus
1461 3527 1612 3600 prius
1671 3525 1749 3580 Ad
1815 3526 1983 3580 rauim
2049 3542 2242 3597 poscas
2313 3542 2471 3598 quam
2536 3523 2836 3597 placentem
2897 3522 2933 3582 f.

638 3613 965 3668 Grauertus
1012 3613 1178 3666 Αηαὶ.
1226 3610 1304 3666 74
1351 3628 1697 3683 quamquam
1728 3625 1962 3666 monens
2005 3610 2144 3666 nihil
2182 3625 2354 3680 posse
2400 3608 2715 3682 affirmari.
2785 3609 2933 3682 prius

636 3696 699 3751 ad
759 3696 925 3749 rauim
984 3697 1226 3768 proceris
1282 3711 1438 3768 quam
1496 3710 1581 3748 me
1635 3692 1934 3767 placentem
1994 3693 2030 3748 s.
2079 3694 2374 3749 Dacerius
2427 3693 2490 3748 ad
2558 3694 2727 3747 rauim
2785 3694 2935 3765 prius

637 3781 877 3853 poscaris
924 3798 974 3853 q.
1020 3779 1317 3852 placentam
1366 3779 1401 3834 s.
1437 3778 1783 3852 Spenyelius
1953 3777 2032 3834 85
2078 3779 2245 3833 istaec
2278 3778 2605 3833 Grauertus
2634 3777 2806 3833 Anat.
2857 3775 2934 3832 75

807 3862 1127 3919 muliebri’st
1183 3865 1354 3936 magis
1410 3878 1567 3935 quam
1629 3863 1729 3917 uiri
1796 3861 1859 3918 0.
1915 3861 2235 3918 Muellerus
2280 3860 2596 3917 muliebrem
2655 3869 2709 3915 et
2765 3861 2936 3934 magis

640 3964 799 4021 quam
847 3949 946 4002 uiri
994 3950 1117 4003 cod.
1170 3945 1444 4002 muliebris
1490 3954 1575 4001 est
1622 3962 1691 4000 m.
1741 3963 1793 4018 q.
1841 3963 1894 4000 u.
1959 3947 2197 4003 Vrsinus
2241 3945 2503 4002 muliebre
2549 3954 2631 4000 est
2679 3962 2750 4001 m.
2798 3963 2848 4019 q.
2883 3963 2937 4000 u.

641 4033 885 4088 Bothius
930 4031 1169 4088 mulieris
1218 4033 1287 4086 ’st
1332 4047 1401 4086 m.
1436 4049 1488 4104 q.
1521 4046 1578 4085 u.
1628 4030 1958 4087 Grauercus
1998 4029 2239 4086 mulieris
2286 4031 2454 4104 magis
2502 4046 2661 4102 quam
2707 4031 2810 4084 uiri
2855 4036 2939 4084 est

641 4116 966 4173 Meinelcius
997 4116 1151 4172 Men.
1187 4134 1252 4188 p.
1303 4115 1419 4170 172
1594 4114 1673 4170 86
1722 4115 2007 4171 obsorduit
2048 4117 2213 4172 libri.-
2258 4115 2337 4187 cf.
2372 4117 2451 4170 ad
2478 4114 2556 4171 96
2728 4114 2781 4167 in
2830 4105 2935 4186 me]

641 4202 837 4256 iuuene
884 4200 1127 4258 Botlzius
1173 4199 1208 4254 2
1256 4201 1307 4254 in
1360 4215 1476 4254 mea
1521 4202 1728 4256 suadet
1773 4201 2185 4256 Fleckeisenus
2356 4198 2436 4254 88
2495 4215 2593 4253 nos
2645 4215 2690 4250 S.
2736 4213 2781 4250 s,
2826 4210 2936 4248 non

643 4285 889 4341 Bolhius
919 4283 954 4338 2
1130 4284 1208 4340 89
1257 4282 1442 4339 rehere
1475 4285 1628 4340 Leid.
1663 4282 1806 4339 rabie
1840 4282 2025 4339 tabere
2059 4284 2400 4339 Gebhardus
2444 4283 2573 4336 Ant.
2619 4281 2749 4336 lect.
2794 4275 2831 4332 J
2862 4277 2932 4333 11
