3400 5075
739 272 1023 327 LXXVIII
1613 270 2146 327 COROLLARIVM

730 435 1051 500 Polluitur
1107 433 1382 518 aether',
1438 439 1504 497 et
1550 434 1798 498 Plinius
1845 457 1905 499 n.
1953 435 2015 498 h.
2061 436 2308 518 passim
2366 437 2579 500 dirum
2636 437 2898 502 odorem
2947 439 3028 524 (e.

730 566 779 608 c.
828 543 922 607 VI
974 543 1074 625 11,
1121 542 1209 606 30
1256 540 1469 605 ‘amne
1516 541 1639 605 diri
1689 542 1907 606 odoris
1955 541 2236 626 fluente’,
2289 542 2412 606 VII
2458 544 2555 625 15,
2586 542 2716 630 64).
2783 545 3028 611 Tamen

728 672 859 714 non
904 671 1071 734 nego
1127 648 1368 712 habere
1416 670 1542 732 quo
1601 648 2087 713 commendetur
2142 650 2547 714 octonarium
2604 649 3027 716 Studemundi

728 755 927 822 hunc:
974 756 1168 838 apdye
1211 755 1315 832 sis,
1361 756 1603 819 odium:
1652 756 1828 818 tu'am
1872 757 2155 819 animam
2201 757 2270 820 in
2315 756 2577 820 naribus
2611 744 3025 838 minoribus·

729 885 1123 947 quamquam
1169 862 1365 944 dpaqe
1407 863 1495 925 sis
1541 862 1611 925 in
1658 862 1835 926 exitu
1893 884 2116 925 versus
2162 862 2450 926 Terentii
2497 886 2638 927 eun.
2685 863 2780 927 IV
2827 865 2895 948 6,
2947 867 3025 929 18

730 968 1025 1052 exemplo
1072 967 1389 1051 probatur
1434 989 1552 1032 nec
1600 969 1762 1031 satis
1810 970 1979 1032 tueri
2026 969 2368 1032 videantur
2422 968 2689 1033 bacchei
2737 969 3026 1034 Plautini

732 1076 925 1141 Poen.
972 1075 1101 1138 226
1161 1074 1384 1157 ‘apdye
1434 1076 1555 1139 3τ’3.·
1612 1075 1835 1159 negoti
1889 1078 2202 1159 quantum
2263 1075 2331 1139 in
2376 1075 2644 1138 muliere
2692 1099 2821 1141 una
2867 1075 3026 1141 est!’

731 1182 991 1245 eosdem
1039 1185 1341 1245 accentus
1387 1180 1458 1245 in
1503 1180 1806 1244 iambicis
1852 1182 2160 1245 numeris.

914 1289 1041 1353 387
1090 1309 1333 1370 uespere
1375 1292 1434 1351 et
1474 1286 1857 1351 Duebnerus
1905 1288 2106 1351 deleri
2151 1288 2377 1353 voluit.

909 1394 1035 1459 391
1085 1393 1232 1458 heus
1277 1391 1353 1478 (s,
1399 1390 1533 1478 eho)
1582 1399 1648 1457 tu
1691 1394 1915 1476 flayrio
1961 1394 2305 1478 proposuit
2352 1393 2845 1460 Studemundus

908 1501 1041 1565 405
1086 1499 1431 1565 Librorum
1479 1499 1777 1584 vestigiis
1825 1500 1935 1583 qui
1983 1501 2268 1584 pressius
2317 1501 2614 1564 insistere
2661 1503 2864 1583 volet,
2922 1523 3021 1566 ex-

722 1610 939 1691 peiras
987 1606 1107 1670 sub
1154 1606 1269 1671 illo
1315 1612 1588 1688 eaepectas
1632 1606 1836 1670 latere
1884 1606 2175 1691 conicere
2225 1608 2481 1690 poterit.
2574 1605 2739 1671 Cum
2787 1631 2842 1671 v.
2888 1610 3020 1672 406

728 1715 919 1780 oeulis
966 1764 979 1777 .
1011 1764 1024 1777 .
1070 1713 1351 1777 involant
1394 1711 1689 1777 conferas
1736 1712 1972 1777 Lucilii
2021 1714 2191 1796 apud
2237 1713 2524 1780 Nonium
2573 1737 2634 1797 p.
2664 1713 2768 1795 33,
2803 1716 2830 1776 1
2886 1737 2934 1778 s,
2966 1737 3019 1778 v.

727 1820 1019 1885 involare
1067 1823 1396 1885 servatum
1440 1818 1749 1903 frustum,
1795 1820 1965 1903 quod
2015 1842 2160 1885 cum
2208 1820 2365 1885 olim
2414 1822 2507 1884 sic
2553 1820 3023 1903 suppleverim:

726 1991 764 1999 „
790 1980 827 1997 υ
854 1983 885 1998 ,,
934 1928 1075 1989 inde
1137 1928 1360 1989 canino
1411 1926 1542 1989 ritu
1600 1927 1858 2007 [orique]
1909 1928 2214 2009 omli-sque
2253 1925 2276 2010 ΙΙ
2318 1928 2606 2006 involem,
2659 1950 2830 1992 nunc
2875 1950 3020 2010 pro-

728 2033 1014 2097 babilius
1061 2031 1258 2095 inseri
1288 2031 1476 2097 video
1522 2034 1621 2095 ori
1666 2032 1837 2096 inter
1881 2035 2105 2118 can-ino
2143 2038 2208 2097 et
2233 2035 2378 2111 ritu,
2427 2034 2575 2098 addi
2606 2037 2824 2099 autem
2870 2037 3024 2117 post

725 2121 853 2203 riba
891 2138 1419 2221 monosyllabum
1463 2139 1744 2222 aliquod,
1789 2139 2070 2204 fortasse
2109 2141 2234 2217 olli,
2279 2144 2353 2203 ut
2395 2139 2590 2203 frusti
2628 2140 2841 2204 forma
2868 2140 3021 2203 talis

727 2247 987 2311 evadat:
1033 2304 1089 2315 ..
1112 2301 1147 2318 υ
1173 2302 1206 2317 υ
1252 2247 1396 2309 inde
1423 2247 1645 2309 canino
1674 2247 1773 2309 ori
1797 2247 1926 2309 ritu
1953 2246 2064 2310 olli
2091 2247 2394 2328 oculisque
2419 2247 2478 2311 I.
2524 2246 2783 2311 Afranii
2810 2246 3036 2311 nostri.

728 2354 1100 2436 versicuIOS,
1146 2352 1328 2436 prius
1357 2375 1552 2435 quam
1579 2351 1707 2416 Ios,
1737 2352 1984 2416 Kleinii
2029 2352 2426 2417 liberalitate
2457 2353 2751 2419 codicum
2794 2352 3017 2416 lectio-

724 2482 840 2525 nes
890 2460 1313 2544 accepissem,
1371 2458 1464 2522 sic
1512 2458 1794 2522 scribere
1839 2458 2280 2525 institueram:
2339 2480 2479 2524 oum
2522 2460 2755 2542 spe'ctas
2798 2460 2886 2523 ad
2927 2480 3022 2523 me

722 2567 1116 2648 fdbularique
1160 2567 1403 2647 incipi-9,
1448 2566 1558 2629 Ex
1601 2566 1704 2630 o're
1747 2568 1819 2630 in
1863 2568 2064 2632 oculos
2109 2568 2216 2631 tuo‘
2257 2568 2309 2632 b.
2354 2569 2423 2644 i.,
2471 2566 2818 2649 eademque
2863 2565 3018 2648 fere,

726 2674 854 2737 nisi
900 2673 1072 2758 quod
1115 2673 1186 2736 in
1235 2672 1441 2737 altero
1490 2694 1679 2737 versu
1724 2694 1799 2737 ea:
1843 2694 1945 2737 ore
1989 2679 2047 2737 et
2090 2674 2280 2738 oculis
2324 2674 2448 2737 tuis
2501 2671 2742 2734 bibones
2786 2673 2875 2735 mi
2917 2673 3017 2735 in-

725 2780 935 2844 volant
988 2779 1426 2862 commendat,
1479 2801 1649 2843 nunc
1708 2802 1958 2864 quoque
2023 2780 2285 2862 placent
2341 2776 2764 2861 Buechelero,
2826 2782 3018 2861 atque

727 2884 883 2950 olim
930 2884 1313 2949 Duebnerus
1363 2884 1555 2967 plane
1602 2885 1866 2969 gemina
1910 2890 2356 2969 proposuerat.

826 2993 831 2996 ’
902 2992 1033 3055 413
1081 2991 1173 3055 Et
1194 2992 1521 3074 plciyulam
1551 2992 1695 3056 lecto
1729 2991 1916 3073 pdlis
1959 2993 2196 3057 dimitte
2221 3014 2273 3055 o.
2320 2991 2644 3055 senarium
2673 2992 2875 3057 tradit
2900 2992 3018 3057 Ed.

724 3097 973 3161 Becker
1018 3098 1183 3161 stud.
1229 3097 1261 3160 I
1309 3098 1456 3162 300.

905 3204 1037 3270 425
1082 3204 1473 3269 Medicaster
1513 3207 1720 3268 artem
1761 3228 1946 3270 suam
1975 3205 2316 3269 venditans
2355 3226 2595 3290 genera
2623 3206 3017 3288 morborum,

725 3333 890 3393 quae
939 3313 1137 3393 curet,
1185 3314 1539 3392 enumerat,
1584 3311 1778 3396 idque
1826 3313 2041 3396 ipsum
2089 3315 2155 3375 et
2195 3310 2377 3375 Festi
2429 3312 2767 3376 notatione
2815 3312 3013 3396 signi·

723 3417 956 3481 ficatur
984 3420 1051 3480 et
1078 3421 1366 3492 extremo
1416 3417 1755 3503 vertiginis
1785 3419 2044 3484 nomine.
2073 3418 2416 3501 probatur:
2461 3417 2759 3482 homines
2791 3437 3014 3501 aegro-

724 3526 938 3587 tantes
987 3524 1041 3587 si
1088 3524 1455 3608 participiis
1502 3528 1698 3608 poeta
1744 3524 2106 3589 describere
2139 3524 2470 3608 voluisset,
2515 3547 2647 3588 non
2693 3522 3016 3609 ‘arquato'

725 3633 790 3691 et
838 3628 1117 3713 ‘solato',
1165 3631 1276 3693 sed
1323 3631 1610 3714 plurales
1661 3629 2018 3714 ‘arquatis',
2066 3629 2344 3695 ‘solatis'
2389 3630 2731 3713 posuisset.

900 3736 1003 3800 Ad
1056 3737 1179 3801 inc.
1234 3737 1312 3800 fr.
1360 3737 1612 3801 XXVII
1667 3738 1737 3800 in
1793 3735 1986 3800 Marii
2041 3735 2369 3802 Victorini
2423 3736 2639 3801 verbis
2699 3737 3017 3802 librorum

721 3841 1005 3906 Parisini
1063 3845 1129 3905 et
1181 3843 1465 3908 Palatini
1524 3841 1719 3929 (AB)
1775 3843 2165 3926 scripturam
2230 3843 2527 3907 dener-biis
2589 3865 2811 3907 veram
2877 3866 3016 3907 esse

723 3947 886 4011 mihi
940 3949 1266 4031 persuasit
1319 3949 1633 4014 Dziatzko
1690 3971 1849 4011 mus.
1904 3948 2108 4012 Rhen.
2166 3948 2383 4013 XXVI
2440 3949 2523 4012 97
2584 3972 2717 4034 sqq.
2779 3950 3016 4013 annall.

721 4054 972 4138 philoll.
1021 4055 1150 4118 819
1201 4078 1335 4139 sqq.

895 4159 1204 4226 Petronio
1262 4157 1430 4245 (cap.
1476 4158 1591 4247 41)
1645 4159 2117 4228 Buechelerum
2174 4159 2281 4249 (cf.
2340 4164 2476 4227 eius
2532 4162 2732 4246 praef.
2777 4185 2840 4244 p.
2885 4157 3012 4245 ΙΠ)

723 4271 787 4331 et
842 4267 1190 4354 Hagenum
1246 4262 1342 4352 (p.
1395 4266 1559 4354 723)
1615 4272 1874 4332 secutus
1930 4269 2162 4353 reliqui
2211 4269 2605 4335 scholiastae
2662 4266 3012 4331 Bernensis
