3400 5075
1288 270 1680 323 vammvs
1721 271 1947 323 srsvs
2644 268 2770 334 303

1081 533 1734 620 Pvssmmvs
1798 534 2162 642 SYRvs

1370 739 1873 806 MVRMVRCO

653 857 866 923 Cellas
914 861 1248 922 seruorum
1294 856 1589 921 conuerri
1679 906 2334 923 .......

1360 978 1882 1045 PVTATORES

650 1096 1049 1183 progredere
1096 1101 1162 1162 et
1206 1120 1288 1162 ne
1337 1097 1479 1180 quis
1525 1096 1928 1179 letibuletur‚
1974 1099 2290 1183 prospice.

1125 1229 1248 1294 EX
1294 1227 1707 1294 INCERTIS
1753 1227 2128 1293 FABVLIS

1607 1342 1639 1406 I

653 1460 974 1526 Luxuriae
1020 1460 1187 1523 rictu
1233 1459 1464 1523 Mzirtis
1509 1461 1801 1522 marcent
1846 1460 2120 1523 moenia.

658 1577 798 1641 Τιιό
846 1577 1066 1660 palato
1115 1576 1370 1639 clausus
1415 1597 1585 1658 pauo
1632 1574 1920 1659 puscitur

613 1772 926 1820 Pvnmmvs
967 1770 1163 1820 Srnvs.
1236 1770 1319 1819 De
1357 1768 1668 1818 nominibus
1693 1769 1822 1818 uide
1848 1784 1995 1818 nuno
2020 1769 2329 1819 Woelfflini
2355 1770 2771 1822 dissertationes

477 1840 533 1888 in
570 1838 767 1890 Philol.
805 1837 965 1887 XXII
1004 1854 1055 1902 p.
1096 1840 1195 1887 439
1235 1852 1351 1901 sqq.
1393 1843 1449 1886 et
1486 1838 1540 1885 in
1578 1837 1988 1901 prolegomenis
2023 1853 2078 1901 p.
2117 1841 2148 1887 3
2185 1853 2264 1902 sq.

611 1908 958 1956 Mvnuvncoz
996 1906 1258 1955 Thesaur.
1296 1919 1420 1954 nou.
1452 1905 1576 1953 Lat.
1613 1908 1667 1953 in
1707 1906 1771 1953 A.
1797 1907 1911 1954 Mai
1949 1911 2096 1958 auct.
2132 1905 2296 1955 class.
2324 1906 2457 1956 VIII
2492 1907 2590 1957 362
2618 1912 2768 1956 ‘mu-

475 1978 846 2024 mureones’
886 1970 1361 2038 (murmurones
1398 1971 1812 2021 Hildebrandus
1848 1971 2013 2036 gloss,
2041 1973 2166 2022 Par.
2195 1989 2244 2036 p.
2270 1973 2417 2037 214),
2456 1979 2773 2023 ‘murmura-

474 2046 622 2091 tores
659 2044 992 2105 mugissores
1017 2041 1439 2089 mussitatores)
1477 2038 1766 2102 (Placidus
1792 2042 2138 2104 ‘murgissor,
2174 2041 2363 2090 irrisor
2394 2041 2581 2091 lusor.’
2620 2049 2767 2092 auct.

475 2110 544 2159 el.
573 2109 804 2160 V1566:
844 2109 1136 2171 mut-giso,
1175 2107 1433 2166 callidus,
1473 2111 1878 2159 murmurator)
1952 2107 2022 2156 ef.
2052 2108 2186 2157 ibid.
2216 2125 2265 2172 p.
2296 2111 2396 2158 534
2433 2113 2685 2173 ‘murgis’
2714 2116 2770 2159 et

473 2175 812 2242 ‘murgisso')
851 2176 1030 2227 Gloss
1071 2144 1454 2227 Vat.1.1.v'1
1489 2178 1589 2224 534
1626 2174 2119 2236 ‘myrmidones,
2160 2175 2376 2224 dolosi)
2448 2177 2771 2227 Priscianus

473 2245 516 2293 X
545 2247 576 2293 8
614 2261 664 2309 p
691 2247 791 2294 900
812 2245 870 2297 Ρ.
909 2249 1090 2298 ‘uerro
1118 2243 1258 2292 enim
1286 2241 1581 2291 secundum
1609 2240 1858 2291 Seruium
1883 2243 2034 2291 uersi
2062 2242 2224 2303 facit,
2251 2243 2546 2292 secundum
2574 2243 2769 2293 Chari-

473 2312 612 2361 sium
650 2317 836 2361 autem
873 2311 1084 2365 uerri.
1137 2310 1278 2374 quod
1317 2315 1372 2358 et
1409 2325 1538 2359 usus
1576 2311 1962 2374 comprobat..
1983 2309 2301 2359 P.ublius
2337 2311 2402 2359 in
2438 2310 2765 2359 Murmun·

472 2380 704 2428 thone.
747 2378 986 2427 cellass.
1013 2382 1084 2427 e.’
1123 2377 1420 2442 (puplius
1457 2376 1625 2441 Sang,
1651 2377 1883 2431 Carolir.
2025 2378 2567 2428 muromunthone
2605 2378 2765 2432 Halb.

471 2446 654 2507 Barb„
684 2462 788 2496 om.
816 2446 981 2508 Sang.
1011 2461 1187 2494 moro
1213 2445 1571 2494 munthone
1600 2445 1756 2494 Grut.
1792 2451 2297 2495 muromuntone
2333 2444 2565 2498 Carolir.
2590 2461 2767 2500 muro

476 2514 866 2578 murnthone
893 2513 1067 2577 Bong.
1092 2512 1700 2573 muromonthones,
1724 2528 1860 2564 corr.
1886 2513 2547 2575 mauromonthones‚
2574 2513 2766 2564 Bamb'.

472 2581 997 2632 murmurithone
1028 2582 1161 2646 Reg.
1187 2581 1691 2630 murmunthone
1719 2582 1915 2633 Zwice.
1943 2599 1976 2631 a
2002 2585 2241 2631 Darmst.
2267 2588 2287 2612 ⁸
2315 2581 2545 2632 Krehlii.
2575 2582 2766 2632 Mimo

472 2650 741 2700 Mutone
786 2649 1115 2699 Niebuhr-ius
1163 2650 1218 2698 in
1265 2650 1507 2712 margine
1561 2649 1892 2713 exemplaris
1941 2650 2043 2699 sui.
2099 2651 2277 2698 Moto
2325 2656 2628 2699 mentone
2677 2651 2768 2699 uel

472 2717 907 2767 Murrhinone
945 2715 1036 2765 uel
1076 2713 1599 2780 Μορμομόθωνι
1637 2719 1923 2781 proposuit
1958 2716 2296 2767 Ritsehelius
2326 2718 2548 2781 Paret-g
2592 2718 2610 2766 1
2652 2720 2767 2780 197,

472 2784 888 2834 Murmidone
926 2784 1219 2846 Hertzius,
1266 2784 1695 2833 Murmillone
1736 2785 2055 2846 Bernhardy
2083 2784 2211 2834 hist.
2249 2784 2354 2835 litt.
2384 2785 2533 2835 Rom.
2570 2802 2621 2850 p.
2648 2788 2763 2836 460.

474 2852 732 2916 Cogitaui
761 2852 890 2981 )ipse
927 2851 1054 2901 olim
1092 2851 1159 2900 de
1204 2820 1392 2901 ’Muto
1427 2853 1702 2901 Mutuno
1750 2852 1839 2902 uel
1886 2853 2068 2901 Muro
2107 2850 2370 2901 Muttini
2407 2852 2497 2901 uel
2541 2854 2766 2903 Murco

473 2925 755 2973 mutone

609 2988 934 3036 Pvra‘ronss
1004 2985 1213 3035 Nonius
1244 2989 1356 3047 133,
1383 2988 1412 3034 7
1451 2985 1733 3035 ‘latibulet
1760 2992 1815 3035 et
1852 2985 2269 3037 latibuletur
2305 2987 2619 3051 prolatent.
2659 2988 2766 3036 Ne·

474 3056 596 3104 uius
641 3054 1128 3118 Erotopaegnion.
1204 3053 1560 3103 ‚Publilili
1612 3055 2076 3118 putatoribus:
2132 3054 2487 3119 progredere’
2532 3068 2575 3101 e.
2624 3069 2672 3117 q.
2721 3071 2762 3106 s.

475 3122 842 3182 (Publilius
880 3091 1202 3185 81111311131.
1239 3121 1275 3171 l.
1324 3120 1606 3170 Publius
1647 3122 1877 3172 Bothius
1919 3123 2274 3186 Turpilius
2327 3122 2535 3171 Iunius.
2617 3121 2766 3171 Nihil

473 3190 722 3239 decernit
757 3187 1099 3238 Ritsehelius
1138 3189 1359 3253 Parerg.
1396 3190 1421 3237 1
1462 3189 1582 3249 196,
1622 3188 1718 3237 sed
1751 3189 1816 3239 de
1853 3190 2127 3254 Turpilit),
2164 3194 2223 3237 ut
2260 3190 2352 3251 qui
2392 3188 2605 3237 Graeca
2643 3195 2762 3237 tan-

479 3263 593 3306 tum
631 3258 851 3308 nomina
891 3257 1094 3305 fabulis
1130 3257 1242 3305 suis
1280 3258 1689 3320 praeposuerit,
1729 3259 1966 3321 cogitari
2002 3257 2150 3306 nullo
2188 3255 2344 3305 modo
2385 3255 2593 3320 potest)

613 3325 699 3374 Ex
734 3325 850 3374 Iac.
889 3325 1027 3375 ΕΔΒ.
1097 3325 1124 3373 Ι
1161 3324 1446 3374 Petronius
1472 3326 1537 3373 55
1574 3328 1758 3387 ‘rogo,
1797 3326 1996 3387 inquit'
2036 3323 2416 3386 (Rimalohio)
2457 3323 2765 3388 ‘magister,

645 3504 680 3557 ‘2
729 3503 979 3576 prospice
1034 3502 1226 3557 Urbin.
1262 3501 1417 3572 307,
1465 3503 1532 3557 Ι).
1569 3502 1844 3557 Heinsius
1889 3504 1945 3556 in
1992 3501 2255 3570 exemplo
2301 3502 2763 3574 Hermotimum,

476 3587 731 3660 Silliyius
774 3588 1020 3660 perspice
1065 3588 1247 3641 ceteri
1285 3588 1422 3642 libri
1590 3586 1626 3643 3
1673 3585 1913 3642 luxuriae
1960 3586 2097 3640 rictu
2144 3592 2337 3641 tuetur
2382 3586 2460 3641 H.
2492 3586 2766 3657 Meyer-us

473 3672 690 3729 anthol.
748 3672 877 3727 Lat.
933 3688 990 3739 p.
1050 3669 1128 3726 23
1194 3670 1436 3726 luxuriae
1493 3672 1602 3726 ritu
1663 3671 1911 3743 Trayur.
1974 3668 2214 3725 luxuriae
2281 3670 2428 3725 uictu
2488 3672 2768 3728 Heinsius

472 3759 718 3814 Aduers.
773 3756 877 3811 III
935 3756 1008 3810 11
1063 3773 1120 3825 p.
1176 3753 1299 3811 483
1356 3754 1567 3810 luxuria
1627 3764 1681 3810 et
1739 3757 1887 3810 uictu
1932 3756 2192 3810 Auratus
2247 3753 2456 3811 luxurie
2502 3764 2557 3809 et
2614 3757 2763 3811 uictu

474 3842 658 3897 Henr.
694 3840 1028 3912 Stephanus
1073 3839 1282 3894 luxurie
1328 3841 1468 3894 uicta
1498 3840 1835 3895 Richardus
1877 3838 2119 3894 luxuriae
2164 3836 2228 3893 ab
2273 3840 2383 3893 ictu
2415 3838 2767 3896 Moesslerus

473 3924 684 3981 luxurie
728 3926 909 3980 attrita
963 3923 1211 3979 Orellius
1248 3931 1428 3994 poelt.
1474 3931 1607 3979 uelt.
1655 3925 1805 3981 Lau.
1868 3940 2047 3978 carm.
2104 3930 2346 3977 sentent.
2395 3924 2430 3979 Ι
2474 3922 2594 3980 283

472 4010 509 4064 4
557 4010 771 4066 clausus
829 4018 1024 4064 tuetur
1076 4009 1359 4064 Antonius
1413 4006 1663 4063 exclusus
1712 4008 1787 4061 H.
1837 4005 2169 4077 Stephanus
2211 4010 2270 4061 in
2314 4026 2445 4081 my„
2503 4007 2769 4081 Scaliyer

476 4095 555 4151 ad
600 4092 783 4149 (ἴαται.
852 4094 1001 4166 Viry.
1048 4091 1256 4147 Samius
1303 4091 1587 4149 Bar-thius
1615 4093 1866 4165 Ableym.
1916 4093 2048 4145 crit.
2083 4088 2144 4159 2,
2195 4089 2273 4147 18
2321 4093 2542 4148 oculeus
2590 4092 2767 4147 Hein-

472 4183 592 4235 sius
637 4176 891 4234 oculosus
925 4177 1247 4233 Salmasius
1292 4179 1370 4232 αα
1403 4177 1638 4233 Tei-tull.
1685 4179 1756 4232 de
1795 4175 1977 4246 pallio
2021 4172 2056 4227 3
2236 4180 2475 4248 pascitur
2517 4180 2575 4233 in
2620 4194 2771 4231 mar-

471 4267 602 4340 yine
648 4264 861 4319 codicis
905 4261 1058 4317 Leid.
1109 4261 1404 4335 Scaliyer,
1453 4262 1657 4319 Douza
1704 4260 1947 4317 nascitur
1989 4258 2127 4314 libri
