3400 5075
611 279 693 341 82
1552 279 1942 327 [vvssN'rivs

1425 567 1463 649 Ι
1477 567 1545 653 V
1559 567 1627 653 V
1645 568 1714 649 Ε
1733 567 1804 651 Ν
1819 567 1881 649 Τ
1903 565 2076 653 IVS

1337 770 2166 859 ANAGNORIZOMENE

789 889 974 965 Qu6d
1021 892 1235 974 poteS‚
1281 889 1394 951 sile
1443 888 1580 951 cela
1626 889 1879 951 occulta
1924 889 2069 972 iege
2117 892 2257 950 tace
2305 889 2522 951 mussaei
2569 910 2775 953 mane.

1268 1037 1387 1101 Ex
1435 1036 1844 1103 INCERTIS
1891 1020 2262 1102 FA'vas

1738 1151 1770 1215 I
1916 1241 2154 1325 gaudia

791 1356 922 1421 Sua.
968 1357 1021 1420 si
1070 1358 1296 1420 omnes
1342 1356 1637 1419 homines
1685 1356 2026 1419 e6nferant
2070 1378 2272 1420 unum
2318 1354 2391 1420 1'n
2436 1358 2667 1434 locum,

789 1471 1033 1536 Tamen
1078 1493 1223 1535 mea
1269 1473 1607 1554 exsuperet
1651 1471 1914 1534 laetitia.

1726 1611 1793 1676 II
1899 1685 1910 1691 -

700 1730 741 1793 5
1914 1728 2183 1812 pellium

790 1842 944 1908 Non
990 1844 1159 1907 faeicio
1206 1842 1390 1907 floeei
1438 1847 1511 1906 ut
1556 1841 1909 1925 splendeat.

745 2073 987 2123 Ivvxnn
1024 2072 1552 2121 AnAonomzounun
1622 2072 1820 2121 Festus
1845 2088 1899 2135 p.
1925 2073 2025 2121 298
2048 2072 2122 2121 M.
2161 2076 2178 2102 ‘
2215 2070 2602 2137 summqusi
2640 2074 2902 2122 diceban-

611 2146 699 2188 tur
738 2137 1200 2204 [murmuratores]
1241 2165 1307 2174 —
1340 2165 1406 2174 —
1447 2156 1571 2187 nam
1612 2154 1912 2189 mussare
1947 2134 2141 2204 si[lere
2226 2139 2406 2193 icitur.
2486 2138 2797 2205 quentiqu
2835 2143 2901 2189 in

611 2208 1165 2271 Agnorizomene:
1195 2206 1362 2270 qnod’
1387 2223 1433 2256 e.
1462 2224 1511 2271 q.
1539 2223 1580 2256 s.
1619 2206 2262 2271 (Anagnorizomene
2288 2206 2668 2271 Augustiana.)
2698 2208 2903 2257 Paulus

612 2291 663 2339 p.
701 2276 801 2324 299
837 2274 911 2329 M.
947 2276 1257 2323 ‘summussi
1300 2314 1309 2325 .
1341 2309 1354 2323 .
1386 2313 1398 2326 .
1435 2273 1805 2324 Terentius
1851 2288 2095 2324 mussare
2141 2289 2238 2338 pro
2286 2279 2476 2325 tacere
2523 2277 2735 2339 posuit,
2782 2290 2902 2324 cum

613 2342 719 2391 uit:
758 2342 885 2392 sile
922 2383 934 2395 .
965 2384 975 2395 .
1006 2378 1019 2392 .
1049 2345 1306 2391 mussa)
1390 2341 1776 2403 (quentius
1823 2341 2238 2404 Lindemannus
2275 2342 2644 2392 Terentius
2682 2342 2902 2404 Paulus,

610 2424 767 2473 quem
805 2409 1085 2472 intellegit
1108 2409 1424 2459 Terentium
1454 2410 1719 2460 Libonem
1755 2407 2144 2472 Fregellanum
2184 2408 2436 2474 Scaliger
2473 2408 2628 2459 Coni.
2664 2410 2719 2458 in
2745 2410 2901 2460 Vax-r.

610 2493 665 2594 ΙΙ).
696 2478 781 2607 1865
827 2476 1179 2526 Caecilius
1224 2476 1485 2539 Vrsinus,
1533 2477 1599 2525 de
1648 2490 1754 2542 quo
1802 2474 2020 2525 dubitat
2066 2475 2414 2542 Spengelius.
2498 2477 2582 2526 Cf.
2633 2478 2738 2526 inc.
2787 2477 2898 2531 fab.

745 2631 829 2679 Ex
873 2630 991 2680 Iac.
1037 2631 1173 2680 Pin.
1263 2631 1292 2681 1
1329 2630 1501 2680 Varro
1549 2628 1617 2678 de
1663 2628 1699 2678 l.
1746 2628 1808 2679 L.
1855 2627 1931 2678 v1
1976 2630 2042 2680 50
2089 2631 2160 2680 Μ.
2199 2629 2488 2679 ‘laetari
2527 2631 2598 2680 ab
2637 2646 2720 2691 eo,
2761 2630 2902 2692 quod

610 2698 780 2748 latius
827 2697 1083 2762 gandium
1130 2703 1352 2762 propter
1386 2698 1573 2762 magni
1619 2696 1747 2745 boni
1784 2697 2095 2762 opinionem
2141 2696 2409 2747 diffusum.
2483 2699 2671 2762 itaque
2709 2698 2900 2748 quen·

609 2767 722 2815 tius
760 2766 867 2813 ait:
915 2764 1139 2829 gaudia‘
1189 2781 1235 2815 e.
1276 2781 1325 2829 q.
1363 2779 1406 2814 s.
1483 2762 1703 2826 (Deficit
1750 2764 1842 2813 hie
1879 2765 2045 2814 Laut.
2086 2766 2177 2829 51,
2221 2767 2298 2815 10.
2378 2767 2685 2814 iuuentu⁵
2733 2767 2902 2815 Laut.

610 2835 694 2890 51,
732 2836 764 2882 ὃ
800 2834 1130 2882 inuentus
1167 2833 1348 2882 Haun.
1390 2833 1512 2883 Par.
1551 2848 1584 2881 a
1622 2832 1918 2882 iufieoius
1959 2833 2082 2885 Par.
2123 2832 2156 2881 b
2194 2832 2563 2883 Terentius
2600 2831 2789 2897 uulgo)

610 2900 666 2950 11
706 2899 918 2950 Gellius
955 2898 1136 2950 XVIII
1166 2902 1246 2962 12,
1271 2902 1302 2949 2
1340 2898 1417 2949 ‘id
1454 2913 1665 2965 quoque
1705 2899 1954 2949 habiturn
1991 2904 2077 2948 est
2112 2900 2170 2948 in
2205 2903 2456 2950 oratione
2493 2894 2758 2950 facienda
2795 2900 2902 2950 ele·

613 2969 844 3032 gantiae
880 2981 1081 3030 genus,
1121 2973 1180 3017 nt
1214 2984 1311 3033 pro
1338 2966 1522 3018 uerbis
1559 2966 1896 3018 habentibus
1933 2967 2182 3031 patiendi
2217 2966 2447 3031 figuram
2475 2969 2702 3031 agentia
2738 2983 2902 3032 pone-

612 3041 735 3086 rent
779 3051 847 3085 αα
900 3034 1098 3085 deinde
1144 3034 1284 3085 haee
1331 3034 1449 3085 uice
1504 3036 1651 3084 inter
1694 3050 1819 3085 sese
1876 3040 2067 3084 mutua
2118 3041 2418 3090 uerterent.
2506 3036 2793 3086 quentius
2847 3036 2902 3084 in

614 3102 923 3154 comoedia:
960 3102 1212 3167 pallium,
1248 3103 1457 3166 inquit,
1495 3117 1605 3152 non
1641 3101 1790 3152 facio
1829 3103 1866 3151 f.
1890 3107 1950 3151 ut
1973 3117 2016 3151 s.
2089 3103 2281 3152 Nonne
2309 3103 2410 3152 hoc
2434 3101 2696 3166 inpendio
2733 3118 2904 3152 uenu-

613 3172 751 3221 stius
777 3171 1098 3236 gratiusque
1128 3175 1211 3219 est
1234 3185 1395 3234 quam
1422 3171 1471 3219 si
1496 3169 1728 3219 diceret:
1764 3170 2072 3219 maculetur
2084 3171 2132 3218 *Ρ
2172 3167 2552 3234 (quentius
2578 3169 2905 3235 Rutge'rsius

785 3420 816 3474 1
867 3427 997 3493 pote
1051 3421 1242 3475 conici
1291 3434 1465 3489 posse
1515 3423 1716 3476 statuit
1765 3417 2194 3475 CFWMueller
2244 3420 2477 3489 prosod.
2534 3420 2732 3475 Plaut.
2781 3417 2900 3473 212

783 3504 820 3560 3
867 3520 1054 3558 omnes
1101 3496 1367 3579 homines]
1417 3504 1593 3559 omnia
1641 3521 1828 3559 omnes
1862 3504 2199 3577 Spenyelius
2232 3504 2466 3559 Emend.
2521 3503 2690 3559 Varr.
2735 3520 2796 3573 p.
2842 3503 2903 3574 4,

616 3606 729 3644 mm
777 3590 943 3644 male.
1203 3586 1242 3642 4
1288 3597 1552 3661 exuperet
1607 3588 1777 3644 letitia
1824 3589 2005 3644 Laur.
2053 3587 2154 3659 51,
2201 3587 2238 3643 5
2432 3588 2718 3644 Troe-lmen·
2761 3590 2906 3644 tales

615 3671 808 3746 gandia
851 3689 947 3727 sua
1001 3673 1047 3727 si
1091 3669 1278 3727 omnes
1312 3712 1325 3726 .
1361 3714 1373 3724 .
1408 3714 1421 3726 .
1459 3714 1473 3728 .
1506 3672 1684 3728 locum
1731 3672 1928 3728 Tamen
1985 3688 2098 3727 mea
2155 3674 2443 3745 exsuperet
2488 3671 2687 3727 {aetitia
2727 3687 2905 3743 prae-

608 3758 847 3828 placent
878 3756 1161 3812 Muellero
1189 3759 1230 3812 l.
1263 3758 1302 3811 l.
1340 3755 1460 3812 317
1496 3750 1651 3832 [item
1683 3755 1940 3830 Berylcio
1971 3758 2190 3812 annau.
2221 3757 2441 3826 philoll.
2480 3755 2643 3813 1870
2664 3774 2727 3827 p.
2758 3749 2903 3832 833]

784 3840 820 3895 5
867 3840 1103 3914 paulium
1148 3841 1293 3897 Par.
1468 3840 1687 3914 pallium
1735 3842 1912 3914 inquit
1959 3839 2029 3895 ·S
2057 3868 2070 3882 ·
2120 3839 2273 3896 flocci
2305 3848 2366 3895 ut
2395 3839 2676 3913 splendeat
2707 3840 2907 3915 (splen-

615 3925 746 3980 ‹lean
828 3925 983 3981 Voss.
1040 3924 1267 3994 Petau.)
1300 3925 1507 3981 oVoss.
1572 3924 1778 3980 Petau.
1847 3924 2033 3981 Germ.
2101 3924 2321 3998 pallium
2384 3925 2560 3997 inquit
2627 3923 2780 3980 flocci
2848 3933 2906 3980 ut

615 4008 895 4082 splendeat
953 4009 1130 4082 Mayl.
1192 4027 1244 4082 p.
1305 4009 1480 4081 inquit
1534 4007 1688 4064 flocci
1745 4016 1806 4063 ut
1860 4008 2086 4083 splende
2142 4026 2206 4064 an
2264 4009 2407 4082 Rey.
2454 4009 2631 4082 Luyd.
2690 4017 2745 4065 et
2802 4012 2912 4064 nisi
2977 4043 2978 4046 =

616 4095 767 4166 quod
811 4092 954 4147 flacci
1000 4093 1141 4149 Par.
1189 4109 1243 4166 p.
1292 4091 1471 4148 Flocci
1516 4109 1626 4149 non
1672 4092 1810 4149 facio
1856 4101 1914 4148 ut
1967 4093 2248 4166 splendeat
2293 4096 2386 4149 uel
2432 4133 2637 4148 .....
2688 4092 2907 4166 pallium

619 4176 771 4233 flocci
816 4193 923 4232 non
971 4177 1005 4231 s.
1061 4186 1117 4233 ut
1163 4195 1205 4232 S.
1252 4177 1673 4233 Fleckeisenus
1718 4181 1883 4249 epist.
1931 4181 2056 4232 crit.
2105 4178 2184 4232 ad
2225 4175 2304 4233 M.
2348 4176 2649 4234 Herlzium
2686 4194 2751 4247 p.
2799 4176 2909 4236 45,-

618 4269 671 4317 ει
715 4262 863 4316 haec
908 4261 1140 4316 iambici
1180 4264 1466 4317 octonarii
1507 4276 1778 4318 mensura
1819 4262 2079 4332 fortasse
2120 4268 2391 4331 praestat
