3400 5075
895 250 1403 302 ANONYMORVM
1441 250 1791 302 Mnuoavm
1829 251 2227 314 Rumovmss
2589 248 2719 312 399
2766 293 2773 298 ,

419 409 480 472 si
528 408 878 494 singulos
925 430 1078 473 non
1123 408 1365 472 timeS.
1456 410 1522 470 et
1565 406 1726 471 haee
1762 407 2149 491 imperatore
2188 407 2329 491 ipso
2376 410 2715 491 praesente

416 525 547 589 iam
594 524 765 588 dicta
811 526 980 587 sunt.
1071 523 1182 587 sed
1229 545 1373 587 cum
1418 523 1853 608 interrogaret
1898 523 2164 607 amicOS‚
2225 522 2379 607 quid
2424 523 2716 587 mimicus

419 662 638 704 scurra
685 640 977 722 dixisset,
1023 639 1265 702 dictum
1311 643 1410 702 est
1457 639 1514 702 ei
1573 639 1746 722 quod
1793 639 2095 723 antiquos
2151 660 2376 702 uersus
2424 642 2717 704 cantaret

418 759 646 820 contra
697 755 995 819 homines
1049 774 1311 838 asperos
1368 753 1673 837 scriptos3
1730 758 1796 818 et
1848 754 1956 818 ille
1966 805 1985 838 ,
2048 757 2123 817 ut
2184 756 2323 817 erat
2378 753 2595 818 Thrax
2652 759 2717 819 et

415 871 731 935 barbarus
740 923 759 956 ,
804 869 1114 934 credidit.’

1479 956 1638 1022 XIV

595 1074 818 1141 Cicero
865 1075 942 1139 de
990 1077 1149 1139 orat.
1195 1072 1260 1137 II
1308 1073 1412 1157 61,
1457 1072 1584 1137 251
1637 1074 1854 1156 ‘atque
1898 1073 2025 1138 hoc
2071 1074 2267 1137 etiam
2314 1075 2714 1139 animaduer-

418 1191 687 1256 tendum
736 1194 860 1274 est,
904 1213 1039 1254 non
1070 1211 1205 1254 esse
1237 1188 1456 1255 omnia
1483 1188 1753 1252 ridicula
1780 1188 2009 1252 faceta.
2084 1189 2237 1273 quid
2284 1190 2456 1254 enim
2502 1194 2717 1275 potest

417 1329 555 1371 esse
601 1311 738 1370 tam
800 1305 1139 1369 ridiculum
1205 1326 1398 1389 quam
1455 1303 1858 1367 sanniost‘?
1923 1325 2060 1387 ore,
2107 1301 2320 1388 uultu,
2385 1306 2715 1371 imitandis

416 1422 731 1504 moribuS,
786 1443 972 1505 uoce,
1027 1420 1299 1503 denique
1356 1442 1622 1503 corpore
1677 1419 1924 1483 ridetur
1979 1419 2140 1503 ipso.
2242 1421 2482 1485 salsum
2541 1421 2714 1485 hunc

415 1559 681 1622 possum
746 1537 953 1600 dicere
1019 1539 1211 1619 atque
1272 1535 1389 1619 ita,
1453 1556 1587 1598 non
1647 1537 1723 1598 ut
1776 1535 1912 1598 eius
1968 1536 2141 1599 modi
2200 1538 2519 1601 oratorem
2577 1558 2716 1600 esse

418 1654 640 1737 uelim,
687 1652 798 1716 sed
846 1655 918 1716 ut
963 1651 1269 1715 mimum?
1365 1648 1462 1714 Cf.
1510 1648 1592 1714 II.
2178 1673 2214 1706 ο

1501 1765 1627 1830 XV

593 1881 849 1949 Nonius
897 1883 957 1967 6,
1003 1882 1089 1946 25
1137 1880 1435 1945 ‘caluitur
1481 1880 1725 1945 dictum
1771 1884 1871 1945 est
1915 1880 2292 1968 frustratur,
2347 1885 2627 1947 tractum
2674 1906 2714 1947 a

417 2000 661 2064 caluis
706 1998 1060 2082 mimicis,
1107 1996 1303 2082 quod
1351 1995 1510 2059 sint
1555 1996 1908 2061 omnibus
1955 1997 2414 2062 frustratui.'

1480 2128 1640 2193 XVI

593 2247 908 2315 Horatius
955 2245 1137 2330 epist.
1184 2244 1216 2308 I
1269 2246 1368 2329 18,
1411 2246 1492 2309 10
1540 2245 1727 2309 ‘alter
1771 2245 1839 2308 in
1888 2245 2267 2330 obsequium
2313 2247 2458 2331 plus
2505 2269 2710 2331 aequo

415 2387 674 2449 pronus
707 2368 772 2428 et
815 2363 928 2427 imi
975 2362 1240 2427 Derisor
1283 2361 1435 2425 lecti
1482 2361 1573 2424 sic
1617 2362 1849 2424 nutum
1888 2360 2107 2424 diuitis
2153 2360 2401 2446 horret,
2447 2360 2551 2427 Sic
2596 2363 2710 2427 ite-

415 2485 517 2547 rat
561 2502 751 2548 uoces
808 2484 873 2545 et
926 2479 1125 2545 uerba
1180 2477 1477 2542 cadentia
1529 2476 1728 2562 tollit,
1782 2475 1876 2541 Vt
1920 2497 2190 2561 puerum
2248 2498 2441 2541 saeuo
2489 2479 2711 2544 credas

416 2599 657 2663 dictata
710 2596 1021 2682 magistro
1079 2595 1366 2659 Reddere
1421 2593 1526 2657 uel
1593 2592 1798 2677 partis
1853 2593 2120 2657 mimum
2166 2596 2443 2658 tractare
2491 2616 2710 2658 secun-

416 2714 572 2779 das?
666 2711 763 2777 Cf.
811 2710 1022 2777 XVII.

1469 2797 1662 2862 XVII

466 2917 548 2980 10
595 2964 857 2981 .....
904 2914 1086 2978 salua
1130 2934 1258 2977 res:
1305 2913 1529 2976 cantat
1575 2934 1788 2977 senex.

549 3109 705 3159 XVII
753 3110 955 3158 Festus
1001 3123 1051 3172 p.
1101 3107 1201 3157 326
1246 3107 1320 3156 M.
1375 3103 1608 3154 ‘salua
1652 3120 1759 3155 res
1805 3110 1938 3168 est,
1999 3110 2239 3155 cantat
2285 3121 2488 3157 senex
2539 3123 2708 3171 quare

416 3177 651 3241 parasiti
689 3175 962 3241 Apollinis
1000 3177 1055 3224 in
1094 3190 1302 3224 scaena
1340 3173 1631 3236 dictitent,
1668 3189 1892 3223 causam
1928 3174 2155 3223 Verrius
2193 3177 2249 3222 in
2285 3173 2320 3226 l.
2358 3176 2443 3239 V.,
2483 3191 2705 3239 quorum

415 3246 592 3309 prima
630 3250 713 3293 est
752 3246 791 3292 P
830 3243 1036 3303 littera,
1075 3241 1333 3293 reddidit.
1406 3241 1543 3304 quod
1586 3240 1644 3289 C.
1687 3241 1937 3306 Sulpicio
1976 3242 2036 3290 C.
2078 3240 2276 3290 Fuluio
2316 3257 2443 3304 cos„
2480 3244 2551 3291 M.
2582 3242 2711 3292 Cal-

414 3314 610 3377 purnio
650 3313 851 3362 Pisone
891 3327 968 3375 pr.
1006 3311 1124 3360 urb.
1165 3310 1408 3359 faciente
1449 3308 1606 3358 ludos
1652 3309 1839 3359 subito
1877 3309 1945 3357 ad
1984 3323 2134 3357 arma
2171 3308 2411 3356 exierint
2458 3312 2708 3359 nuntiato

413 3381 656 3431 aduentu
703 3380 938 3430 hostium
987 3380 1339 3441 uictoresque
1392 3378 1447 3425 in
1497 3377 1771 3425 theatrum
1819 3376 2089 3424 redierint
2135 3374 2392 3439 solliciti,
2440 3392 2505 3425 ne
2546 3380 2711 3428 inter·

415 3450 569 3498 missi
606 3448 931 3514 religionem
969 3446 1254 3496 adferrent
1291 3443 1748 3507 instaur-audique
1786 3447 1999 3500 essent,
2046 3444 2330 3492 inuentum
2368 3459 2487 3493 esse
2533 3446 2610 3492 ihi
2649 3444 2707 3500 C,

414 3517 773 3580 Pomponium
811 3514 1129 3564 libertinum
1181 3514 1394 3561 mimum
1435 3527 1634 3576 magno
1673 3515 1835 3570 natu,
1886 3510 1979 3574 qui
2018 3510 2086 3558 ad
2131 3510 2417 3559 tibicinem
2455 3512 2706 3561 saltaret.

414 3583 598 3649 itaque
646 3583 847 3647 gaudio
894 3598 1002 3631 non
1056 3583 1402 3645 interruptae
1457 3580 1741 3644 religionis
1798 3577 1999 3627 editam
2055 3592 2241 3626 uocem
2296 3593 2438 3627 nunc
2495 3595 2708 3644 quoque

418 3651 708 3703 celebrari.
782 3656 841 3699 at
878 3652 932 3699 in
972 3651 1074 3699 hoc
1112 3648 1248 3699 libro
1277 3648 1447 3698 refert
1475 3648 1631 3696 Sinni
1657 3645 1945 3710 Capitonis
1974 3646 2170 3703 uerba,
2212 3645 2406 3708 quibus
2435 3662 2527 3695 eos
2554 3647 2709 3697 ludos

413 3719 758 3784 Apollinares
805 3717 1040 3767 Claudio
1087 3723 1142 3766 et
1187 3714 1382 3764 Fuluio
1432 3730 1540 3766 cos.
1589 3714 1776 3763 factos
1822 3713 1959 3761 dicit
2007 3729 2073 3762 ex
2124 3711 2279 3762 libris
2319 3712 2607 3777 Sibyllinis
2657 3720 2713 3764 et

412 3787 684 3836 uaticinio
721 3786 915 3835 Marcii
952 3786 1097 3834 uatis
1136 3784 1450 3843 institutos,
1496 3798 1598 3832 nee
1649 3781 1961 3830 nominatur
2008 3779 2147 3828 ullus
2186 3780 2543 3844 Pomponius:
2583 3782 2709 3830 ridi-

414 3854 642 3919 culeque
692 3854 759 3902 de
808 3856 927 3918 ipsa
974 3852 1350 3918 appellatione
1398 3850 1764 3915 parasitorum
1806 3848 2079 3913 Apollinis
2126 3847 2214 3895 hic
2251 3862 2470 3897 causam
2513 3849 2710 3909 reddit,

415 3937 534 3970 cum
575 3922 631 3971 in
669 3938 735 3972 eo
772 3923 1154 3986 praeterisset.
1225 3920 1307 3967 ait
1343 3920 1485 3968 enim
1524 3920 1604 3966 ita
1644 3917 1943 3980 appellari,
1983 3914 2123 3980 quod
2150 3915 2208 3963 C.
2239 3915 2578 3978 Volumnius,
2617 3918 2743 3981 qui'

413 3990 483 4037 ad
532 3990 818 4039 tibicinem
865 3986 1115 4051 saltarit,
1164 3986 1614 4037 secundarum
1655 3985 1947 4048 partium
1988 3984 2183 4044 fuerit,
2230 3984 2341 4047 qui
2391 3984 2529 4033 fere
2582 4000 2705 4033 om·

411 4058 612 4108 nibus
651 4058 863 4105 mimis
904 4058 1257 4121 parasitus
1306 4054 1716 4104 inducatur)
1789 4052 1875 4101 Cf.
1913 4052 2057 4102 XVI.
2109 4049 2338 4101 Seruius
2376 4053 2537 4115 Vorg.
2575 4052 2708 4101 Aen.

411 4124 496 4174 ΙΙΙ
519 4127 618 4174 279
658 4130 808 4173 ‘nam
847 4139 967 4173 cum
997 4124 1228 4173 Romani
1266 4121 1553 4170 iracundia
1590 4121 1783 4168 matris
1821 4120 1977 4168 deum
2006 4119 2327 4168 laborarent
2355 4123 2410 4166 et
2447 4135 2566 4167 eam
2605 4134 2708 4168 nec

412 4193 701 4242 sacrificiis
738 4208 840 4242 nec
881 4191 1025 4241 ludis
1063 4191 1285 4257 placare
1321 4196 1578 4254 possent,
1618 4186 1837 4250 quidam
1863 4201 2028 4235 senex
2066 4188 2295 4236 statutis
2331 4185 2474 4235 ludis
2498 4188 2707 4235 circen-

412 4261 567 4312 sibus
592 4261 849 4326 saltauit,
876 4275 1015 4324 quac
1041 4259 1160 4310 sola
1189 4260 1297 4311 fuit
1323 4272 1486 4307 causa
1515 4255 1869 4320 placationis,
1897 4255 2040 4305 unde
2067 4261 2125 4304 et
2148 4260 2334 4305 natum
2361 4253 2711 4321 prouerbium
