3400 5075
621 324 703 387 86
1414 326 1690 377 sssx'rvs
1726 326 2113 377 -TVRPILWS

1649 480 1745 544 VI
1829 485 1857 545 1

798 595 949 660 Non
1007 618 1130 681 ago
1186 596 1309 660 hoc
1365 619 1479 680 per
1545 597 1770 681 sugam
1793 480 2033 681 (pietio
2100 597 2511 681 conductam,
2577 601 2649 661 ut
2713 598 2910 681 uulgo

2222 714 2450 777 solent.

1472 850 2060 918 OANEPHORVS

1675 966 1708 1029 Ι
1755 964 1853 1053 (3)

798 1082 899 1145 lta
930 1084 1050 1145 e'st:
1082 1104 1304 1145 uerum
1334 1081 1494 1145 haut
1520 1082 1772 1146 facilest
1798 1084 2019 1147 uenire
2048 1084 2141 1146 illi
2171 1083 2279 1148 ubi
2311 1084 2435 1147 sita
2454 1088 2553 1147 est
2581 1085 2914 1168 sapientia.

675 1198 754 1260 10
784 1195 1097 1280 ,Spissum
1145 1202 1244 1261 est
1298 1197 1447 1261 iter:
1514 1194 1717 1281 apisci
1772 1198 1934 1261 haut
1988 1220 2245 1281 possem
2298 1196 2426 1262 m'si
2475 1221 2620 1263 cum
2675 1221 2914 1284 magna

2218 1310 2494 1378 miseria.

1670 1417 1738 1482 11
1784 1417 1884 1504 (1)

910 1584 922 1596 .
1013 1535 1476 1597 testamentum
1523 1534 1676 1617 ergo
1726 1531 2010 1598 celabis?
2059 1531 2091 1603 [Γ
2136 1534 2295 1618 logi!

1647 1700 1746 1764 111
1794 1698 1893 1786 (4)

803 1815 973 1882 Satis
1019 1816 1214 1880 fructi
1261 1814 1554 1879 reddunt.

1641 1929 1740 1994 IV
1789 1926 1890 2016 (2)

1023 2097 1036 2109 .
1127 2045 1301 2109 nosti
1348 2046 1541 2128 queim
1589 2045 1674 2108 sii.
1721 2045 1946 2129 gracili
1993 2047 2275 2129 corpore.

759 2266 834 2316 VI
870 2265 1080 2316 Nonius
1116 2269 1199 2327 23,
1248 2268 1279 2316 5
1328 2270 1557 2329 ‘sagae
1605 2266 1860 2315 mulieres
1908 2266 2164 2316 dicuntur
2211 2266 2448 2317 feminae
2497 2269 2567 2318 ad
2615 2268 2915 2319 lubidinem

622 2336 859 2385 uirorum
900 2333 1279 2398 indagatrices
1304 2369 1318 2384 .
1345 2369 1359 2382 .
1384 2372 1397 2386 .
1425 2334 1708 2398 Turpilius
1745 2332 2285 2384 Boiithontibus:
2322 2339 2453 2385 non’
2492 2351 2539 2389 e.
2581 2352 2632 2400 q.
2669 2352 2713 2389 s.

757 2418 1131 2469 cisernonvs
1168 2417 1478 2467 Menandri.
1553 2418 1683 2467 Eius
1713 2418 1855 2466 enim
1884 2434 1950 2467 ex
1977 2420 2300 2482 cognomine
2329 2419 2520 2469 fabula
2561 2420 2626 2470 fr.
2666 2420 2745 2470 11:
2783 2414 2915 2471 ἄλο-

626 2486 824 2554 γίστου
860 2479 1075 2551 τρόπον
1107 2477 1387 2551 Ἀτύχημα
1426 2476 1669 2552 φεύγειν
1707 2476 1863 2536 ἐστὶν
1899 2477 2003 2537 οὐκ
2043 2478 2404 2551 αὐθαίρετον
2441 2491 2568 2553 apte
2593 2488 2917 2537 Ladewicus

624 2558 691 2605 de
728 2556 884 2608 Volc.
923 2555 1108 2619 Sedig.
1151 2557 1211 2603 18
1259 2554 1566 2618 composuit
1611 2569 1732 2602 cum
1773 2554 1838 2603 fr.
1875 2554 1926 2610 Ι,
1976 2554 2132 2604 modo
2178 2570 2246 2604 ne
2285 2556 2440 2605 inter
2477 2555 2616 2606 duas
2653 2571 2917 2621 personas

623 2628 910 2688 utrumque
947 2622 1335 2672 distribuisset.
1406 2622 1845 2672 Pronuntiantur
1891 2623 2033 2671 enim
2084 2622 2152 2671 ab
2190 2637 2296 2673 uno
2331 2624 2657 2688 eodemque,
2705 2624 2795 2688 qui
2834 2625 2918 2672 in-

516 2697 521 2701 '
625 2690 1097 2741 considerantiam
1134 2704 1289 2739 suam
1324 2689 1492 2738 insita
1527 2693 1762 2738 naturae
1799 2688 1984 2739 indole
2024 2696 2263 2739 excusat.
2402 2690 2429 2739 1
2465 2690 2672 2740 Nonius
2697 2693 2815 2753 392,
2851 2693 2916 2741 26

624 2759 935 2824 ‘spissum
976 2756 1255 2820 significat
1289 2755 1835 2821 tarde...anpilius
1871 2755 2171 2806 Caneforoz
2209 2762 2313 2807 ita’
2355 2775 2402 2810 c.
2443 2773 2493 2822 q.
2531 2773 2574 2807 s.
2715 2758 2768 2808 11
2805 2759 2916 2808 No·

625 2827 750 2875 nius
789 2828 873 2890 63,
923 2829 979 2875 19
1019 2826 1183 2889 ‘logi
1223 2841 1256 2873 a
1295 2824 1502 2874 Gracco
1530 2839 1805 2886 sermone,
1843 2822 1935 2873 uel
1971 2824 2121 2875 dicta
2157 2824 2395 2875 ridicula
2422 2831 2477 2876 ct
2513 2826 2916 2876 contemnenda

632 2932 645 2946 .
667 2930 678 2942 .
701 2893 1006 2958 .Turpilius
1033 2891 1335 2943 Caneforo:
1374 2895 1784 2941 testamentum’
1811 2907 1858 2942 e.
1885 2907 1934 2955 q.
1961 2907 2001 2940 s.
2141 2893 2222 2942 111
2249 2893 2460 2943 Nonius
2483 2895 2600 2954 491,
2625 2894 2656 2942 6
2683 2893 2915 2943 ‘fructi

622 2961 712 3011 uel
752 2961 984 3011 fructuis
1024 2975 1118 3026 pro
1159 2959 1388 3009 fructus.
1457 2958 1741 3023 Turpilius
1778 2957 2079 3009 Caneforo:
2129 2961 2269 3009 satis
2306 2960 2345 3009 f.
2382 2964 2450 3010 r.’
2590 2960 2665 3009 IV
2706 2960 2917 3011 Nonius

626 3031 740 3090 116,
777 3031 809 3079 9
848 3027 1199 3090 ‘gracilitudo
1238 3032 1294 3077 et
1339 3026 1621 3092 gracilens
1666 3042 1763 3091 pro
1799 3025 2030 3091 gracilis
2076 3032 2134 3076 et
2180 3028 2543 3091 gracilentum
2580 3042 2679 3092 pro
2717 3027 2916 3091 gracili

622 3103 680 3147 et
716 3094 1004 3161 gracilium
1054 3111 1152 3160 pro
1200 3093 1528 3160 gracilitas!
1575 3094 1713 3158 (pro
1762 3093 2012 3157 gracili
2064 3099 2127 3144 et
2174 3094 2535 3159 gracilium
2584 3110 2687 3148 om.
2725 3093 2913 3148 Bamb.

623 3163 978 3213 Scribendum
1017 3160 1376 3227 ‘gracilitudo
1412 3177 1509 3225 pro
1547 3161 1868 3226 gracilitas,
1905 3161 2184 3225 gracilens
2212 3168 2267 3211 et
2305 3162 2662 3227 gracilentum
2703 3166 2757 3211 et
2794 3178 2916 3227 gra·

623 3231 785 3282 cilum
822 3248 919 3296 pro
957 3227 1221 3295 gracili.’)
1259 3229 1479 3278 ‘Accius
1508 3268 1518 3279 .
1549 3264 1561 3276 .
1589 3266 1601 3279 .
1628 3229 1963 3293 gracilitudo
1990 3266 2002 3277 .
2034 3266 2045 3278 .
2076 3267 2086 3279 .
2113 3230 2327 3280 Ennius
2353 3267 2365 3280 .
2394 3272 2404 3282 .
2436 3267 2447 3279 .
2477 3229 2565 3280 filo
2590 3229 2914 3294 gracilento.

622 3300 889 3349 Naeuius‘
930 3296 1115 3362 (immo
1154 3297 1465 3356 ‘Laeuius’,
1502 3301 1564 3345 ut
1608 3296 1750 3347 uidit
1786 3295 2066 3360 Osannus)
2107 3296 2632 3348 ‘Protesilaodamia
2657 3333 2669 3345 .
2695 3333 2708 3347 .
2736 3298 2915 3362 graci-

623 3367 1000 3418 lenticolorem
1046 3407 1057 3418 .
1102 3401 1116 3417 .
1160 3365 1465 3430 gracilans'
1513 3364 1640 3427 (scr.
1689 3363 2038 3429 ‘gracilens’)
2085 3363 2187 3414 ‘fin
2287 3365 2564 3430 Turpilius
2611 3363 2914 3414 Caneforo:

629 3435 798 3486 nosti'
837 3452 883 3484 e.
922 3449 970 3496 q.
1011 3450 1052 3483 s.

794 3638 829 3693 9
877 3638 948 3690 ila
997 3644 1082 3691 cst
1125 3638 1261 3692 libri
1311 3638 1440 3692 itast
1486 3637 1780 3709 Berylcius
1826 3640 2046 3693 annull.
2086 3637 2294 3707 philoll
2330 3637 2492 3694 1870
2539 3653 2602 3706 p.
2653 3635 2774 3692 834
2821 3635 2914 3706 ila,

625 3740 728 3780 am.
776 3729 891 3791 est,
938 3723 1066 3777 olim
1115 3723 1291 3792 edidi,
1337 3724 1560 3776 minime
1606 3728 1812 3777 contra
1859 3722 2323 3776 consuetudinem
2498 3720 2628 3775 haut
2673 3720 2916 3792 Stepha-

624 3822 733 3862 nus
776 3813 867 3860 aut
921 3806 1057 3860 libri
1229 3805 1380 3860 facile
1440 3814 1523 3860 est
1580 3807 1716 3862 libri
1882 3804 1978 3861 illo
2023 3807 2252 3875 Lipsius
2303 3806 2416 3876 Ep.
2463 3823 2555 3877 qu.
2624 3805 2668 3860 V
2710 3805 2746 3859 2

623 3891 724 3944 sita
769 3890 1009 3946 Rotkius
1055 3889 1098 3944 si
1146 3891 1216 3945 ita
1259 3890 1473 3945 Genea.
1523 3891 1707 3945 Basil.
1739 3898 1889 3957 suta,
1935 3906 2237 3961 suprascr.
2286 3891 2475 3962 spissa,
2524 3890 2700 3945 Harl.
2747 3891 2917 3962 spissa

625 3978 807 4031 ceteri
847 3975 983 4031 libri
1197 3975 1275 4032 10
1318 3974 1482 4046 apisci
1542 3977 1759 4046 scripsi
1796 3973 2014 4047 adipisci
2067 3975 2202 4030 libri
2372 3973 2499 4028 haut
2542 3974 2773 4044 Lipsius
2827 3983 2918 4028 aut

619 4061 759 4116 libri
926 4075 1142 4131 possem
1188 4061 1404 4129 scripsi
1456 4074 1618 4131 posse
1660 4060 1798 4115 libri
1845 4060 2022 4131 possis
2068 4059 2297 4129 Lipsius
2482 4057 2656 4132 Vulqo
2704 4060 2920 4114 iambos

622 4144 983 4212 describunt,
1033 4147 1163 4199 ilem
1196 4144 1486 4216 Berqlcius
1513 4144 1604 4198 his
1622 4146 1972 4215 propositis:
2015 4142 2304 4216 spissumst
2335 4144 2462 4198 iter:
2510 4141 2728 4215 adipisci
2777 4141 2914 4196 hand

623 4235 875 4301 potestur
1093 4227 1163 4282 11
1214 4226 1438 4282 caelabis
1484 4227 1553 4279 W
1743 4226 1818 4284 13
1865 4228 2058 4282 cracile
2102 4244 2301 4299 corpus
2348 4228 2501 4283 Leid.
2592 4226 2912 4281 Secundum

622 4316 826 4367 lemma
878 4312 1046 4367 Nonii
1099 4319 1201 4367 aut
1258 4309 1402 4367 nosti
1459 4328 1616 4385 quam
1661 4313 1734 4367 sil
1790 4311 2053 4385 gracilens
2110 4328 2308 4385 corpus
2368 4319 2469 4367 aue
2516 4311 2690 4380 nosti,
2748 4307 2913 4375 Quam

1522 4535 1563 4570 θ
