3400 5075
693 274 923 328 xnvm
1298 252 1305 259 ’
1579 273 2104 328 coaoLLAmVM

695 442 911 501 autem
967 437 1044 500 de
1102 460 1219 500 err.
1267 438 1432 521 prof.
1480 440 1591 500 rel.
1647 460 1708 520 p.
1756 437 1886 501 426
1936 436 2043 501 Gr.
2098 438 2258 501 tale:
2319 437 2564 521 ταῦρος
2625 436 2991 522 δράκοντος

691 542 799 608 καὶ
867 540 1135 627 δράκων
1198 539 1452 627 ταύρου
1516 540 1749 627 πατήρ.
1841 544 2103 607 Eisdem
2173 544 2514 607 cantilenis
2561 548 2986 628 popularibus

691 651 921 733 reliqui
971 651 1168 714 etiam
1219 649 1565 732 senarium,
1613 672 1803 733 quem
1853 649 2098 713 ‘Verrii
2145 650 2366 714 Flacci
2414 651 2583 716 libro
2629 654 2843 735 primo
2893 678 2986 717 re-

691 779 834 819 rum
882 757 1200 820 memoria
1246 755 1622 839 dignarum'
1672 779 1823 819 usus
1875 756 2123 821 Gellius
2170 757 2266 820 IV
2316 758 2357 820 5
2413 758 2706 822 laudavit
2751 762 2986 825 maltim

691 866 1016 928 consilium
1080 864 1413 927 consultam?
1462 864 1806 946 pessimum
1851 869 1968 927 est:
2030 885 2368 946 expressus
2426 864 2563 947 ille,
2628 869 2700 929 ut
2755 866 2987 931 Verrio

690 970 925 1034 Flacco
958 970 1186 1054 visum,
1217 993 1291 1034 ex
1323 970 1569 1033 Graeco
1600 969 1870 1033 Hesiodi
1901 973 2000 1032 est
2028 969 2170 1032 OD.
2201 971 2330 1033 266
2379 964 2419 1053 ἡ
2461 967 2532 1033 δὲ
2563 968 2728 1055 κακὴ
2777 970 2987 1057 βουλὴ

690 1078 779 1164 τῷ
842 1073 1281 1159 βουλεύσαντι
1349 1079 1653 1159 κακίστη,
1721 1080 2146 1159 cantatusque
2214 1099 2252 1139 a
2317 1078 2532 1160 pueris
2605 1080 2762 1142 urbe
2828 1084 2988 1161 tota,

692 1184 860 1267 quod
908 1183 972 1246 in
1017 1183 1328 1247 Etruscos
1378 1183 1710 1266 aruspices
1760 1182 1929 1246 male
1978 1184 2374 1246 consulentis
2422 1184 2499 1245 de
2546 1184 2804 1267 fulgure
2853 1188 2986 1269 pia-

693 1291 854 1353 culis
902 1290 1134 1352 luendo
1185 1290 1704 1353 animadversum
1750 1289 1980 1352 fuerat.
2054 1289 2131 1351 de
2179 1312 2306 1372 quo
2356 1291 2677 1373 supplicio
2728 1315 2872 1355 cum
2921 1294 2984 1355 in

694 1397 1024 1459 annalium
1091 1396 1523 1459 maximorum
1590 1396 1758 1459 libro
1806 1394 1899 1458 XI
1962 1395 2277 1458 traditum
2341 1396 2540 1460 fuerit
2605 1395 2711 1481 (cf.
2769 1398 2984 1463 Peteri

692 1505 981 1587 prolegg.
1028 1526 1089 1587 p.
1131 1502 1340 1565 XIIII.
1378 1501 1645 1587 XXIII),
1693 1525 1820 1585 quo
1868 1506 2086 1565 tamen
2137 1525 2305 1566 anno
2351 1504 2598 1566 factum
2648 1505 2736 1567 sit
2779 1507 2982 1569 nesci-

693 1633 852 1673 mus,
928 1614 993 1673 et
1036 1614 1369 1692 tamquam
1420 1609 1672 1692 populi,
1720 1631 1851 1671 non
1897 1611 2128 1691 poetae
2178 1610 2452 1673 scaenici
2496 1611 2738 1674 dictu-m
2771 1612 2983 1676 Varro

691 1738 942 1800 quoque
1008 1716 1083 1779 de
1150 1738 1216 1778 re
1275 1739 1322 1778 r.
1370 1714 1468 1777 III
1515 1717 1581 1797 2,
1634 1717 1666 1776 1
1729 1715 1998 1777 eundem
2064 1715 2453 1779 versiculum
2521 1724 2986 1783 commemorat

692 1820 909 1906 (quod
950 1823 1209 1885 dicitur:
1258 1820 1526 1884 malum'
1576 1843 1627 1882 e.
1660 1843 1718 1903 q.
1750 1818 1843 1906 3.).
1905 1820 2029 1885 Sed
2071 1821 2348 1885 adhibiti
2390 1823 2588 1885 etiam
2637 1824 2706 1887 iu
2753 1847 2985 1889 scaena

692 1929 997 1991 carminis
1048 1928 1288 2010 publici
1338 1927 1704 2009 exemplum
1753 1928 2022 1990 Plautus
2070 1928 2340 2010 praebet
2379 1929 2444 1991 in
2494 1927 2734 1994 Casina
2778 1931 2877 1994 III
2931 1935 2984 2013 l,

696 2035 778 2097 10
827 2034 970 2097 ‘sed
1017 2035 1215 2097 facito
1263 2035 1414 2096 dum
1464 2035 1780 2096 memoria
1827 2056 1941 2117 per
1981 2034 2215 2117 volgus
2257 2036 2427 2117 quod
2467 2040 2734 2099 cantant
2780 2039 2983 2101 colas:

690 2141 828 2204 minz
874 2141 1001 2204 cibo
1046 2162 1156 2204 suo
1201 2142 1422 2221 quique
1462 2140 1652 2220 facito
1687 2141 1938 2204 veniant
1980 2142 2164 2220 quasi
2206 2147 2348 2204 eant
2393 2140 2719 2220 Sutrium’,
2768 2147 2982 2206 ortum

692 2252 908 2311 autem
973 2247 1391 2329 proverbium
1457 2268 1598 2310 esse
1656 2245 1908 2310 Gallico
1975 2248 2257 2311 tumultu
2314 2248 2546 2312 Festus
2613 2271 2670 2333 p.
2719 2250 2849 2312 310
2897 2249 2979 2312 M.

689 2358 930 2417 narrat.

868 2459 1266 2544 Ambiguum
1325 2462 1425 2522 est
1469 2460 1807 2543 iudicium,
1862 2460 1973 2523 sed
2020 2463 2237 2523 tamen
2285 2464 2358 2524 ut
2401 2462 2718 2544 populum
2765 2463 2982 2545 potius

691 2590 885 2650 quam
933 2571 1193 2650 poetam
1243 2568 1464 2630 audire
1512 2566 1674 2629 mihi
1723 2567 1971 2650 videar,
2018 2568 2094 2630 de
2141 2569 2326 2650 clictO,
2364 2590 2490 2650 quo
2520 2566 2732 2630 Varro
2779 2569 2985 2630 utitur

688 2675 810 2738 inc.
860 2675 980 2738 inc.
1028 2674 1158 2737 fab.
1207 2672 1437 2736 LXIII.
2688 2678 2694 2687 '

870 2781 961 2843 At
1005 2802 1137 2843 non
1192 2780 1383 2843 facile
1430 2781 1497 2844 in
1545 2780 1812 2843 dubium
1861 2780 2077 2844 vocari
2138 2781 2381 2862 poterit
2437 2800 2645 2843 versus
2688 2781 2983 2862 antiquus

692 2911 729 2949 a
776 2886 971 2950 Festo
1019 2886 1320 2950 laudatus
1368 2884 1516 2972 (ine.
1547 2887 1669 2950 inc.
1698 2887 1829 2949 fab.
1869 2884 1966 2970 L),
2015 2886 2195 2948 cuius
2244 2908 2324 2949 ne
2374 2886 2676 2949 absoluta
2722 2886 2978 2969 quidem

691 2998 790 3056 est
845 2993 1192 3078 sententia3
1252 2993 1451 3056 etiam
1504 2998 1673 3057 vet-us
1719 2992 1898 3074 illud,
1944 3013 2070 3074 quo
2119 2989 2347 3056 Cicero
2402 2994 2607 3055 utitur
2662 2991 2978 3077 (inc.'inc.

687 3099 819 3163 fab.
868 3098 1155 3184 LXXV),
1203 3100 1573 3164 comoediae
1621 3100 1831 3162 visum
1881 3103 1981 3160 est
2026 3092 2385 3162 conven'ire.
2479 3098 2680 3163 Porro
2734 3101 2981 3165 verbum

677 3207 995 3288 Jncblv’mcm
1061 3207 1229 3289 quod
1294 3206 1455 3269 dicit
1520 3203 1764 3268 Seneca
1829 3202 1987 3290 (inc.
2035 3204 2156 3269 inc.
2211 3204 2342 3268 fab.
2388 3204 2671 3292 LXXII)
2728 3207 2791 3269 in
2851 3230 2977 3269 ser-

690 3337 878 3378 mone
928 3314 1145 3396 aliquo
1193 3314 1519 3396 prolatum
1577 3312 1779 3374 fuisse
1815 3317 2030 3392 postea
2077 3334 2233 3376 voce
2282 3312 2593 3394 proditur.
2674 3312 2979 3375 Numeris

691 3444 729 3484 a
776 3425 970 3503 poeta
1018 3423 1315 3502 aptatum
1364 3441 1503 3480 esse
1549 3424 1718 3482 vetus
1754 3419 1911 3482 illud
1949 3419 2345 3500 prwerbium
2393 3418 2562 3500 apud
2603 3416 2978 3481 Ciceronem

690 3529 756 3590 et
800 3527 1218 3590 Ammianum
1276 3521 1424 3608 (inc.
1471 3525 1592 3588 inc.
1640 3525 1771 3589 fab.
1819 3524 2059 3611 XLIX)
2115 3526 2374 3588 brevior
2422 3523 2588 3607 apud
2639 3523 2977 3598 Quintilia-

688 3655 841 3696 num
896 3634 1111 3696 forma
1156 3631 1495 3715 probabile
1551 3631 1787 3715 reddit,
1844 3635 2036 3714 atque
2095 3631 2174 3693 ad
2222 3631 2393 3694 idem
2448 3607 2650 3714 getius
2697 3632 2982 3714 pertinet

690 3739 980 3803 senarius
1020 3738 1318 3823 Augusto
1364 3738 1711 3802 familiaris
1760 3736 1911 3823 (inc.
1942 3738 2063 3801 inc.
2091 3737 2222 3801 fab.
2251 3734 2571 3820 LXXIV).
2661 3735 2984 3800 Dissolvit

688 3869 991 3909 numeros
1039 3844 1265 3910 Cicero
1307 3845 1829 3927 pervolyatissimi
1884 3845 2060 3907 illius
2114 3863 2323 3906 versus
2377 3840 2591 3923 XXII,
2649 3847 2714 3905 et
2767 3845 2982 3906 veteris

690 3952 1068 4035 laudatique,
1124 3957 1197 4014 ut
1254 3953 1348 4015 ait
1393 3952 1461 4015 in
1501 3949 1748 4014 Catone
1802 3952 1911 4034 10,
1958 3951 2069 4034 32,
2113 3949 2427 4030 proverbii
2438 3997 2452 4027 ,
2503 3947 2705 4031 ‘quod
2762 3949 2982 4013 monet

690 4064 942 4124 mature
990 4060 1130 4122 fieri
1178 4080 1415 4141 senem,
1462 4058 1517 4121 si
1564 4057 1673 4119 diu
1723 4057 1884 4120 velis
1933 4078 2126 4119 senex
2173 4054 2366 4139 esse',
2413 4056 2482 4118 in
2529 4054 2761 4138 quibus
2818 4055 2981 4118 latet

691 4166 983 4230 senarius
1039 4164 1438 4229 huiusmodi:
1493 4163 1674 4228 sene'x
1721 4168 1962 4228 matu-re
2002 4163 2158 4245 fiae,
2211 4168 2284 4227 ut
2334 4160 2589 4226 mancas
2640 4161 2750 4222 diu
2798 4157 2976 4242 (nam

687 4296 919 4356 parum
967 4272 1295 4356 elegantes
1342 4271 1685 4335 trochaeos
1733 4270 2071 4334 Fabricius
2118 4270 2289 4332 inter
2325 4263 2712 4331 ‘sententias
2761 4263 2977 4326 mimis
