<?xml version="1.0" encoding="UTF-8"?>
<!DOCTYPE html PUBLIC "-//W3C//DTD XHTML 1.0 Transitional//EN"
    "http://www.w3.org/TR/xhtml1/DTD/xhtml1-transitional.dtd">
<html xmlns="http://www.w3.org/1999/xhtml" xml:lang="en" lang="en">
 <head>
  <title>
</title>
<meta http-equiv="Content-Type" content="text/html;charset=utf-8" />
  <meta name='ocr-system' content='tesseract 3.04.00' />
  <meta name='ocr-capabilities' content='ocr_page ocr_carea ocr_par ocr_line ocrx_word'/>
</head>
<body>
  <div class='ocr_page' id='page_1' title='image "./comicorumromano00teregoog_0534.png"; bbox 0 0 3400 5075; ppageno 0'>
   <div class='ocr_carea' id='block_1_1' title="bbox 609 279 1983 343">
    <p class='ocr_par' dir='ltr' id='par_1_1' title="bbox 609 279 1983 343">
     <span class='ocr_line' id='line_1_1' title="bbox 609 279 1983 343; baseline -0.011 0"><span class='ocrx_word' id='word_1_1' title='bbox 609 279 736 343; x_wconf 81' lang='lat'>392</span> <span class='ocrx_word' id='word_1_2' title='bbox 1563 279 1946 330; x_wconf 61' lang='lat' dir='ltr'>carvrmvs</span> <span class='ocrx_word' id='word_1_3' title='bbox 1978 279 1983 287; x_wconf 93' lang='lat'><strong>·</strong></span> 
     </span>
    </p>
   </div>
   <div class='ocr_carea' id='block_1_2' title="bbox 1377 614 2140 702">
    <p class='ocr_par' dir='ltr' id='par_1_2' title="bbox 1377 614 2140 702">
     <span class='ocr_line' id='line_1_2' title="bbox 1377 614 2140 702; baseline 0 0"><span class='ocrx_word' id='word_1_4' title='bbox 1377 614 2140 702; x_wconf 78' lang='lat' dir='ltr'>CATVLLVS</span> 
     </span>
    </p>
   </div>
   <div class='ocr_carea' id='block_1_3' title="bbox 1501 865 2028 1047">
    <p class='ocr_par' dir='ltr' id='par_1_3' title="bbox 1501 865 2028 1047">
     <span class='ocr_line' id='line_1_3' title="bbox 1501 865 2028 932; baseline 0.002 -1"><span class='ocrx_word' id='word_1_5' title='bbox 1501 865 2028 932; x_wconf 76' lang='lat' dir='ltr'>LAVREOLVS</span> 
     </span>
     <span class='ocr_line' id='line_1_4' title="bbox 1735 982 1768 1047; baseline 0 0"><span class='ocrx_word' id='word_1_6' title='bbox 1735 982 1768 1047; x_wconf 95' lang='lat' dir='ltr'><strong>I</strong></span> 
     </span>
    </p>
   </div>
   <div class='ocr_carea' id='block_1_4' title="bbox 613 1098 2918 2087">
    <p class='ocr_par' dir='ltr' id='par_1_4' title="bbox 613 1098 2918 1993">
     <span class='ocr_line' id='line_1_5' title="bbox 789 1098 2907 1165; baseline -0.001 -1"><span class='ocrx_word' id='word_1_7' title='bbox 789 1101 1117 1165; x_wconf 88' lang='lat' dir='ltr'>quenalis</span> <span class='ocrx_word' id='word_1_8' title='bbox 1175 1102 1291 1163; x_wconf 82' lang='lat' dir='ltr'>sat.</span> <span class='ocrx_word' id='word_1_9' title='bbox 1351 1098 1514 1164; x_wconf 88' lang='lat' dir='ltr'><strong>VIII</strong></span> <span class='ocrx_word' id='word_1_10' title='bbox 1579 1100 1698 1163; x_wconf 82' lang='lat'>187</span> <span class='ocrx_word' id='word_1_11' title='bbox 1769 1099 2176 1164; x_wconf 75' lang='lat' dir='ltr'><strong>‘Laureolum</strong></span> <span class='ocrx_word' id='word_1_12' title='bbox 2232 1100 2420 1163; x_wconf 84' lang='lat' dir='ltr'>uelox</span> <span class='ocrx_word' id='word_1_13' title='bbox 2486 1099 2682 1162; x_wconf 83' lang='lat' dir='ltr'>etiam</span> <span class='ocrx_word' id='word_1_14' title='bbox 2746 1100 2907 1162; x_wconf 84' lang='lat' dir='ltr'>bene</span> 
     </span>
     <span class='ocr_line' id='line_1_6' title="bbox 614 1215 2910 1300; baseline -0.001 -19"><span class='ocrx_word' id='word_1_15' title='bbox 614 1217 927 1282; x_wconf 75' lang='lat' dir='ltr'>Lentulus</span> <span class='ocrx_word' id='word_1_16' title='bbox 984 1216 1117 1300; x_wconf 84' lang='lat' dir='ltr'>egit</span> <span class='ocrx_word' id='word_1_17' title='bbox 1162 1215 1378 1278; x_wconf 87' lang='lat' dir='ltr'>Iudice</span> <span class='ocrx_word' id='word_1_18' title='bbox 1416 1237 1518 1278; x_wconf 90' lang='lat' dir='ltr'>me</span> <span class='ocrx_word' id='word_1_19' title='bbox 1566 1215 1799 1298; x_wconf 81' lang='lat' dir='ltr'>dignus</span> <span class='ocrx_word' id='word_1_20' title='bbox 1839 1238 1993 1279; x_wconf 83' lang='lat' dir='ltr'>uera</span> <span class='ocrx_word' id='word_1_21' title='bbox 2048 1219 2275 1279; x_wconf 65' lang='lat' dir='ltr'>cruce?</span> <span class='ocrx_word' id='word_1_22' title='bbox 2362 1215 2709 1279; x_wconf 75' lang='lat' dir='ltr'>scholiasta</span> <span class='ocrx_word' id='word_1_23' title='bbox 2765 1215 2910 1278; x_wconf 87' lang='lat' dir='ltr'>‘hoc</span> 
     </span>
     <span class='ocr_line' id='line_1_7' title="bbox 613 1329 2911 1416; baseline -0.001 -19"><span class='ocrx_word' id='word_1_24' title='bbox 613 1334 757 1397; x_wconf 88' lang='lat' dir='ltr'>ideo</span> <span class='ocrx_word' id='word_1_25' title='bbox 815 1333 964 1416; x_wconf 84' lang='lat' dir='ltr'>quia</span> <span class='ocrx_word' id='word_1_26' title='bbox 1028 1332 1097 1395; x_wconf 91' lang='lat' dir='ltr'>in</span> <span class='ocrx_word' id='word_1_27' title='bbox 1161 1332 1302 1414; x_wconf 87' lang='lat' dir='ltr'>ipso</span> <span class='ocrx_word' id='word_1_28' title='bbox 1358 1331 1555 1396; x_wconf 89' lang='lat' dir='ltr'>mimo</span> <span class='ocrx_word' id='word_1_29' title='bbox 1613 1329 1929 1395; x_wconf 81' lang='lat' dir='ltr'>Laureolo</span> <span class='ocrx_word' id='word_1_30' title='bbox 1992 1331 2216 1416; x_wconf 82' lang='lat' dir='ltr'>figitur</span> <span class='ocrx_word' id='word_1_31' title='bbox 2280 1352 2459 1394; x_wconf 83' lang='lat' dir='ltr'>crux:</span> <span class='ocrx_word' id='word_1_32' title='bbox 2525 1330 2693 1394; x_wconf 85' lang='lat' dir='ltr'>unde</span> <span class='ocrx_word' id='word_1_33' title='bbox 2758 1353 2911 1394; x_wconf 84' lang='lat' dir='ltr'>uera</span> 
     </span>
     <span class='ocr_line' id='line_1_8' title="bbox 619 1446 2910 1532; baseline -0.001 -19"><span class='ocrx_word' id='word_1_34' title='bbox 619 1470 803 1513; x_wconf 90' lang='lat' dir='ltr'>cruce</span> <span class='ocrx_word' id='word_1_35' title='bbox 851 1448 1085 1532; x_wconf 85' lang='lat' dir='ltr'>dignus</span> <span class='ocrx_word' id='word_1_36' title='bbox 1133 1449 1231 1511; x_wconf 90' lang='lat' dir='ltr'>est</span> <span class='ocrx_word' id='word_1_37' title='bbox 1258 1446 1600 1530; x_wconf 79' lang='lat' dir='ltr'>LentuluS,</span> <span class='ocrx_word' id='word_1_38' title='bbox 1648 1446 1757 1530; x_wconf 91' lang='lat' dir='ltr'>qui</span> <span class='ocrx_word' id='word_1_39' title='bbox 1802 1450 1988 1510; x_wconf 84' lang='lat' dir='ltr'>tanto</span> <span class='ocrx_word' id='word_1_40' title='bbox 2037 1446 2477 1510; x_wconf 85' lang='lat' dir='ltr'>detestabilior</span> <span class='ocrx_word' id='word_1_41' title='bbox 2506 1448 2621 1529; x_wconf 87' lang='lat' dir='ltr'>est,</span> <span class='ocrx_word' id='word_1_42' title='bbox 2668 1449 2910 1529; x_wconf 85' lang='lat' dir='ltr'>quanto</span> 
     </span>
     <span class='ocr_line' id='line_1_9' title="bbox 617 1561 2913 1648; baseline -0.002 -20"><span class='ocrx_word' id='word_1_43' title='bbox 617 1565 845 1628; x_wconf 89' lang='lat' dir='ltr'>melius</span> <span class='ocrx_word' id='word_1_44' title='bbox 902 1565 1155 1648; x_wconf 82' lang='lat' dir='ltr'>gestum</span> <span class='ocrx_word' id='word_1_45' title='bbox 1211 1562 1501 1625; x_wconf 83' lang='lat' dir='ltr'>imitatus</span> <span class='ocrx_word' id='word_1_46' title='bbox 1558 1565 1657 1625; x_wconf 88' lang='lat' dir='ltr'>est</span> <span class='ocrx_word' id='word_1_47' title='bbox 1704 1563 2043 1626; x_wconf 89' lang='lat' dir='ltr'>scenicum.</span> <span class='ocrx_word' id='word_1_48' title='bbox 2144 1562 2248 1626; x_wconf 90' lang='lat' dir='ltr'>hic</span> <span class='ocrx_word' id='word_1_49' title='bbox 2309 1561 2621 1625; x_wconf 76' lang='lat' dir='ltr'>Lentulus</span> <span class='ocrx_word' id='word_1_50' title='bbox 2677 1561 2913 1625; x_wconf 88' lang='lat' dir='ltr'>nobilis</span> 
     </span>
     <span class='ocr_line' id='line_1_10' title="bbox 619 1677 2913 1762; baseline -0.002 -19"><span class='ocrx_word' id='word_1_51' title='bbox 619 1680 746 1744; x_wconf 84' lang='lat' dir='ltr'>fuit</span> <span class='ocrx_word' id='word_1_52' title='bbox 792 1683 858 1743; x_wconf 89' lang='lat' dir='ltr'>et</span> <span class='ocrx_word' id='word_1_53' title='bbox 903 1679 1185 1762; x_wconf 87' lang='lat' dir='ltr'>suscepit</span> <span class='ocrx_word' id='word_1_54' title='bbox 1232 1678 1402 1741; x_wconf 89' lang='lat' dir='ltr'>serui</span> <span class='ocrx_word' id='word_1_55' title='bbox 1447 1699 1791 1761; x_wconf 83' lang='lat' dir='ltr'>personam</span> <span class='ocrx_word' id='word_1_56' title='bbox 1829 1677 1896 1739; x_wconf 88' lang='lat' dir='ltr'>in</span> <span class='ocrx_word' id='word_1_57' title='bbox 1945 1677 2197 1761; x_wconf 81' lang='lat' dir='ltr'>agendo</span> <span class='ocrx_word' id='word_1_58' title='bbox 2227 1679 2423 1741; x_wconf 89' lang='lat' dir='ltr'>mimo</span> <span class='ocrx_word' id='word_1_59' title='bbox 2453 1681 2518 1740; x_wconf 87' lang='lat' dir='ltr'>et</span> <span class='ocrx_word' id='word_1_60' title='bbox 2564 1677 2913 1761; x_wconf 88' lang='lat' dir='ltr'>deprehen-</span> 
     </span>
     <span class='ocr_line' id='line_1_11' title="bbox 620 1792 2918 1876; baseline -0.002 -16"><span class='ocrx_word' id='word_1_61' title='bbox 620 1818 729 1860; x_wconf 88' lang='lat' dir='ltr'>sus</span> <span class='ocrx_word' id='word_1_62' title='bbox 759 1796 826 1858; x_wconf 90' lang='lat' dir='ltr'>in</span> <span class='ocrx_word' id='word_1_63' title='bbox 855 1794 1020 1860; x_wconf 85' lang='lat' dir='ltr'>falso</span> <span class='ocrx_word' id='word_1_64' title='bbox 1069 1794 1430 1858; x_wconf 83' lang='lat' dir='ltr'>crucifixus</span> <span class='ocrx_word' id='word_1_65' title='bbox 1470 1796 1607 1856; x_wconf 67' lang='lat' dir='ltr'>est?</span> <span class='ocrx_word' id='word_1_66' title='bbox 1703 1792 2017 1876; x_wconf 79' lang='lat' dir='ltr'>Iosephus</span> <span class='ocrx_word' id='word_1_67' title='bbox 2066 1794 2265 1876; x_wconf 85' lang='lat' dir='ltr'>antiq.</span> <span class='ocrx_word' id='word_1_68' title='bbox 2294 1792 2452 1856; x_wconf 87' lang='lat' dir='ltr'>XIX</span> <span class='ocrx_word' id='word_1_69' title='bbox 2488 1793 2542 1876; x_wconf 85' lang='lat'>1,</span> <span class='ocrx_word' id='word_1_70' title='bbox 2580 1793 2673 1856; x_wconf 79' lang='lat'>-13</span> <span class='ocrx_word' id='word_1_71' title='bbox 2722 1803 2918 1876; x_wconf 78' lang='grc' dir='ltr'><strong><em>μῖμος</em></strong></span> 
     </span>
     <span class='ocr_line' id='line_1_12' title="bbox 621 1902 2412 1993; baseline -0.003 -17"><span class='ocrx_word' id='word_1_72' title='bbox 621 1906 982 1993; x_wconf 80' lang='grc' dir='ltr'><em>εἰσάγεται,</em></span> <span class='ocrx_word' id='word_1_73' title='bbox 1029 1903 1186 1974; x_wconf 82' lang='grc' dir='ltr'><em>καθ’</em></span> <span class='ocrx_word' id='word_1_74' title='bbox 1241 1902 1323 1972; x_wconf 80' lang='grc' dir='ltr'>ὃν</span> <span class='ocrx_word' id='word_1_75' title='bbox 1369 1908 1772 1992; x_wconf 76' lang='grc' dir='ltr'><em>σταυροῦται</em></span> <span class='ocrx_word' id='word_1_76' title='bbox 1821 1908 2081 1992; x_wconf 76' lang='grc' dir='ltr'><em>λῃστῶν</em></span> <span class='ocrx_word' id='word_1_77' title='bbox 2127 1902 2412 1991; x_wconf 73' lang='grc' dir='ltr'><em>ἡγεμών.</em></span> 
     </span>
    </p>

    <p class='ocr_par' dir='ltr' id='par_1_5' title="bbox 1729 2023 1792 2087">
     <span class='ocr_line' id='line_1_13' title="bbox 1729 2023 1792 2087; baseline -0.016 0"><span class='ocrx_word' id='word_1_78' title='bbox 1729 2023 1792 2087; x_wconf 92' lang='lat' dir='ltr'>II</span> 
     </span>
    </p>
   </div>
   <div class='ocr_carea' id='block_1_5' title="bbox 622 2137 2915 2456">
    <p class='ocr_par' dir='ltr' id='par_1_6' title="bbox 622 2137 2915 2456">
     <span class='ocr_line' id='line_1_14' title="bbox 800 2137 2915 2225; baseline -0.001 -20"><span class='ocrx_word' id='word_1_79' title='bbox 800 2139 1147 2206; x_wconf 73' lang='lat' dir='ltr'>Suetonius</span> <span class='ocrx_word' id='word_1_80' title='bbox 1194 2137 1397 2225; x_wconf 81' lang='lat' dir='ltr'>Calig.</span> <span class='ocrx_word' id='word_1_81' title='bbox 1444 2139 1526 2204; x_wconf 82' lang='lat'>57</span> <span class='ocrx_word' id='word_1_82' title='bbox 1590 2141 1680 2201; x_wconf 85' lang='lat' dir='ltr'>‘et</span> <span class='ocrx_word' id='word_1_83' title='bbox 1725 2161 1870 2202; x_wconf 90' lang='lat' dir='ltr'>cum</span> <span class='ocrx_word' id='word_1_84' title='bbox 1925 2139 1994 2202; x_wconf 91' lang='lat' dir='ltr'>in</span> <span class='ocrx_word' id='word_1_85' title='bbox 2040 2137 2356 2203; x_wconf 79' lang='lat' dir='ltr'>Laureolo</span> <span class='ocrx_word' id='word_1_86' title='bbox 2404 2138 2620 2223; x_wconf 85' lang='lat' dir='ltr'>mim0,</span> <span class='ocrx_word' id='word_1_87' title='bbox 2674 2139 2742 2201; x_wconf 90' lang='lat' dir='ltr'>in</span> <span class='ocrx_word' id='word_1_88' title='bbox 2791 2161 2915 2222; x_wconf 88' lang='lat' dir='ltr'>quo</span> 
     </span>
     <span class='ocr_line' id='line_1_15' title="bbox 624 2253 2914 2341; baseline -0.002 -20"><span class='ocrx_word' id='word_1_89' title='bbox 624 2261 804 2321; x_wconf 85' lang='lat' dir='ltr'>actor</span> <span class='ocrx_word' id='word_1_90' title='bbox 830 2256 1193 2341; x_wconf 86' lang='lat' dir='ltr'>proripiens</span> <span class='ocrx_word' id='word_1_91' title='bbox 1224 2276 1290 2318; x_wconf 91' lang='lat' dir='ltr'>se</span> <span class='ocrx_word' id='word_1_92' title='bbox 1320 2255 1508 2319; x_wconf 82' lang='lat' dir='ltr'>ruina</span> <span class='ocrx_word' id='word_1_93' title='bbox 1537 2255 1920 2339; x_wconf 82' lang='lat' dir='ltr'>sanguinem</span> <span class='ocrx_word' id='word_1_94' title='bbox 1950 2255 2183 2337; x_wconf 88' lang='lat' dir='ltr'>uomit,</span> <span class='ocrx_word' id='word_1_95' title='bbox 2229 2254 2445 2338; x_wconf 88' lang='lat' dir='ltr'>plures</span> <span class='ocrx_word' id='word_1_96' title='bbox 2494 2253 2914 2317; x_wconf 81' lang='lat' dir='ltr'>secundarum</span> 
     </span>
     <span class='ocr_line' id='line_1_16' title="bbox 622 2370 2915 2456; baseline -0.001 -19"><span class='ocrx_word' id='word_1_97' title='bbox 622 2372 916 2437; x_wconf 74' lang='lat' dir='ltr'>certatim</span> <span class='ocrx_word' id='word_1_98' title='bbox 962 2370 1468 2456; x_wconf 81' lang='lat' dir='ltr'>experimentum</span> <span class='ocrx_word' id='word_1_99' title='bbox 1498 2371 1654 2434; x_wconf 87' lang='lat' dir='ltr'>artis</span> <span class='ocrx_word' id='word_1_100' title='bbox 1703 2370 1958 2453; x_wconf 80' lang='lat' dir='ltr'>clarent,</span> <span class='ocrx_word' id='word_1_101' title='bbox 2004 2391 2229 2434; x_wconf 87' lang='lat' dir='ltr'>cruore</span> <span class='ocrx_word' id='word_1_102' title='bbox 2260 2392 2493 2434; x_wconf 81' lang='lat' dir='ltr'>scaena</span> <span class='ocrx_word' id='word_1_103' title='bbox 2522 2370 2915 2435; x_wconf 64' lang='lat' dir='ltr'>abundauit?</span> 
     </span>
    </p>
   </div>
   <div class='ocr_carea' id='block_1_6' title="bbox 1590 2511 1951 2577">
    <p class='ocr_par' dir='ltr' id='par_1_7' title="bbox 1590 2511 1951 2577">
     <span class='ocr_line' id='line_1_17' title="bbox 1590 2511 1951 2577; baseline -0.003 0"><span class='ocrx_word' id='word_1_104' title='bbox 1590 2511 1951 2577; x_wconf 82' lang='lat' dir='ltr'><strong>PHASMA</strong></span> 
     </span>
    </p>
   </div>
   <div class='ocr_carea' id='block_1_7' title="bbox 625 2627 2918 2830">
    <p class='ocr_par' dir='ltr' id='par_1_8' title="bbox 625 2627 2918 2830">
     <span class='ocr_line' id='line_1_18' title="bbox 800 2627 2917 2713; baseline -0.001 -19"><span class='ocrx_word' id='word_1_105' title='bbox 800 2629 1125 2695; x_wconf 81' lang='lat' dir='ltr'>quenalis</span> <span class='ocrx_word' id='word_1_106' title='bbox 1182 2629 1346 2694; x_wconf 89' lang='lat' dir='ltr'><strong>VIII</strong></span> <span class='ocrx_word' id='word_1_107' title='bbox 1405 2630 1530 2694; x_wconf 80' lang='lat'>185</span> <span class='ocrx_word' id='word_1_108' title='bbox 1586 2630 2009 2712; x_wconf 81' lang='lat' dir='ltr'>‘consumptis</span> <span class='ocrx_word' id='word_1_109' title='bbox 2076 2630 2307 2713; x_wconf 89' lang='lat' dir='ltr'>opibus</span> <span class='ocrx_word' id='word_1_110' title='bbox 2368 2652 2621 2713; x_wconf 85' lang='lat' dir='ltr'>uocem,</span> <span class='ocrx_word' id='word_1_111' title='bbox 2683 2627 2917 2693; x_wconf 80' lang='lat' dir='ltr'>Dama-</span> 
     </span>
     <span class='ocr_line' id='line_1_19' title="bbox 625 2742 2918 2830; baseline -0 -20"><span class='ocrx_word' id='word_1_112' title='bbox 625 2747 833 2830; x_wconf 86' lang='lat' dir='ltr'>sippe,</span> <span class='ocrx_word' id='word_1_113' title='bbox 886 2746 1114 2809; x_wconf 82' lang='lat' dir='ltr'>locasti</span> <span class='ocrx_word' id='word_1_114' title='bbox 1163 2744 1441 2829; x_wconf 83' lang='lat' dir='ltr'>Sipari0‚</span> <span class='ocrx_word' id='word_1_115' title='bbox 1497 2745 1849 2813; x_wconf 83' lang='lat' dir='ltr'>clamosum</span> <span class='ocrx_word' id='word_1_116' title='bbox 1911 2765 2136 2828; x_wconf 81' lang='lat' dir='ltr'>ageres</span> <span class='ocrx_word' id='word_1_117' title='bbox 2192 2748 2265 2808; x_wconf 88' lang='lat' dir='ltr'>ut</span> <span class='ocrx_word' id='word_1_118' title='bbox 2310 2744 2593 2809; x_wconf 78' lang='lat' dir='ltr'>Phasma</span> <span class='ocrx_word' id='word_1_119' title='bbox 2639 2742 2918 2809; x_wconf 65' lang='lat' dir='ltr'>Catulli?</span> 
     </span>
    </p>
   </div>
   <div class='ocr_carea' id='block_1_8' title="bbox 583 2938 2925 4360">
    <p class='ocr_par' dir='ltr' id='par_1_9' title="bbox 583 2938 2925 4209">
     <span class='ocr_line' id='line_1_20' title="bbox 762 2938 2919 3004; baseline 0 -15"><span class='ocrx_word' id='word_1_120' title='bbox 762 2939 1089 2990; x_wconf 69' lang='lat' dir='ltr'>C&#39;A&#39;rvnnvs:</span> <span class='ocrx_word' id='word_1_121' title='bbox 1135 2940 1201 2989; x_wconf 81' lang='lat' dir='ltr'>de</span> <span class='ocrx_word' id='word_1_122' title='bbox 1247 2941 1461 2990; x_wconf 87' lang='lat' dir='ltr'>nomine</span> <span class='ocrx_word' id='word_1_123' title='bbox 1510 2941 1581 2988; x_wconf 84' lang='lat' dir='ltr'>cf.</span> <span class='ocrx_word' id='word_1_124' title='bbox 1627 2940 1691 2989; x_wconf 88' lang='lat' dir='ltr'>L.</span> <span class='ocrx_word' id='word_1_125' title='bbox 1744 2939 2067 2990; x_wconf 79' lang='lat' dir='ltr'>Schwabius</span> <span class='ocrx_word' id='word_1_126' title='bbox 2113 2944 2328 3004; x_wconf 85' lang='lat' dir='ltr'>quaest.</span> <span class='ocrx_word' id='word_1_127' title='bbox 2378 2938 2580 2994; x_wconf 75' lang='lat' dir='ltr'>Catuli,</span> <span class='ocrx_word' id='word_1_128' title='bbox 2627 2957 2677 3004; x_wconf 88' lang='lat' dir='ltr'>p.</span> <span class='ocrx_word' id='word_1_129' title='bbox 2730 2942 2819 3002; x_wconf 89' lang='lat'>18,</span> <span class='ocrx_word' id='word_1_130' title='bbox 2857 2942 2919 2990; x_wconf 92' lang='lat' dir='ltr'>L.</span> 
     </span>
     <span class='ocr_line' id='line_1_21' title="bbox 630 3006 2922 3072; baseline -0 -14"><span class='ocrx_word' id='word_1_131' title='bbox 630 3007 864 3059; x_wconf 85' lang='lat' dir='ltr'>Mueller</span> <span class='ocrx_word' id='word_1_132' title='bbox 898 3023 1036 3057; x_wconf 87' lang='lat' dir='ltr'>mus.</span> <span class='ocrx_word' id='word_1_133' title='bbox 1075 3008 1251 3056; x_wconf 84' lang='lat' dir='ltr'>Rben.</span> <span class='ocrx_word' id='word_1_134' title='bbox 1279 3008 1456 3058; x_wconf 83' lang='lat' dir='ltr'><strong>XXIV</strong></span> <span class='ocrx_word' id='word_1_135' title='bbox 1483 3010 1577 3056; x_wconf 78' lang='lat'>621</span> <span class='ocrx_word' id='word_1_136' title='bbox 1607 3023 1690 3071; x_wconf 85' lang='lat' dir='ltr'>sq.</span> <span class='ocrx_word' id='word_1_137' title='bbox 1852 3009 2185 3058; x_wconf 71' lang='lat' dir='ltr'>LAvnEonvs</span> <span class='ocrx_word' id='word_1_138' title='bbox 2256 3010 2281 3057; x_wconf 87' lang='grc' dir='ltr'><strong>Ι</strong></span> <span class='ocrx_word' id='word_1_139' title='bbox 2320 3006 2606 3072; x_wconf 88' lang='lat' dir='ltr'>nobilis]</span> <span class='ocrx_word' id='word_1_140' title='bbox 2649 3007 2922 3057; x_wconf 89' lang='lat' dir='ltr'>mobilis</span> 
     </span>
     <span class='ocr_line' id='line_1_22' title="bbox 627 3075 2923 3139; baseline 0 -14"><span class='ocrx_word' id='word_1_141' title='bbox 627 3075 935 3137; x_wconf 78' lang='lat' dir='ltr'>Usenems,</span> <span class='ocrx_word' id='word_1_142' title='bbox 984 3090 1092 3138; x_wconf 92' lang='lat' dir='ltr'>quo</span> <span class='ocrx_word' id='word_1_143' title='bbox 1138 3076 1340 3124; x_wconf 87' lang='lat' dir='ltr'>uelox</span> <span class='ocrx_word' id='word_1_144' title='bbox 1388 3076 1545 3123; x_wconf 74' lang='lat' dir='ltr'>reddi</span> <span class='ocrx_word' id='word_1_145' title='bbox 1591 3080 1778 3139; x_wconf 74' lang='lat' dir='ltr'>putat:</span> <span class='ocrx_word' id='word_1_146' title='bbox 1827 3076 1923 3124; x_wconf 77' lang='lat' dir='ltr'>sed</span> <span class='ocrx_word' id='word_1_147' title='bbox 1970 3077 2096 3125; x_wconf 87' lang='lat' dir='ltr'>uide</span> <span class='ocrx_word' id='word_1_148' title='bbox 2145 3077 2334 3125; x_wconf 88' lang='lat' dir='ltr'>quen.</span> <span class='ocrx_word' id='word_1_149' title='bbox 2382 3076 2516 3125; x_wconf 82' lang='lat' dir='ltr'><strong>VIII</strong></span> <span class='ocrx_word' id='word_1_150' title='bbox 2564 3080 2657 3125; x_wconf 82' lang='lat'>199</span> <span class='ocrx_word' id='word_1_151' title='bbox 2705 3076 2923 3125; x_wconf 80' lang='lat' dir='ltr'>‘mimus</span> 
     </span>
     <span class='ocr_line' id='line_1_23' title="bbox 625 3141 2923 3207; baseline 0 -14"><span class='ocrx_word' id='word_1_152' title='bbox 625 3144 869 3193; x_wconf 86' lang='lat' dir='ltr'>nobilis’.</span> <span class='ocrx_word' id='word_1_153' title='bbox 940 3142 1024 3191; x_wconf 85' lang='lat' dir='ltr'>Cf.</span> <span class='ocrx_word' id='word_1_154' title='bbox 1064 3142 1341 3201; x_wconf 70' lang='lat' dir='ltr'>Martialis</span> <span class='ocrx_word' id='word_1_155' title='bbox 1387 3143 1454 3191; x_wconf 87' lang='lat' dir='ltr'>de</span> <span class='ocrx_word' id='word_1_156' title='bbox 1501 3150 1744 3207; x_wconf 80' lang='lat' dir='ltr'>spectac,</span> <span class='ocrx_word' id='word_1_157' title='bbox 1784 3144 1889 3193; x_wconf 77' lang='lat' dir='ltr'>vll</span> <span class='ocrx_word' id='word_1_158' title='bbox 1939 3144 2204 3207; x_wconf 83' lang='lat' dir='ltr'>‘qualiter</span> <span class='ocrx_word' id='word_1_159' title='bbox 2250 3144 2306 3191; x_wconf 90' lang='lat' dir='ltr'>in</span> <span class='ocrx_word' id='word_1_160' title='bbox 2344 3141 2607 3206; x_wconf 73' lang='lat' dir='ltr'>Scythica</span> <span class='ocrx_word' id='word_1_161' title='bbox 2654 3143 2923 3205; x_wconf 70' lang='lat' dir='ltr'>religatus</span> 
     </span>
     <span class='ocr_line' id='line_1_24' title="bbox 627 3210 2920 3276; baseline -0.001 -14"><span class='ocrx_word' id='word_1_162' title='bbox 627 3227 760 3276; x_wconf 89' lang='lat' dir='ltr'>rupe</span> <span class='ocrx_word' id='word_1_163' title='bbox 798 3210 1158 3260; x_wconf 83' lang='lat' dir='ltr'>Prometheus</span> <span class='ocrx_word' id='word_1_164' title='bbox 1196 3210 1486 3259; x_wconf 82' lang='lat' dir='ltr'>Assiduam</span> <span class='ocrx_word' id='word_1_165' title='bbox 1526 3211 1692 3259; x_wconf 89' lang='lat' dir='ltr'>nimio</span> <span class='ocrx_word' id='word_1_166' title='bbox 1732 3218 1959 3275; x_wconf 84' lang='lat' dir='ltr'>pectore</span> <span class='ocrx_word' id='word_1_167' title='bbox 2000 3213 2153 3275; x_wconf 80' lang='lat' dir='ltr'>pauit</span> <span class='ocrx_word' id='word_1_168' title='bbox 2193 3227 2377 3271; x_wconf 82' lang='lat' dir='ltr'>auem,</span> <span class='ocrx_word' id='word_1_169' title='bbox 2418 3211 2579 3260; x_wconf 78' lang='lat' dir='ltr'>Nuda</span> <span class='ocrx_word' id='word_1_170' title='bbox 2618 3211 2920 3259; x_wconf 81' lang='lat' dir='ltr'>Caledonio</span> 
     </span>
     <span class='ocr_line' id='line_1_25' title="bbox 583 3278 2919 3343; baseline -0 -15"><span class='ocrx_word' id='word_1_171' title='bbox 583 3310 596 3316; x_wconf 74' lang='lat'><em>-</em></span> <span class='ocrx_word' id='word_1_172' title='bbox 627 3280 709 3329; x_wconf 84' lang='lat' dir='ltr'>sic</span> <span class='ocrx_word' id='word_1_173' title='bbox 744 3279 965 3328; x_wconf 82' lang='lat' dir='ltr'>uiscera</span> <span class='ocrx_word' id='word_1_174' title='bbox 1001 3278 1259 3343; x_wconf 81' lang='lat' dir='ltr'>praebuit</span> <span class='ocrx_word' id='word_1_175' title='bbox 1284 3293 1411 3327; x_wconf 86' lang='lat' dir='ltr'>urso</span> <span class='ocrx_word' id='word_1_176' title='bbox 1450 3279 1585 3327; x_wconf 90' lang='lat' dir='ltr'>Non</span> <span class='ocrx_word' id='word_1_177' title='bbox 1627 3278 1810 3327; x_wconf 86' lang='lat' dir='ltr'>falsa</span> <span class='ocrx_word' id='word_1_178' title='bbox 1848 3279 2150 3343; x_wconf 78' lang='lat' dir='ltr'>pendens</span> <span class='ocrx_word' id='word_1_179' title='bbox 2188 3280 2251 3327; x_wconf 89' lang='lat' dir='ltr'>in</span> <span class='ocrx_word' id='word_1_180' title='bbox 2291 3294 2487 3328; x_wconf 84' lang='lat' dir='ltr'>cruce</span> <span class='ocrx_word' id='word_1_181' title='bbox 2516 3278 2919 3328; x_wconf 86' lang='lat' dir='ltr'>Laureolus’</span> 
     </span>
     <span class='ocr_line' id='line_1_26' title="bbox 631 3345 2923 3412; baseline -0.001 -16"><span class='ocrx_word' id='word_1_182' title='bbox 631 3363 677 3397; x_wconf 92' lang='lat' dir='ltr'>e.</span> <span class='ocrx_word' id='word_1_183' title='bbox 714 3362 765 3412; x_wconf 89' lang='lat' dir='ltr'>q.</span> <span class='ocrx_word' id='word_1_184' title='bbox 801 3360 843 3396; x_wconf 78' lang='lat' dir='ltr'>s·</span> <span class='ocrx_word' id='word_1_185' title='bbox 913 3345 1288 3396; x_wconf 69' lang='lat' dir='ltr'>Tertullianus</span> <span class='ocrx_word' id='word_1_186' title='bbox 1327 3345 1450 3394; x_wconf 82' lang='lat' dir='ltr'>adu.</span> <span class='ocrx_word' id='word_1_187' title='bbox 1487 3345 1768 3396; x_wconf 80' lang='lat' dir='ltr'>valentin.</span> <span class='ocrx_word' id='word_1_188' title='bbox 1811 3349 1871 3395; x_wconf 83' lang='lat'>14</span> <span class='ocrx_word' id='word_1_189' title='bbox 1911 3348 2017 3397; x_wconf 79' lang='lat' dir='ltr'>‘ita</span> <span class='ocrx_word' id='word_1_190' title='bbox 2055 3346 2288 3410; x_wconf 84' lang='lat' dir='ltr'>depulsa</span> <span class='ocrx_word' id='word_1_191' title='bbox 2318 3362 2425 3410; x_wconf 88' lang='lat' dir='ltr'>quo</span> <span class='ocrx_word' id='word_1_192' title='bbox 2454 3348 2627 3397; x_wconf 86' lang='lat' dir='ltr'>minus</span> <span class='ocrx_word' id='word_1_193' title='bbox 2665 3353 2923 3411; x_wconf 75' lang='lat' dir='ltr'>pergeret</span> 
     </span>
     <span class='ocr_line' id='line_1_27' title="bbox 627 3412 2921 3479; baseline 0 -16"><span class='ocrx_word' id='word_1_194' title='bbox 627 3430 731 3464; x_wconf 86' lang='lat' dir='ltr'>nec</span> <span class='ocrx_word' id='word_1_195' title='bbox 777 3413 992 3463; x_wconf 82' lang='lat' dir='ltr'>habens</span> <span class='ocrx_word' id='word_1_196' title='bbox 1038 3412 1393 3479; x_wconf 86' lang='lat' dir='ltr'>superuolare</span> <span class='ocrx_word' id='word_1_197' title='bbox 1442 3429 1682 3475; x_wconf 84' lang='lat' dir='ltr'>crucem,</span> <span class='ocrx_word' id='word_1_198' title='bbox 1729 3415 1783 3463; x_wconf 85' lang='lat' dir='ltr'>id</span> <span class='ocrx_word' id='word_1_199' title='bbox 1832 3420 1919 3462; x_wconf 86' lang='lat' dir='ltr'>est</span> <span class='ocrx_word' id='word_1_200' title='bbox 1962 3414 2175 3472; x_wconf 84' lang='lat' dir='ltr'>Horon,</span> <span class='ocrx_word' id='word_1_201' title='bbox 2224 3416 2353 3478; x_wconf 84' lang='lat' dir='ltr'>quia</span> <span class='ocrx_word' id='word_1_202' title='bbox 2402 3415 2609 3464; x_wconf 87' lang='lat' dir='ltr'>nullum</span> <span class='ocrx_word' id='word_1_203' title='bbox 2658 3414 2921 3463; x_wconf 82' lang='lat' dir='ltr'>Catulli</span> 
     </span>
     <span class='ocr_line' id='line_1_28' title="bbox 627 3480 2923 3547; baseline 0 -15"><span class='ocrx_word' id='word_1_204' title='bbox 627 3480 1035 3532; x_wconf 84' lang='lat' dir='ltr'>Laureolum</span> <span class='ocrx_word' id='word_1_205' title='bbox 1081 3482 1253 3531; x_wconf 83' lang='lat' dir='ltr'>fuerit</span> <span class='ocrx_word' id='word_1_206' title='bbox 1301 3483 1633 3531; x_wconf 81' lang='lat' dir='ltr'>exercitata’</span> <span class='ocrx_word' id='word_1_207' title='bbox 1685 3498 1733 3535; x_wconf 89' lang='lat' dir='ltr'>e.</span> <span class='ocrx_word' id='word_1_208' title='bbox 1784 3497 1834 3545; x_wconf 90' lang='lat' dir='ltr'>q.</span> <span class='ocrx_word' id='word_1_209' title='bbox 1882 3496 1924 3530; x_wconf 79' lang='lat' dir='ltr'>s,</span> <span class='ocrx_word' id='word_1_210' title='bbox 2007 3481 2303 3530; x_wconf 84' lang='lat' dir='ltr'>Lentulum</span> <span class='ocrx_word' id='word_1_211' title='bbox 2352 3483 2442 3547; x_wconf 89' lang='lat' dir='ltr'>qui</span> <span class='ocrx_word' id='word_1_212' title='bbox 2492 3488 2547 3532; x_wconf 85' lang='lat' dir='ltr'>et.</span> <span class='ocrx_word' id='word_1_213' title='bbox 2584 3488 2825 3531; x_wconf 82' lang='lat' dir='ltr'>actorem</span> <span class='ocrx_word' id='word_1_214' title='bbox 2865 3487 2923 3532; x_wconf 84' lang='lat' dir='ltr'>et</span> 
     </span>
     <span class='ocr_line' id='line_1_29' title="bbox 628 3548 2919 3614; baseline -0.002 -14"><span class='ocrx_word' id='word_1_215' title='bbox 628 3554 849 3614; x_wconf 82' lang='lat' dir='ltr'>poetam</span> <span class='ocrx_word' id='word_1_216' title='bbox 872 3549 1037 3599; x_wconf 88' lang='lat' dir='ltr'>huius</span> <span class='ocrx_word' id='word_1_217' title='bbox 1062 3550 1211 3597; x_wconf 87' lang='lat' dir='ltr'>mimi</span> <span class='ocrx_word' id='word_1_218' title='bbox 1251 3549 1422 3598; x_wconf 81' lang='lat' dir='ltr'>fuisse</span> <span class='ocrx_word' id='word_1_219' title='bbox 1459 3548 1596 3598; x_wconf 87' lang='lat' dir='ltr'>dicit</span> <span class='ocrx_word' id='word_1_220' title='bbox 1622 3550 1897 3612; x_wconf 80' lang='lat' dir='ltr'>Grysarus</span> <span class='ocrx_word' id='word_1_221' title='bbox 1935 3549 2000 3598; x_wconf 85' lang='lat' dir='ltr'>de</span> <span class='ocrx_word' id='word_1_222' title='bbox 2039 3552 2201 3598; x_wconf 89' lang='lat' dir='ltr'>mimo</span> <span class='ocrx_word' id='word_1_223' title='bbox 2238 3550 2387 3601; x_wconf 83' lang='lat' dir='ltr'>Rom.</span> <span class='ocrx_word' id='word_1_224' title='bbox 2416 3553 2482 3600; x_wconf 75' lang='lat'>64</span> <span class='ocrx_word' id='word_1_225' title='bbox 2521 3551 2599 3614; x_wconf 91' lang='lat' dir='ltr'>(in</span> <span class='ocrx_word' id='word_1_226' title='bbox 2635 3554 2919 3599; x_wconf 85' lang='lat' dir='ltr'>comment.</span> 
     </span>
     <span class='ocr_line' id='line_1_30' title="bbox 631 3616 2921 3682; baseline 0 -15"><span class='ocrx_word' id='word_1_227' title='bbox 631 3616 790 3667; x_wconf 82' lang='lat' dir='ltr'>acad.</span> <span class='ocrx_word' id='word_1_228' title='bbox 829 3616 1062 3666; x_wconf 88' lang='lat' dir='ltr'>Vindob.</span> <span class='ocrx_word' id='word_1_229' title='bbox 1102 3618 1208 3666; x_wconf 86' lang='lat' dir='ltr'>XII</span> <span class='ocrx_word' id='word_1_230' title='bbox 1247 3633 1298 3666; x_wconf 84' lang='lat' dir='ltr'>a.</span> <span class='ocrx_word' id='word_1_231' title='bbox 1329 3618 1484 3669; x_wconf 82' lang='lat'>1854)</span> <span class='ocrx_word' id='word_1_232' title='bbox 1522 3632 1714 3682; x_wconf 89' lang='lat' dir='ltr'>parum</span> <span class='ocrx_word' id='word_1_233' title='bbox 1753 3617 2125 3666; x_wconf 83' lang='lat' dir='ltr'>considerauit</span> <span class='ocrx_word' id='word_1_234' title='bbox 2160 3618 2268 3665; x_wconf 82' lang='lat' dir='ltr'>iam</span> <span class='ocrx_word' id='word_1_235' title='bbox 2298 3618 2557 3681; x_wconf 73' lang='lat' dir='ltr'>Caligula</span> <span class='ocrx_word' id='word_1_236' title='bbox 2593 3619 2921 3682; x_wconf 80' lang='lat' dir='ltr'>imperatore</span> 
     </span>
     <span class='ocr_line' id='line_1_31' title="bbox 627 3684 2925 3750; baseline -0.001 -14"><span class='ocrx_word' id='word_1_237' title='bbox 627 3684 957 3736; x_wconf 80' lang='lat' dir='ltr'>Laureolum</span> <span class='ocrx_word' id='word_1_238' title='bbox 987 3690 1171 3734; x_wconf 82' lang='lat' dir='ltr'>actum</span> <span class='ocrx_word' id='word_1_239' title='bbox 1196 3685 1392 3734; x_wconf 82' lang='lat' dir='ltr'>fuisse.</span> <span class='ocrx_word' id='word_1_240' title='bbox 1451 3684 1645 3748; x_wconf 84' lang='lat' dir='ltr'>Itaque</span> <span class='ocrx_word' id='word_1_241' title='bbox 1685 3686 2042 3750; x_wconf 77' lang='lat' dir='ltr'>septuaginta</span> <span class='ocrx_word' id='word_1_242' title='bbox 2082 3686 2195 3733; x_wconf 86' lang='lat' dir='ltr'>fere</span> <span class='ocrx_word' id='word_1_243' title='bbox 2234 3686 2393 3735; x_wconf 81' lang='lat' dir='ltr'>annis</span> <span class='ocrx_word' id='word_1_244' title='bbox 2430 3691 2570 3749; x_wconf 84' lang='lat' dir='ltr'>post,</span> <span class='ocrx_word' id='word_1_245' title='bbox 2611 3702 2733 3735; x_wconf 85' lang='lat' dir='ltr'>eum</span> <span class='ocrx_word' id='word_1_246' title='bbox 2768 3686 2925 3734; x_wconf 89' lang='lat' dir='ltr'>que-</span> 
     </span>
     <span class='ocr_line' id='line_1_32' title="bbox 628 3752 2923 3819; baseline -0.001 -16"><span class='ocrx_word' id='word_1_247' title='bbox 628 3753 772 3803; x_wconf 83' lang='lat' dir='ltr'>nalis</span> <span class='ocrx_word' id='word_1_248' title='bbox 799 3752 1094 3815; x_wconf 84' lang='lat' dir='ltr'>scriberet,</span> <span class='ocrx_word' id='word_1_249' title='bbox 1134 3754 1229 3801; x_wconf 88' lang='lat' dir='ltr'>uix</span> <span class='ocrx_word' id='word_1_250' title='bbox 1254 3752 1437 3816; x_wconf 88' lang='lat' dir='ltr'>potuit.</span> <span class='ocrx_word' id='word_1_251' title='bbox 1465 3752 1732 3802; x_wconf 85' lang='lat' dir='ltr'>Lentulus</span> <span class='ocrx_word' id='word_1_252' title='bbox 1768 3752 1891 3816; x_wconf 89' lang='lat' dir='ltr'>plus</span> <span class='ocrx_word' id='word_1_253' title='bbox 1919 3768 2080 3816; x_wconf 81' lang='lat' dir='ltr'>quam</span> <span class='ocrx_word' id='word_1_254' title='bbox 2109 3754 2502 3819; x_wconf 75' lang='lat' dir='ltr'>octogenarius</span> <span class='ocrx_word' id='word_1_255' title='bbox 2526 3754 2735 3803; x_wconf 83' lang='lat' dir='ltr'>uelocis</span> <span class='ocrx_word' id='word_1_256' title='bbox 2773 3755 2923 3803; x_wconf 88' lang='lat' dir='ltr'>serui</span> 
     </span>
     <span class='ocr_line' id='line_1_33' title="bbox 629 3820 2922 3886; baseline -0 -16"><span class='ocrx_word' id='word_1_257' title='bbox 629 3821 880 3886; x_wconf 86' lang='lat' dir='ltr'>partibus</span> <span class='ocrx_word' id='word_1_258' title='bbox 917 3821 1057 3869; x_wconf 83' lang='lat' dir='ltr'>satis</span> <span class='ocrx_word' id='word_1_259' title='bbox 1095 3820 1307 3882; x_wconf 84' lang='lat' dir='ltr'>facere,</span> <span class='ocrx_word' id='word_1_260' title='bbox 1343 3835 1445 3869; x_wconf 86' lang='lat' dir='ltr'>nec</span> <span class='ocrx_word' id='word_1_261' title='bbox 1483 3821 1767 3883; x_wconf 83' lang='lat' dir='ltr'>probabile</span> <span class='ocrx_word' id='word_1_262' title='bbox 1796 3828 1880 3869; x_wconf 85' lang='lat' dir='ltr'>est</span> <span class='ocrx_word' id='word_1_263' title='bbox 1918 3821 1983 3869; x_wconf 89' lang='lat' dir='ltr'>de</span> <span class='ocrx_word' id='word_1_264' title='bbox 2013 3826 2138 3869; x_wconf 82' lang='lat' dir='ltr'>ante</span> <span class='ocrx_word' id='word_1_265' title='bbox 2165 3826 2288 3868; x_wconf 78' lang='lat' dir='ltr'>acto</span> <span class='ocrx_word' id='word_1_266' title='bbox 2328 3826 2574 3884; x_wconf 86' lang='lat' dir='ltr'>tempore</span> <span class='ocrx_word' id='word_1_267' title='bbox 2599 3822 2922 3871; x_wconf 82' lang='lat' dir='ltr'>quenalem</span> 
     </span>
     <span class='ocr_line' id='line_1_34' title="bbox 628 3887 2924 3953; baseline -0.001 -15"><span class='ocrx_word' id='word_1_268' title='bbox 628 3890 686 3938; x_wconf 90' lang='lat' dir='ltr'>in</span> <span class='ocrx_word' id='word_1_269' title='bbox 723 3892 914 3937; x_wconf 85' lang='lat' dir='ltr'>satura</span> <span class='ocrx_word' id='word_1_270' title='bbox 950 3888 1124 3937; x_wconf 89' lang='lat' dir='ltr'>uerba</span> <span class='ocrx_word' id='word_1_271' title='bbox 1162 3888 1382 3937; x_wconf 84' lang='lat' dir='ltr'>fecisse.</span> <span class='ocrx_word' id='word_1_272' title='bbox 1453 3887 1716 3938; x_wconf 79' lang='lat' dir='ltr'>‘Nobilis’</span> <span class='ocrx_word' id='word_1_273' title='bbox 1754 3894 1936 3938; x_wconf 84' lang='lat' dir='ltr'>autem</span> <span class='ocrx_word' id='word_1_274' title='bbox 1965 3894 2085 3938; x_wconf 86' lang='lat' dir='ltr'>arte</span> <span class='ocrx_word' id='word_1_275' title='bbox 2113 3889 2296 3952; x_wconf 88' lang='lat' dir='ltr'>potius</span> <span class='ocrx_word' id='word_1_276' title='bbox 2324 3905 2482 3952; x_wconf 82' lang='lat' dir='ltr'>quam</span> <span class='ocrx_word' id='word_1_277' title='bbox 2512 3905 2715 3953; x_wconf 84' lang='lat' dir='ltr'>genere</span> <span class='ocrx_word' id='word_1_278' title='bbox 2742 3889 2924 3937; x_wconf 81' lang='lat' dir='ltr'>dictus</span> 
     </span>
     <span class='ocr_line' id='line_1_35' title="bbox 629 3955 2923 4020; baseline 0 -15"><span class='ocrx_word' id='word_1_279' title='bbox 629 3955 805 4006; x_wconf 82' lang='lat' dir='ltr'>uideri</span> <span class='ocrx_word' id='word_1_280' title='bbox 844 3955 1114 4004; x_wconf 87' lang='lat' dir='ltr'>Lentulus</span> <span class='ocrx_word' id='word_1_281' title='bbox 1155 3956 1396 4020; x_wconf 83' lang='lat' dir='ltr'>Grysaro</span> <span class='ocrx_word' id='word_1_282' title='bbox 1432 3971 1727 4020; x_wconf 87' lang='lat' dir='ltr'>numquam</span> <span class='ocrx_word' id='word_1_283' title='bbox 1762 3959 2067 4020; x_wconf 81' lang='lat' dir='ltr'>potuisset,</span> <span class='ocrx_word' id='word_1_284' title='bbox 2117 3956 2164 4004; x_wconf 89' lang='lat' dir='ltr'>si</span> <span class='ocrx_word' id='word_1_285' title='bbox 2210 3956 2299 4004; x_wconf 87' lang='lat' dir='ltr'>uel</span> <span class='ocrx_word' id='word_1_286' title='bbox 2346 3958 2590 4020; x_wconf 81' lang='lat' dir='ltr'>proxime</span> <span class='ocrx_word' id='word_1_287' title='bbox 2630 3961 2923 4020; x_wconf 83' lang='lat' dir='ltr'>sequentes</span> 
     </span>
     <span class='ocr_line' id='line_1_36' title="bbox 629 4021 2920 4088; baseline -0.001 -15"><span class='ocrx_word' id='word_1_288' title='bbox 629 4038 824 4073; x_wconf 88' lang='lat' dir='ltr'>uersus</span> <span class='ocrx_word' id='word_1_289' title='bbox 860 4021 1110 4087; x_wconf 85' lang='lat' dir='ltr'>legisset.</span> <span class='ocrx_word' id='word_1_290' title='bbox 1248 4023 1574 4087; x_wconf 85' lang='lat' dir='ltr'>Corruptum</span> <span class='ocrx_word' id='word_1_291' title='bbox 1614 4029 1699 4074; x_wconf 85' lang='lat' dir='ltr'>est</span> <span class='ocrx_word' id='word_1_292' title='bbox 1736 4023 1985 4073; x_wconf 87' lang='lat' dir='ltr'>scholion</span> <span class='ocrx_word' id='word_1_293' title='bbox 2024 4023 2092 4073; x_wconf 84' lang='lat' dir='ltr'>ad</span> <span class='ocrx_word' id='word_1_294' title='bbox 2121 4023 2336 4071; x_wconf 82' lang='lat' dir='ltr'>Lucani</span> <span class='ocrx_word' id='word_1_295' title='bbox 2360 4023 2385 4072; x_wconf 98' lang='lat' dir='ltr'><strong>I</strong></span> <span class='ocrx_word' id='word_1_296' title='bbox 2424 4026 2524 4074; x_wconf 73' lang='lat'>544</span> <span class='ocrx_word' id='word_1_297' title='bbox 2561 4041 2610 4088; x_wconf 90' lang='lat' dir='ltr'>p.</span> <span class='ocrx_word' id='word_1_298' title='bbox 2638 4025 2720 4084; x_wconf 80' lang='lat'>36,</span> <span class='ocrx_word' id='word_1_299' title='bbox 2746 4027 2778 4073; x_wconf 78' lang='lat'>4</span> <span class='ocrx_word' id='word_1_300' title='bbox 2802 4024 2920 4081; x_wconf 87' lang='lat' dir='ltr'>Us.‚</span> 
     </span>
     <span class='ocr_line' id='line_1_37' title="bbox 629 4086 2917 4156; baseline 0 -16"><span class='ocrx_word' id='word_1_301' title='bbox 629 4091 726 4141; x_wconf 89' lang='lat' dir='ltr'>ubi</span> <span class='ocrx_word' id='word_1_302' title='bbox 761 4090 908 4140; x_wconf 89' lang='lat' dir='ltr'>liber</span> <span class='ocrx_word' id='word_1_303' title='bbox 946 4089 1231 4139; x_wconf 83' lang='lat' dir='ltr'>‘Catulli</span> <span class='ocrx_word' id='word_1_304' title='bbox 1277 4092 1367 4156; x_wconf 88' lang='lat' dir='ltr'>qui</span> <span class='ocrx_word' id='word_1_305' title='bbox 1417 4086 1671 4140; x_wconf 81' lang='lat' dir='ltr'>scribitur</span> <span class='ocrx_word' id='word_1_306' title='bbox 1716 4090 2396 4156; x_wconf 64' lang='lat' dir='ltr'>permimologiarum&#39;</span> <span class='ocrx_word' id='word_1_307' title='bbox 2436 4096 2789 4141; x_wconf 84' lang='lat' dir='ltr'>memoratur.</span> <span class='ocrx_word' id='word_1_308' title='bbox 2831 4091 2917 4140; x_wconf 89' lang='lat' dir='ltr'>Cf.</span> 
     </span>
     <span class='ocr_line' id='line_1_38' title="bbox 631 4157 1187 4209; baseline -0.002 0"><span class='ocrx_word' id='word_1_309' title='bbox 631 4157 868 4209; x_wconf 73' lang='lat' dir='ltr'>Usener-i</span> <span class='ocrx_word' id='word_1_310' title='bbox 905 4157 1028 4207; x_wconf 84' lang='lat' dir='ltr'>adn.</span> <span class='ocrx_word' id='word_1_311' title='bbox 1066 4158 1187 4208; x_wconf 80' lang='lat' dir='ltr'>crit.</span> 
     </span>
    </p>

    <p class='ocr_par' dir='ltr' id='par_1_10' title="bbox 634 4224 2921 4360">
     <span class='ocr_line' id='line_1_39' title="bbox 763 4224 2921 4292; baseline 0 -18"><span class='ocrx_word' id='word_1_312' title='bbox 763 4226 993 4274; x_wconf 72' lang='lat' dir='ltr'>PnAsuA</span> <span class='ocrx_word' id='word_1_313' title='bbox 1065 4224 1376 4275; x_wconf 83' lang='lat' dir='ltr'>Clamosum</span> <span class='ocrx_word' id='word_1_314' title='bbox 1414 4225 1686 4288; x_wconf 76' lang='lat' dir='ltr'>Grysarus</span> <span class='ocrx_word' id='word_1_315' title='bbox 1723 4226 1790 4275; x_wconf 80' lang='lat' dir='ltr'>(le</span> <span class='ocrx_word' id='word_1_316' title='bbox 1827 4227 1988 4276; x_wconf 90' lang='lat' dir='ltr'>mimo</span> <span class='ocrx_word' id='word_1_317' title='bbox 2027 4227 2176 4275; x_wconf 86' lang='lat' dir='ltr'>Rom.</span> <span class='ocrx_word' id='word_1_318' title='bbox 2204 4227 2262 4275; x_wconf 82' lang='lat'>21</span> <span class='ocrx_word' id='word_1_319' title='bbox 2306 4231 2362 4275; x_wconf 87' lang='lat' dir='ltr'>et</span> <span class='ocrx_word' id='word_1_320' title='bbox 2386 4228 2451 4275; x_wconf 87' lang='grc'>66</span> <span class='ocrx_word' id='word_1_321' title='bbox 2486 4228 2662 4292; x_wconf 80' lang='lat' dir='ltr'>magis</span> <span class='ocrx_word' id='word_1_322' title='bbox 2697 4232 2921 4291; x_wconf 88' lang='lat' dir='ltr'>propter</span> 
     </span>
     <span class='ocr_line' id='line_1_40' title="bbox 634 4294 2795 4360; baseline 0 -18"><span class='ocrx_word' id='word_1_323' title='bbox 634 4307 754 4355; x_wconf 86' lang='lat' dir='ltr'>eos,</span> <span class='ocrx_word' id='word_1_324' title='bbox 793 4294 885 4356; x_wconf 91' lang='lat' dir='ltr'>qui</span> <span class='ocrx_word' id='word_1_325' title='bbox 921 4298 1191 4357; x_wconf 84' lang='lat' dir='ltr'>spectrum</span> <span class='ocrx_word' id='word_1_326' title='bbox 1235 4294 1519 4357; x_wconf 83' lang='lat' dir='ltr'>fugerent,</span> <span class='ocrx_word' id='word_1_327' title='bbox 1557 4310 1719 4359; x_wconf 84' lang='lat' dir='ltr'>quam</span> <span class='ocrx_word' id='word_1_328' title='bbox 1758 4294 1821 4344; x_wconf 88' lang='lat' dir='ltr'>de</span> <span class='ocrx_word' id='word_1_329' title='bbox 1857 4295 2148 4359; x_wconf 84' lang='lat' dir='ltr'>praeconis</span> <span class='ocrx_word' id='word_1_330' title='bbox 2185 4294 2436 4359; x_wconf 85' lang='lat' dir='ltr'>partibus</span> <span class='ocrx_word' id='word_1_331' title='bbox 2474 4296 2584 4345; x_wconf 87' lang='lat' dir='ltr'>dici</span> <span class='ocrx_word' id='word_1_332' title='bbox 2621 4301 2795 4360; x_wconf 88' lang='lat' dir='ltr'>putat.</span> 
     </span>
    </p>
   </div>
  </div>
 </body>
</html>
