3400 5075
672 328 825 382 XLII
1551 325 1840 379 COROLL
1849 324 2025 378 ARN
2030 325 2084 377 M

851 490 934 555 59
1001 510 1234 572 oppono
1282 489 1336 554 si
1386 489 1786 553 Buechelero
1837 491 2101 553 auctore
2149 489 2629 571 scribes‚,sane
2675 488 2765 552 nil
2817 489 2965 553 miri

675 600 785 661 aut
840 596 969 660 rari
1027 597 1096 660 in
1151 596 1683 660 commutationis
1741 597 1952 680 figura
2006 596 2418 680 relinquitur,
2475 618 2619 658 cum
2666 595 2835 678 quod
2897 596 2964 659 in

669 708 897 769 nostro
953 706 1132 767 textu
1191 707 1290 766 est
1335 724 1430 767 me
1483 725 1602 787 pro
1650 708 1706 767 te
1759 725 1891 767 11011
1938 703 2149 786 possit
2200 701 2326 765 nisi
2381 702 2638 766 iocandi
2688 703 2962 785 quadam

673 811 945 875 audacia
985 812 1049 873 et
1096 810 1357 894 argutia
1395 811 1496 873 vel
1536 810 1844 893 explicari
1885 810 1985 872 vel
2025 809 2334 873 excusari.
2409 809 2704 893 alterum,
2742 832 2962 892 quam-

670 917 769 981 vis
817 917 1013 1000 paulo
1063 916 1390 979 diversum
1430 916 1981 980 commutationis
2008 916 2184 980 illius
2233 915 2598 998 exemplum
2644 915 2849 980 habes
2896 917 2966 981 in

672 1022 1150 1107 Amphitruone
1217 1046 1272 1087 v.
1333 1022 1490 1086 598:
1557 1021 1791 1106 ‘neque
1851 1073 1864 1085 .
1913 1074 1926 1085 .
1986 1022 2324 1086 credebam
2389 1023 2603 1105 primo
2669 1023 2968 1086 mihimet

675 1129 920 1210 Sosiae,
966 1128 1189 1193 Donec
1239 1118 1427 1193 Sosia
1472 1135 1697 1211 egomet
1740 1130 1845 1193 ille
1887 1129 2045 1193 fecit
2091 1128 2216 1192 sibi
2265 1128 2358 1192 uti
2408 1128 2772 1193 crederem?

849 1237 935 1299 60
999 1236 1221 1319 Negat
1279 1239 1465 1318 pater
1527 1236 1788 1319 quidam
1837 1233 1967 1321 (vel
2017 1233 2253 1320 mater)
2311 1258 2379 1298 se
2441 1236 2508 1298 in
2568 1236 2832 1300 domum
2895 1240 2967 1299 ut

671 1365 903 1406 nurum
950 1346 1358 1427 recepturum
1408 1365 1547 1405 esse
1595 1343 1899 1425 puellam,
1936 1366 2128 1426 quam
2178 1342 2259 1405 ab
2309 1343 2438 1405 alio
2486 1343 2619 1405 iam
2663 1342 2962 1406 vitiatam

672 1472 811 1513 esse
860 1449 1201 1532 comperit:
1259 1450 1607 1533 respondet
1660 1449 1860 1531 filius,
1916 1452 2134 1512 tamen
2183 1472 2328 1513 cum
2389 1448 2633 1512 infelici
2683 1450 2963 1531 quodam

671 1579 825 1620 casu
873 1578 1205 1639 oppressa,
1253 1557 1315 1619 vi
1364 1560 1589 1621 coacta
1638 1554 1739 1638 (ut
1784 1556 1859 1619 fit
1904 1556 1971 1619 in
2017 1551 2289 1640 fabulis)
2334 1555 2550 1637 fuerit,
2580 1558 2806 1619 auctor
2850 1556 2960 1618 fla·

669 1663 816 1747 gitii
873 1663 1135 1746 ignotus
1192 1664 1511 1747 effugerit,
1557 1662 1697 1745 ipse
1747 1658 1963 1726 autem
2011 1666 2358 1745 postquam
2404 1661 2653 1725 diutina
2701 1650 2961 1725 consue-

669 1770 889 1833 tudine
930 1773 995 1832 et
1039 1792 1291 1834 morum
1340 1770 1718 1853 integritate
1758 1770 2071 1834 adductus
2119 1792 2337 1833 amare
2376 1792 2519 1832 eam
2557 1768 2965 1832 consueverit

672 1875 856 1959 eique
914 1876 1287 1959 coniugium
1342 1876 1744 1959 promiserit,
1810 1877 2099 1940 animum
2155 1876 2455 1939 inducere
2513 1898 2579 1938 se
2637 1898 2763 1939 non
2820 1879 2962 1958 pot-

667 1982 870 2063 uisse,
927 1985 1000 2045 ut
1045 2005 1191 2045 cum
1238 1982 1575 2065 gravidam
1634 2006 1773 2046 esse
1822 2006 1964 2047 sero
2012 1982 2450 2066 cognovisset,
2508 1982 2715 2045 solam
2772 1983 2960 2046 relin-

669 2092 896 2170 queret
941 2086 1173 2173 (neque
1229 2089 1335 2153 hic
1394 2111 1653 2152 necesse
1712 2094 1854 2153 erat
1908 2090 2221 2153 traditum
2267 2088 2536 2169 relinqui
2579 2110 2722 2152 non
2757 2091 2965 2170 potuit

672 2194 968 2279 mutare).
1029 2200 1098 2259 at
1133 2196 1339 2259 iratus
1387 2199 1574 2279 pater
1620 2219 1842 2261 rursus
1889 2196 2239 2280 ingessisse
2290 2196 2543 2258 videtur
2587 2217 2714 2259 non
2747 2218 2962 2277 perpe-

669 2303 795 2364 tiar
839 2299 1003 2385 (scil.
1053 2325 1198 2365 eam
1246 2303 1312 2365 in
1369 2303 1631 2367 domum
1688 2327 1898 2366 meam
1947 2297 2223 2386 venire):
2278 2322 2405 2364 mm
2449 2302 2635 2364 istam
2691 2303 2792 2365 vel
2838 2324 2964 2367 non

667 2429 771 2489 eqo
816 2410 1002 2472 istam
1036 2411 1371 2491 perferam.
1452 2431 1606 2473 nam
1656 2410 1768 2491 sic,
1814 2410 1879 2472 ni
1927 2409 2139 2489 fallor,
2187 2408 2348 2471 satis
2397 2410 2732 2473 commode
2781 2409 2960 2474 locus

668 2514 1047 2580 restituitur.
1140 2517 1374 2581 similis
1430 2517 1632 2601 igitur
1686 2537 1882 2580 causa
1930 2515 2066 2578 eius
2113 2537 2278 2598 quae
2325 2515 2391 2578 in
2439 2515 2682 2599 hecyra
2729 2516 2962 2600 agitur,

672 2621 783 2684 sed
841 2623 1206 2686 contrariae
1261 2623 1378 2686 filii
1437 2627 1503 2687 et
1546 2623 1757 2707 patris
1812 2623 2116 2686 rationes.
2207 2621 2337 2687 Uni
2398 2623 2616 2686 onmia
2677 2621 2959 2686 Bueche-

666 2729 838 2792 lerus
896 2729 1293 2794 adulescenti
1340 2729 1600 2813 tribuit,
1655 2729 1764 2812 qui
1806 2751 1949 2792 cum
2009 2751 2195 2792 servo
2244 2729 2574 2812 loquatur:
2631 2729 2696 2792 111
2747 2730 2960 2792 verbis

668 2838 885 2899 autem
936 2836 1016 2899 ab
1067 2858 1141 2900 eo
1190 2835 1547 2919 propositis
1596 2835 1983 2918 typothetae
2022 2836 2213 2919 culpa
2258 2837 2408 2901 reici
2453 2857 2570 2918 pro
2618 2835 2743 2899 hoc
2788 2836 2956 2918 quod

668 2941 779 3004 ille
824 2942 1091 3005 volebat
1134 2943 1285 3006 re'iei
1331 2964 1705 3024 expressum
1754 2945 1869 3005 est.
2815 3019 2816 3022 Ἴ

851 3049 936 3112 85
975 3071 1067 3132 sq.
1113 3048 1175 3113 N
1183 3071 1265 3113 on
1314 3048 1580 3131 repudio
1620 3048 2055 3131 septenarium
2104 3071 2293 3131 quem
2340 3048 2497 3111 fecit
2532 3047 2752 3112 nescio
2788 3047 2960 3131 quis:

669 3156 913 3219 tantum
953 3155 1196 3237 qratiae
1242 3160 1296 3217 te
1340 3156 1588 3236 demere,
1633 3155 1830 3218 adicis
1873 3161 2175 3236 quantum
2219 3176 2442 3218 morae.

846 3260 1093 3326 Contra
1130 3284 1186 3325 v.
1218 3261 1298 3324 87
1349 3260 1458 3344 qui
1508 3262 1816 3342 inpetrare
1850 3263 2012 3343 quod
2048 3262 2218 3325 nevis
2247 3261 2743 3342 commendavit,
2774 3285 2959 3324 suum

667 3367 794 3430 sibi
842 3370 1062 3431 teneat
1107 3368 1387 3448 hiatum,
1444 3390 1570 3450 quo
1618 3368 1782 3431 mihi
1829 3368 1929 3431 vel
1991 3368 2152 3449 quod
2193 3369 2503 3447 inpetrare
2548 3370 2847 3449 correpta
2891 3369 2962 3430 in

668 3474 928 3556 syllaba
974 3474 1381 3539 tolerabilius
1427 3475 1708 3539 videtur:
1757 3475 1822 3537 in
1872 3474 2114 3536 exitum
2163 3495 2383 3536 versus
2429 3495 2598 3536 nunc
2644 3494 2769 3537 non
2813 3474 2961 3537 velis

668 3581 838 3663 quod
887 3581 1042 3645 olim
1092 3581 1337 3645 conieci
1383 3581 1755 3664 reciperem.

845 3688 927 3752 89
986 3686 1289 3751 Mutilum
1340 3688 1421 3751 ab
1469 3687 1658 3752 initio
1706 3687 1908 3750 talem
1963 3686 2124 3749 facit
2171 3684 2246 3749 A.
2295 3685 2507 3750 Luchs
2558 3687 2724 3750 stud.
2768 3686 2794 3750 l
2851 3688 2959 3750 70:

663 3848 699 3864 c
745 3792 845 3857 scit
887 3794 1153 3858 celeriter
1194 3793 1301 3872 fit,
1346 3795 1648 3876 quidquid
1687 3796 1763 3875 fit
1804 3792 1959 3857 scitis
2004 3792 2160 3854 bene.

844 3900 930 3964 92
978 3896 1076 3964 Cf.
1123 3900 1295 3994 idem
1342 3922 1402 3982 p.
1449 3902 1551 3964 73.

843 4112 1162 4177 Palliatae
1200 4114 1462 4177 fabulae
1502 4111 1792 4195 reliquiis
1836 4111 2141 4175 adiuncta
2187 4111 2581 4177 incertorum
2617 4116 2956 4195 poetarum

665 4220 878 4283 frusta
912 4219 1010 4282 ita
1047 4219 1203 4282 olim
1245 4218 1715 4298 ordinaveram,
1762 4221 1834 4281 ut
1870 4218 2247 4301 praemissis
2287 4240 2449 4301 quae
2489 4219 2731 4280 diserto
2780 4217 2957 4279 testi—

668 4324 886 4389 monio
934 4324 1035 4386 vel
1076 4325 1234 4389 adeo
1267 4323 1662 4389 Graecorum
1709 4325 2042 4391 nominum
2091 4326 2381 4389 locorum
2420 4342 2672 4386 morum
2719 4321 2956 4386 indicio
