3400 5075
1285 239 1612 291 Dscmvs
1648 239 2011 292 LAssEmvs
2671 240 2799 304 295

1522 395 1626 459 III
1673 393 1775 480 (1)

1828 486 2108 551 alienum
2154 489 2583 572 appetonibus

770 601 934 666 Viae
981 604 1133 664 sunt
1177 601 1465 685 perditae
1513 603 1578 664 et
1623 601 2017 666 deuerticula
2107 652 2121 666 .
2214 653 2228 667 .
2322 654 2335 666 .

1150 714 1273 780 EX
1319 714 1729 781 INCERTIS
1774 715 2146 781 FABVLIS

1632 822 1665 886 I

1492 927 1811 1013 Prologus

679 1045 1078 1128 Necessitas,
1123 1045 1305 1108 cuius
1352 1050 1575 1108 ctirsus
1621 1044 1978 1108 transuersi
2025 1041 2339 1127 impetum

681 1161 1047 1225 Voluerunt
1091 1160 1278 1224 multi
1326 1161 1632 1245 effligere,
1677 1160 1867 1244 pauci
1913 1162 2294 1244 potuerunt,

509 1277 636 1341 100
683 1276 823 1352 Quo
871 1278 972 1340 me
1019 1275 1293 1339 detrusit
1336 1277 1540 1360 paene
1588 1275 1889 1339 extremis
1938 1275 2257 1339 sensibus!

679 1390 882 1468 Quem
929 1390 1110 1455 milla
1155 1391 1450 1473 ambitio,
1495 1391 1676 1453 milla
1723 1412 2029 1482 umquam
2076 1388 2367 1475 largitio,

677 1505 913 1570 Nulhis
960 1508 1184 1589 timor,
1231 1507 1330 1569 uis
1378 1505 1583 1589 milla,
1629 1506 1810 1569 nulla
1856 1504 2205 1568 auctoritas

680 1620 942 1685 Monere
988 1621 1216 1706 potuit.
1249 1618 1320 1684 1'11
1368 1621 1632 1684 iuuenta
1679 1619 1757 1682 de
1806 1622 2008 1683 statu:

676 1735 844 1799 Ecce
893 1734 963 1799 1'11
1012 1740 1270 1800 senecta
1315 1740 1388 1799 ut
1433 1734 1621 1799 facile
1667 1733 1974 1798 labefecit
2018 1736 2160 1799 loco

503 1851 629 1915 105
676 1849 818 1914 Viri
866 1852 1236 1915 excellentis
1283 1853 1495 1914 mente
1542 1849 1853 1932 clemente
1902 1849 2072 1913 edita

676 1963 1034 2030 Summissa
1079 1964 1330 2050 placide
1376 1964 1872 2048 blandiloquens
1922 1966 2158 2030 oratio!

496 2126 591 2177 ris
627 2141 885 2174 sumere
935 2139 1169 2188 aquam
1217 2139 1294 2174 ex
1343 2123 1530 2172 fonte
1576 2124 1748 2173 uerba
1783 2123 1983 2173 Naeuii
2032 2126 2288 2189 Lycurgo
2326 2122 2528 2189 (xvn)
2567 2131 2789 2180 restitui

633 2192 715 2242 111
751 2193 962 2242 Nonius
1000 2195 1089 2254 74,
1125 2194 1156 2242 8
1194 2196 1605 2256 ‘appetones
1653 2192 1722 2241 ab
1771 2192 2084 2256 adpetendo
2134 2192 2286 2243 dicti.
2358 2194 2694 2246 Laberius
2731 2197 2789 2247 iu

495 2260 751 2324 Virgine:
790 2260 1055 2310 alienum’
1091 2274 1136 2309 e.
1176 2275 1225 2323 q.
1266 2276 1309 2313 s.
1359 2259 1712 2323 (apetones
1751 2259 1875 2307 Par.
1914 2261 1956 2308 P
1995 2258 2410 2324 apeditones
2447 2261 2602 2311 Colb.
2643 2264 2787 2314 Dan.

496 2328 959 2392 appeditones
994 2327 1186 2377 Bamb.
1324 2326 1643 2376 Liberius
1680 2325 1891 2382 Bamb.)

631 2396 714 2444 Ex
753 2395 866 2446 Ino.
903 2396 1039 2444 Pin.
1111 2394 1290 2443 1—111
1324 2394 1638 2443 Macrobius
1677 2394 1791 2444 Sat.
1829 2393 1884 2443 11
1920 2397 1946 2443 'l
1996 2393 2316 2444 ‘Laberium
2355 2411 2589 2461 asperae
2627 2397 2788 2447 liber·

496 2464 627 2513 tatis
665 2463 902 2527 equitem
941 2462 1239 2511 Romanum
1267 2461 1473 2511 Caesar
1511 2461 1828 2526 quingentis
1865 2461 2085 2511 milibus
2122 2462 2411 2525 inuitauit,
2447 2470 2510 2513 ut
2547 2465 2790 2528 prodiret

495 2530 549 2580 in
588 2546 847 2581 scaenam
888 2535 945 2580 et
979 2530 1099 2594 ipse
1137 2534 1332 2594 ageret
1368 2530 1586 2591 mimos,
1625 2545 1759 2594 quos
1798 2529 2177 2595 scriptitabat.
2250 2529 2356 2580 Sed
2395 2539 2651 2596 potestas
2677 2550 2786 2585 non

494 2599 669 2649 solum
706 2599 755 2648 si
791 2598 1023 2659 inuitet‚
1070 2598 1167 2647 sed
1217 2599 1388 2647 etiam
1435 2598 1482 2646 si
1528 2597 1804 2662 supplicet
1842 2599 2014 2663 cogit:
2064 2598 2208 2649 unde
2247 2614 2306 2649 se
2354 2607 2410 2649 et
2446 2600 2718 2651 Laberius
2754 2619 2787 2653 a

493 2666 732 2716 Caesare
760 2672 1008 2716 coactum
1046 2667 1099 2714 in
1140 2665 1366 2729 prologo
1404 2669 1649 2714 testatur
1685 2665 1772 2714 his
1810 2667 2087 2716 uersibus:
2126 2667 2552 2720 Necessitas’
2592 2685 2637 2723 e.
2666 2686 2715 2734 q.
2741 2686 2784 2719 s.

493 2735 585 2783 ‘ln
622 2735 770 2798 ipsa
810 2749 1067 2798 quoque
1107 2734 1373 2782 actione
1413 2732 1698 2782 subinde
1728 2747 1795 2782 se
1835 2748 1963 2796 qua
2000 2738 2275 2797 poterat
2312 2736 2787 2788 ulciscebatur

493 2903 539 2940 e.
576 2905 630 2959 q.
665 2903 711 2942 s.
759 2888 1176 2942 commendauit
1205 2886 1620 2940 Fleckeisenus
1791 2882 1999 2937 fructus
2031 2884 2245 2954 scripsi
2283 2884 2483 2941 fretrus
2515 2887 2785 2960 Montisp.

492 2971 664 3026 fretus
711 2973 893 3026 ceteri
931 2971 1069 3025 libri
1237 2969 1314 3025 96
1361 2967 1679 3041 apetonibus
1723 2969 1862 3023 libri
2029 2966 2107 3023 97
2156 2969 2273 3023 uiae
2317 2970 2528 3042 perdite
2558 2965 2784 3026 diuerti·

413 3045 423 3053 ’
492 3055 639 3111 cuias
673 3054 875 3109 Bamb.
922 3055 1039 3108 uiae
1084 3052 1322 3125 perditae
1367 3051 1727 3107 deuerticuias
1773 3048 1955 3107 celeri
1994 3053 2156 3122 libri,
2205 3059 2268 3108 ut
2311 3062 2439 3108 sunt
2484 3058 2541 3109 in
2590 3057 2783 3111 ultima

488 3143 684 3195 littera
717 3155 743 3193 s
772 3140 959 3194 latere
994 3140 1264 3193 uideatur
1417 3137 1561 3191 inuia
1594 3139 1870 3192 claudere
1895 3141 2082 3209 potuit
2113 3153 2343 3194 uersum
2503 3138 2787 3196 Numeros

492 3227 579 3279 sie
620 3227 927 3279 restituere
957 3222 1203 3278 Bothius
1248 3229 1491 3277 conatus
1534 3228 1651 3277 est.-
1693 3221 2043 3277 deuerticuiis
2088 3220 2358 3294 praeditae
2391 3223 2506 3277 uiae
2552 3223 2782 3278 alienum

490 3306 880 3381 appetonihus;
926 3309 1127 3363 melius
1172 3307 1290 3360 uiae
1333 3303 1614 3378 expeditae
1643 3305 1973 3360 deuerticula
2021 3306 2147 3360 siim
2193 3305 2325 3360 mala
2363 3307 2785 3363 Buechelerus:

492 3394 609 3447 alia
659 3394 771 3447 alio
814 3394 974 3463 modo
1021 3393 1390 3459 transpositis
1437 3390 1630 3445 uerbis
1660 3392 1930 3458 temptari
1957 3406 2082 3445 eum
2122 3393 2375 3459 possint,
2424 3408 2576 3446 nunc
2618 3406 2783 3447 sena·
2868 3401 2874 3407 '

491 3481 706 3532 riorum
742 3475 945 3547 frusta
980 3479 1147 3533 etiam
1180 3475 1449 3530 baccheis
1479 3472 1617 3543 (uiae
1649 3471 1886 3544 perditae
1918 3480 2046 3527 sunt
2075 3472 2185 3543 d.)‚
2218 3490 2363 3544 quos
2391 3479 2782 3546 septenarium

491 3562 847 3616 trochaicum
877 3558 1131 3631 (alienum
1167 3558 1236 3629 a.)
1268 3562 1432 3631 sequi
1460 3560 1586 3615 olim
1619 3562 1958 3624 statueram,
2000 3559 2278 3627 praetuli.
2442 3558 2522 3615 98
2568 3576 2781 3630 currus,

489 3660 616 3715 sup.
650 3662 694 3715 s,
731 3643 939 3700 Salisb.
1071 3652 1412 3698 transuersos
1444 3642 1662 3697 Bened.
1698 3641 1976 3698 Gronouii
2141 3642 2346 3713 impetu
2376 3644 2544 3716 Anql.
2574 3645 2778 3700 Bamb.

490 3748 562 3783 m.
608 3747 701 3799 pr.
740 3729 881 3784 Gud.
918 3728 1106 3783 Palat.
1142 3728 1341 3800 Reqin.
1376 3725 1550 3782 Helu.
1585 3745 1621 3782 a
1655 3727 1822 3783 Bodl.
1867 3725 2146 3781 Gronouii
2316 3725 2438 3783 100
2468 3722 2581 3803 me]
2618 3728 2781 3785 modo

490 3813 693 3885 Reyin.
940 3810 1171 3866 detrusti
1232 3810 1522 3883 Scaliyer,
1585 3815 1684 3884 qui
1737 3811 2010 3880 Floriley.
2073 3809 2278 3879 (Lutet.
2346 3810 2530 3880 1670)
2581 3830 2639 3882 p.
2702 3812 2782 3870 70

492 3896 719 3952 Graece
775 3898 949 3951 uertit
1004 3896 1156 3951 hunc
1203 3897 1509 3967 proloyum
1680 3888 1963 3967 extremis]
2013 3894 2273 3966 exemptis
2319 3896 2413 3949 uel
2456 3897 2658 3966 ereptis
2690 3901 2781 3953 uel

489 3988 774 4036 externum
809 3983 900 4035 uel
929 3989 1201 4035 extorrem
1234 3982 1324 4035 uel
1356 3995 1419 4033 ex
1451 3980 1646 4034 mentis
1683 3978 2121 4047 Oudendorpius
2239 3977 2354 4033 101
2389 3976 2534 4033 nulia
2565 3979 2780 4051 inquam

490 4067 633 4121 (iud.
667 4064 812 4119 nulia
845 4080 1003 4137 quem
1037 4064 1301 4133 Bothum,
1334 4065 1630 4136 eleycenter
1806 4061 1923 4117 102
1957 4061 2210 4117 autoritas
2246 4063 2389 4118 Gud.
2566 4063 2684 4119 103
2728 4065 2780 4118 in

485 4151 705 4204 iuuenta
751 4150 929 4222 potuit
975 4148 1117 4205 Par.
1165 4167 1200 4203 a
1377 4148 1493 4205 104
1540 4146 1793 4202 lebesecit
1837 4146 1978 4202 Gud.
2158 4146 2275 4203 105
2320 4146 2570 4202 demente
2612 4148 2780 4222 Anyl.

487 4232 738 4289 clementi
786 4232 1061 4289 Heinsius
