3400 5075
656 342 771 404 100
1459 343 1733 394 SEXTVS
1773 344 2165 396 TVRPILIVS

824 500 940 579 Te,
1001 499 1234 584 Ap6110
1293 504 1543 582 sancte,
1598 501 1695 563 fe‘r
1761 522 1974 584 opem,
2031 505 2248 584 teque,
2305 498 2714 584 omnipotens
2763 499 2934 584 Nep-

2247 619 2429 697 tune,
2476 612 2731 697 ιἠυοοο,

827 704 1087 787 Vosque
1137 703 1327 786 aideO,
1373 704 1576 766 uenti!
1636 754 2715 767 ...........

651 820 775 881 1:20
842 869 1157 882 .....
1158 824 1165 829 ’
1224 870 1236 881 .
1304 869 1317 882 .
1384 869 1397 880 .
1463 840 1615 881 nam
1663 817 1818 901 quid
1866 838 1986 902 ego
2033 824 2097 881 te
2145 819 2486 901 appellaeiin,
2535 817 2803 882 Venus?

1612 931 1774 996 XIII
1822 930 1966 1017 (15)
2041 944 2047 949 ’

651 1023 774 1173 ῗξὲ
825 1116 1264 1129 .....
1358 1067 1542 1128 uultu
1591 1063 1857 1129 uecordi
1900 1086 2102 1149 uagas

735 1156 768 1172 “
1612 1197 1770 1261 XIV
1819 1196 1964 1283 (18)

930 1364 942 1375 .
1034 1312 1281 1376 hortari
1330 1314 1510 1396 codpi
1557 1320 1818 1377 nostros
1867 1311 2036 1395 ssieo,

824 1427 915 1492 Vt
962 1428 1240 1490 efflorent
1288 1428 1586 1491 lembum.

1629 1515 1754 1579 XV
1804 1513 1949 1601 (17)

649 1631 774 1693 125
827 1626 949 1716 [Ὀ]
1022 1632 1270 1694 utinam
1326 1652 1496 1694 nunc
1554 1631 1725 1714 {ipud
1791 1632 2008 1713 ignem
2065 1631 2342 1714 aliquem
2398 1633 2707 1716 maignum
2772 1633 2936 1695 adsi-

2015 1746 2186 1810 dam!
2282 1797 2296 1810 .
2389 1797 2402 1811 .
2496 1798 2509 1811 .

1638 1832 1799 1897 XVI
1847 1832 1946 1919 (6)

827 1946 1019 2011 'Ante
1066 1950 1240 2011 facta
1288 1949 1580 2032 igndseoz
1627 1950 1812 2012 mitte
1857 1948 2264 2033 tristitatem‚
2310 1950 2636 2015 D6roium.

1617 2062 1811 2127 XVII
1860 2062 1960 2150 (9)

826 2177 1045 2241 Etiam
1094 2178 1369 2261 §.mplius
1416 2178 1591 2240 illam
1640 2181 1953 2262 zipparare
2002 2179 2325 2262 e6ndecet‚

645 2387 1033 2422 conum-surum
1068 2375 1260 2436 putat,
1299 2370 1568 2419 Venerem
1604 2385 1768 2420 unam
1808 2371 2051 2420 excludit
2087 2378 2147 2421 ut
2183 2373 2455 2435 iniquam:
2490 2384 2637 2422 nam
2675 2372 2863 2436 quid.
2889 2412 2899 2423 .
2927 2416 2939 2427 .

647 2440 913 2490 Venus?
951 2440 1087 2488 Eam
1125 2454 1284 2502 prae
1321 2437 1638 2487 lubidine
1676 2447 1843 2501 negat
1878 2454 2114 2488 curare
2154 2441 2524 2504 quicquam.
2598 2442 2770 2502 Quasi
2808 2456 2939 2490 uero

646 2510 763 2573 ipse
807 2520 917 2557 non
961 2511 1185 2572 propter
1230 2504 1530 2555 lubidinem
1575 2509 1738 2555 tanta
1783 2506 2000 2571 flagitia
2047 2511 2104 2556 et
2152 2508 2331 2557 faciat
2378 2514 2433 2557 et
2477 2506 2668 2558 dicat)
2807 2508 2939 2559 xm

644 2576 855 2624 Nonius
901 2576 1027 2630 467,
1078 2576 1141 2624 27
1191 2577 1425 2637 ‘uagae
1474 2590 1570 2638 pro
1617 2575 1880 2638 ungaris.
1911 2611 1923 2623 .
1955 2612 1964 2621 .
1996 2575 2199 2624 Accius
2236 2576 2474 2624 Bacchis
2505 2614 2515 2626 .
2547 2618 2559 2629 .
2587 2619 2598 2629 .
2633 2577 2938 2640 pei-citatae

646 2642 898 2692 tumultu.
979 2641 1201 2691 uecordi
1257 2656 1434 2705 uagas
1491 2642 1727 2694 insania.
1814 2641 2093 2706 Turpilius
2140 2642 2448 2693 Leucadia:
2503 2644 2659 2692 uultu
2715 2643 2939 2693 uecordi

648 2725 825 2774 uagas
868 2709 1127 2759 insania)
1200 2707 1285 2760 Cf.
1339 2708 1408 2757 ad
1447 2709 1577 2757 Acci
1613 2723 1665 2758 u.
1704 2711 1803 2759 236
1849 2709 2131 2759 adnotata.
2350 2709 2477 2761 xlv
2512 2711 2721 2761 Nonius
2757 2713 2872 2766 534.
2908 2714 2940 2759 4

646 2777 953 2838 ‘lembus,
990 2775 1252 2826 nauicula
1300 2775 1485 2826 breuis
1529 2776 1827 2840 piscatoxia
1854 2811 1866 2824 .
1890 2813 1902 2826 .
1933 2781 1968 2824 .’
2142 2777 2240 2826 XV
2277 2777 2488 2827 Nonius
2535 2779 2659 2838 522,
2695 2779 2760 2827 26
2798 2784 2939 2826 ‘eum

646 2843 820 2908 apud
876 2845 1031 2893 iuxta
1077 2841 1393 2906 significet.
1423 2847 1493 2891 ..⁹
1702 2842 1830 2893 XVI
1868 2844 2078 2893 Nonius
2127 2847 2247 2901 182,
2300 2847 2324 2893 1
2376 2845 2746 2895 ‘tristitae’
2797 2845 2942 2906 (tri-

645 2913 886 2960 stitias
932 2911 1086 2971 libri,
1147 2911 1386 2960 correxit
1431 2909 1702 2973 Scaliger)
1749 2915 1868 2974 ‘pro
1907 2912 2139 2961 tristitia
2183 2912 2461 2961 Pacuuius
2506 2913 2775 2962 Atalanta
2823 2910 2938 2976 [XI]

642 2978 922 3043 Turpilius
946 2977 1254 3029 Leucadia:
1294 2983 1422 3027 ante
1458 2978 1634 3028 facta’
1673 2994 1720 3028 e.
1750 2994 1799 3043 q.
1826 2995 1867 3028 s.
2007 2979 2162 3029 XVII
2199 2980 2407 3029 Nonius
2442 2981 2560 3043 277,
2588 2983 2620 3030 8
2658 2980 2940 3030 ‘damnare

653 3053 708 3095 et
758 3046 1209 3096 condemnare
1258 3061 1353 3110 pro
1400 3044 1638 3095 liberare
1684 3049 1925 3111 positum
1969 3051 2054 3096 est
2091 3085 2101 3096 .
2132 3083 2144 3095 .
2173 3082 2186 3095 .
2214 3051 2249 3096 .’

823 3223 941 3280 118
989 3218 1070 3298 te]
1129 3230 1181 3278 et
1229 3223 1370 3294 Rey.
1421 3223 1562 3277 Gud.
1613 3223 1808 3279 Brux.
1983 3224 2203 3296 appollo
2253 3225 2396 3280 διαὶ.
2574 3234 2764 3298 tequea
2795 3226 2934 3297 Κεφ.

650 3307 791 3363 Gud.
853 3308 1045 3363 Brux.
1092 3325 1161 3362 m.
1215 3308 1242 3361 1
1296 3316 1458 3378 teque
1505 3322 1537 3361 ο
1586 3308 1730 3362 idem
1775 3326 1845 3363 m.
1895 3307 1931 3362 2
2148 3309 2285 3363 Post
2337 3308 2455 3365 120
2500 3312 2640 3365 talia
2682 3309 2818 3381 fere
2863 3326 2941 3364 ecc

650 3393 942 3447 Ciceronis
987 3392 1180 3446 uerbis
1240 3393 1474 3445 elicias:
1530 3407 1666 3463 quae
1711 3391 1928 3463 praster
1974 3399 2027 3446 te
2074 3391 2145 3445 nil
2193 3393 2472 3465 quicquam
2522 3394 2740 3448 omnino
2783 3393 2939 3447 curas

650 3491 774 3547 prae
820 3473 1036 3530 libidine
1213 3473 1329 3528 121
1378 3491 1462 3546 sq.
1509 3475 1664 3530 uultu
1710 3475 1932 3530 uecordi
1978 3491 2144 3548 uagas
2197 3476 2469 3548 TurpiliO,
2518 3478 2717 3532 insania
2765 3480 2939 3531 Accio

648 3560 962 3614 uindiccmit
1006 3560 1069 3614 L.
1117 3559 1367 3615 Mueller
1420 3560 1490 3614 de
1537 3575 1601 3614 re
1646 3577 1715 3614 m.
1759 3577 1823 3628 p.
1868 3558 1947 3616 33
1993 3558 2071 3629 (u.
2121 3561 2329 3631 supra)
2502 3563 2664 3632 uagis
2719 3562 2939 3616 uecordi

645 3644 850 3698 insania
896 3642 1262 3714 Grauloffius
1522 3643 1638 3700 123
1687 3644 1853 3698 ortari
1897 3643 2033 3699 libri
2230 3647 2382 3717 coepi
2431 3654 2652 3702 nostros
2700 3646 2942 3701 Bothius

650 3734 868 3781 nostros
914 3729 1068 3800 coepi
1109 3727 1248 3782 libri
1420 3727 1537 3782 124
1582 3726 1836 3782 cederent
1883 3728 2055 3786 Harl.
2237 3727 2352 3784 125
2399 3746 2431 3783 ο
2478 3748 2582 3785 om.
2639 3731 2777 3785 libri

653 3811 771 3866 126
818 3812 1076 3883 ignosce,
1124 3813 1277 3865 mitte
1325 3811 1717 3882 Grauioffiu8‚
1761 3813 2032 3881 probauit
2080 3811 2480 3869 Buecheler-us
2521 3816 2623 3868 lat.
2670 3816 2814 3870 decl.
2860 3813 2939 3868 22

646 3897 771 3967 igne
803 3896 1083 3950 committo
1127 3895 1260 3951 libri
1303 3896 1415 3969 igni
1458 3895 1738 3950 committo
1773 3895 2015 3952 Bolhius
2186 3897 2495 3952 tristitatem
2543 3897 2943 3955 Buecheler-us

644 3982 684 4033 l.
714 3981 755 4034 l.
805 3980 1018 4033 tristitia
1064 3995 1130 4033 an
1178 3987 1230 4034 te
1273 3980 1410 4035 libri
1452 3979 1721 4034 tristitiam
1768 3980 1932 4034 hance
1976 3979 2343 4051 Grautoffius
2469 3982 2616 4054 ignei
2662 3984 2940 4038 committo

649 4064 864 4117 tristitie
909 4079 973 4116 au
1021 4070 1073 4116 te
1105 4066 1232 4118 olim
1277 4066 1637 4118 conieceram
1765 4063 1999 4119 ‹lm-tium
2047 4053 2199 4120 Leid.
2347 4063 2461 4121 127
2510 4067 2668 4121 etiam
2714 4067 2940 4139 amplius

648 4163 802 4201 niano
859 4150 1072 4216 scripsi
1125 4148 1281 4202 etiam
1328 4147 1447 4220 plus
1494 4147 1708 4216 Palm„
1757 4148 1963 4222 quibus
2008 4151 2134 4204 olim
2191 4151 2270 4205 ad
2309 4153 2689 4221 supplendum
2734 4166 2943 4205 uersus

648 4234 861 4284 initium
908 4233 1069 4285 inuno
1113 4235 1420 4299 praemisi,
1477 4233 1631 4302 quod
1673 4247 1743 4287 ne
1787 4249 1943 4286 nunc
1988 4234 2211 4303 quidem
2256 4235 2540 4304 displicet.
2616 4242 2672 4288 et
2714 4234 2940 4306 amplius

647 4317 828 4369 ceteri
866 4315 1003 4369 libri
1048 4307 1223 4388 [quod
1255 4316 1473 4386 probat
1510 4316 1808 4404 ‘Berylrius
1853 4317 2069 4371 (entiall.
2110 4317 2330 4387 philoll.
2386 4317 2546 4376 1870
2585 4335 2647 4387 ρ.
2697 4310 2842 4391 828]
