3400 5075
1323 331 1856 393 COROLLARIVM
2496 346 2750 402 LXXXV

446 497 732 563 malaeiis
785 499 886 565 vel
932 500 1210 565 malatiz's
1266 497 1642 583 exhibeant,
1700 500 1887 565 valde
1944 503 2378 584 probabiliter
2421 507 2743 593 Bergkius

446 600 543 686 (in
590 605 987 671 comicorum
1032 605 1593 670 Meinekianorum
1639 606 1764 671 vol.
1811 605 1877 671 Π
1921 631 1982 691 p.
2018 607 2215 695 1078)
2265 612 2543 677 coniecit
2590 616 2744 681 scri-

450 710 727 776 bendum
775 734 941 777 esse:
992 711 1210 797 ‘pallis
1256 712 1544 797 patagiis
1594 713 1874 778 crocotis
1920 715 2209 781 malaciis
2253 719 2625 785 monikhus?

624 814 949 884 C'hiridota
1003 821 1103 882 est
1155 817 1377 883 tunica
1434 819 1791 903 manicata,
1847 816 2051 903 χιτὼν
2102 823 2485 907 χειριδωτός
2544 823 2743 912 (Poll.

442 922 730 1009 V1158).
786 924 1111 989 Lucilium
1157 923 1459 1007 ehirodyti
1503 926 1574 989 in
1619 925 1983 990 hexametri
2029 928 2220 994 initio
2267 932 2563 1012 posuisse
2608 957 2741 999 non

442 1050 626 1115 nego.
700 1031 798 1095 De
847 1033 984 1095 rica
1027 1030 1318 1116 palliolo,
1363 1054 1489 1115 quo
1538 1037 1738 1115 caput
1780 1032 2051 1117 velatur,
2099 1034 2177 1098 cf.
2223 1034 2455 1101 Festus
2503 1062 2563 1122 p.
2593 1040 2740 1105 277.

443 1138 590 1220 289,
636 1137 878 1203 Paulus
924 1161 984 1222 p.
1015 1139 1161 1202 276.
1211 1138 1367 1222 288;
1414 1137 1625 1203 Varro
1673 1136 1751 1201 de
1797 1138 1838 1202 1.
1884 1138 1924 1202 l.
1972 1138 2034 1203 V
2085 1141 2228 1225 130,
2274 1142 2603 1226 Turpilius
2654 1146 2739 1211 74

442 1248 507 1307 et
552 1247 766 1309 cetera
813 1245 1109 1336 exempla
1157 1241 1442 1307 aNonio
1491 1264 1549 1325 p.
1580 1241 1709 1308 539
1756 1244 2040 1310 laudata.
2097 1246 2202 1311 Ab
2238 1248 2362 1312 hac
2409 1249 2736 1316 diversum

439 1351 610 1432 quod
637 1350 808 1415 idem
857 1376 917 1436 p.
948 1352 1077 1416 542
1118 1347 1380 1415 notavit
1422 1349 1691 1413 ricinum
1722 1350 2085 1433 ‘palliolum
2112 1353 2466 1419 femineum
2495 1356 2735 1443 breve’,

441 1456 643 1521 ‘cuius
691 1457 1029 1523 dimidiam
1075 1457 1330 1539 partem
1378 1458 1732 1520 retrorsum
1778 1457 2149 1543 iaciebant',
2197 1464 2270 1523 ut
2307 1459 2518 1526 Varro
2565 1463 2643 1526 de
2689 1465 2731 1528 l.

436 1563 477 1627 1.
522 1562 585 1627 V
634 1565 761 1629 132
808 1564 916 1628 ait.
1006 1561 1248 1627 Forma
1303 1564 1521 1625 autem
1567 1563 1752 1626 varia
1805 1565 1997 1629 modo
2052 1566 2324 1630 ricinum
2380 1569 2551 1651 apud
2596 1568 2730 1635 No-

435 1669 617 1734 nium
669 1670 712 1734 1.
758 1670 801 1736 l.
853 1669 923 1733 in
977 1670 1283 1733 lemmate
1344 1664 1451 1753 (cf.
1507 1667 1720 1733 Varro
1777 1669 1854 1733 de
1913 1671 2052 1735 vita
2108 1694 2258 1755 pop.
2316 1671 2501 1738 Rom.
2559 1675 2731 1757 apud

436 1777 705 1841 eundem
771 1800 830 1860 p.
886 1776 1043 1859 549,
1099 1775 1212 1839 32:
1283 1772 1536 1838 ‘ricinis
1611 1775 1970 1861 lugerent',
2048 1781 2114 1841 et
2182 1778 2252 1842 in
2328 1778 2548 1843 satiris
2614 1776 2726 1865 (fr.

432 1882 562 1947 433
585 1882 671 1947 B:
706 1882 948 1947 ibidem
995 1903 1055 1963 p.
1093 1880 1221 1944 539
1272 1879 1568 1945 ‘mitram
1614 1880 1949 1971 ricinam’)
1998 1884 2100 1947 vel
2144 1886 2388 1951 recinas
2433 1882 2724 1971 (Servius

431 1989 592 2053 Aen.
618 1990 651 2053 Ι
681 1986 861 2074 282),
907 1987 1098 2053 1110ἀο
1144 1987 1439 2052 ricinium
1486 1983 1725 2072 (Varro
1773 1988 1813 2053 l.
1850 1985 1919 2075 l.)
1965 1990 2069 2055 vel
2113 1992 2414 2056 recinium
2459 1988 2720 2077 (Festus

429 2118 489 2178 p.
521 2096 676 2181 274)
724 2094 1117 2178 appellatur,
1172 2096 1245 2158 ut
1293 2117 1332 2157 a
1376 2095 1509 2158 rica
1554 2089 1745 2179 (γεῖσα
1789 2092 1953 2182 reca)
1999 2096 2283 2180 primum
2331 2097 2723 2164 adieetivum

429 2203 665 2275 ricinus
726 2199 1032 2286 (reieinus
1088 2196 1364 2286 recinas)
1436 2202 1501 2264 et
1569 2200 1811 2265 omisso
1873 2202 2058 2285 pallii
2126 2204 2389 2268 nomine
2448 2205 2722 2270 ricinum

429 2308 820 2372 substantivi
879 2306 1047 2387 vice,
1110 2305 1262 2370 hinc
1330 2327 1525 2389 porro
1591 2305 2064 2373 deminutivum
2124 2332 2363 2375 nomen
2425 2312 2722 2377 ricinium

426 2414 673 2477 factum
735 2435 873 2477 esse
939 2413 1251 2479 videatur.
1345 2412 1625 2475 secunda
1691 2415 1909 2476 autem
1969 2415 2228 2498 syllaba
2290 2416 2345 2479 si
2407 2438 2719 2500 umquam

425 2544 558 2586 non
603 2520 819 2586 brevis
882 2519 1139 2602 fuisset,
1194 2518 1486 2603 profecto
1541 2541 1621 2583 ne
1677 2517 1960 2585 Varroni
2013 2520 2272 2606 quidem
2319 2522 2388 2587 in
2432 2527 2717 2591 mentem

424 2628 710 2693 venisset
745 2627 1046 2692 ricinium
1094 2624 1201 2690 ‘ab
1241 2624 1587 2690 reiciendo'
1635 2626 1962 2692 deducere.

605 2735 688 2797 72
741 2732 1035 2798 Mulieris
1084 2731 1381 2796 habitum
1439 2733 1652 2797 notari
1710 2733 1938 2815 diplois
1989 2733 2208 2816 prodit
2253 2736 2713 2802 vestimentum

424 2840 763 2923 muliebre3
819 2863 971 2904 nam
1030 2839 1317 2903 virorum
1373 2839 1609 2923 duplex
1667 2840 1806 2904 eius
1861 2840 2116 2924 generis
2182 2841 2459 2906 amictus
2523 2843 2714 2908 laena

422 2944 559 3007 sive
605 2943 833 3027 χλανὶς
877 2945 1004 3010 fuit
1058 2943 1300 3031 (Varro
1347 2945 1425 3008 de
1471 2945 1512 3009 l.
1558 2944 1599 3009 1.
1648 2945 1710 3010 V
1763 2947 1887 3010 133
1942 2946 2128 3010 Pauli
2173 2947 2406 3012 Festus
2452 2971 2512 3032 p.
2566 2949 2712 3034 117,

420 3073 575 3134 prae
623 3052 856 3136 quibus
902 3074 1034 3117 non
1081 3075 1234 3118 curo
1282 3051 1784 3117 scholiastarum
1831 3052 1912 3117 ad
1957 3052 2113 3117 Hor.
2161 3054 2346 3138 epist.
2391 3055 2425 3120 I
2476 3055 2575 3140 17,
2621 3055 2709 3121 25

418 3155 673 3243 nugas).

601 3265 679 3328 77
730 3287 821 3349 sq.
866 3264 1173 3330 Fortasse
1219 3265 1390 3330 inter
1435 3264 1594 3330 duos
1642 3265 2071 3330 distribuendi
2117 3268 2184 3328 et
2237 3265 2331 3330 616
2375 3265 2511 3328 fere
2558 3289 2705 3350 sup-

418 3370 636 3453 plendi
683 3374 890 3436 erant:
1708 3451 1713 3455 ἡ

594 3478 758 3559 quo'd
797 3499 1021 3561 mayno
1067 3498 1243 3559 opere
1286 3478 1731 3560 quaesiverunt,
1775 3480 1846 3544 id
1880 3478 2149 3560 frunisci
2191 3477 2318 3541 no'n
2362 3483 2604 3558 queunt.

597 3587 631 3659 f
673 3587 786 3665 qui
808 3606 933 3649 non
947 3586 1160 3668 parsit
1193 3584 1365 3666 cipud
1395 3606 1458 3650 se
1506 3587 1807 3668 [partum
1829 3584 2071 3664 fractus
2096 3584 2246 3662 non]
2290 3583 2574 3664 frunitus
2599 3589 2702 3649 est.

413 3693 488 3752 ut
530 3690 755 3773 priori,
802 3691 911 3774 qui
940 3714 1176 3755 vanam
1224 3714 1571 3757 avarorum
1600 3690 2023 3775 cupiditatem
2054 3688 2507 3773 castigaverat,
2552 3712 2699 3773 par-

414 3818 525 3860 cus
581 3797 1013 3881 responderit,
1064 3819 1146 3862 ne
1201 3796 1512 3882 prodigos
1565 3796 1825 3880 quidem
1881 3796 2110 3861 beatos
2155 3795 2477 3861 vocandos
2540 3818 2698 3860 esse.

411 3900 488 3966 In
535 3902 955 3968 adnotatione
1010 3901 1239 3967 critica
1282 3901 1593 3968 Vossiam'
1641 3903 2032 3989 scripturam
2076 3905 2455 3968 notaveram
2500 3901 2698 3968 hanc:

408 4016 553 4090 qut,
595 4011 849 4074 mutata
895 4007 1030 4073 scil.
1076 4029 1107 4073 e
1148 4009 1217 4073 in
1262 4009 1306 4073 i.

589 4115 675 4179 94
704 4137 796 4200 sq.
844 4113 1125 4180 Gloriari
1152 4115 1409 4180 videtur
1435 4116 1729 4181 servulus
1758 4115 2021 4199 quidam
2047 4115 2424 4200 prudentius
2454 4137 2522 4179 se
2549 4115 2695 4201 ipso

412 4242 522 4286 ero
572 4220 980 4286 adulescente
1026 4221 1284 4288 fecisse:
1327 4243 1483 4287 nam
1527 4221 1637 4287 hic
1684 4244 1831 4286 cum
1884 4221 2264 4287 muliercula
2308 4243 2697 4308 compressa,

405 4325 470 4392 h.
498 4349 551 4391 e.
580 4326 815 4392 vitiata
859 4326 929 4392 in
967 4326 1142 4393 mala
1170 4328 1548 4396 discrimina
1574 4328 1894 4413 inciderit,
1940 4349 2009 4393 se
2038 4349 2407 4414 compresso
2453 4328 2692 4418 pugnis
