3400 5075
1198 240 1581 296 CAECILIVS
1618 242 1915 294 STATIVS
2614 243 2700 307 59

582 394 944 464 'Occultare
990 398 1180 462 foris:
1226 398 1321 461 ita
1365 421 1527 463 uxor
1571 401 1716 462 mea
1760 400 1972 464 forma
2017 403 2083 464 et
2126 398 2319 465 factis
2367 401 2543 485 facit,

583 511 747 581 'Etsi
806 519 1083 597 taceam,
1127 514 1348 577 tamen
1402 514 1713 579 indicium
1764 512 2008 602 [meae]
2103 537 2266 600 quae
2312 516 2439 582 nisi
2487 516 2703 581 dotem

1689 629 1935 715 omnia,

402 809 533 873 (inc.
584 810 694 859 fab.
731 808 871 870 XX).
941 806 1111 856 Porro
1157 806 1393 856 hominis
1439 807 1724 871 pauperis,
1773 807 1877 858 hoc
1924 812 2009 858 est
2059 808 2305 860 eiusdem
2350 809 2494 859 senis
2530 809 2702 858 uicini

400 892 593 928 seruus
618 878 888 927 Parmeno
913 874 1008 937 (cf.
1035 875 1181 928 Men.
1206 871 1364 936 VIII)
1403 873 1731 939 erilis,filiae
1757 876 1961 939 gemitu
1992 876 2202 939 audito,
2232 892 2352 926 cum
2377 880 2549 926 totam
2586 892 2700 926 rem

402 945 581 996 adhuc
615 944 981 1010 ignorauerit,
1020 942 1193 1007 primo
1232 941 1566 991 coniecturis
1592 942 1886 1007 indulgens
1912 944 1969 992 in
1993 944 2236 994 uicinum
2262 943 2697 1002 adulescentem,

404 1028 563 1078 quem
590 1012 809 1078 puellae
836 1010 1125 1062 admodum
1150 1024 1270 1059 esse
1300 1009 1630 1059 familiarem
1655 1010 1791 1072 scit,
1831 1012 2047 1062 confert
2081 1012 2470 1077 suspicionem.
2531 1012 2700 1077 Atqui

402 1096 509 1130 non
548 1080 811 1131 conuenit
847 1078 1190 1142 computanti
1228 1076 1485 1141 temporis
1522 1078 1665 1127 ratio
1702 1074 1803 1143 (IV
1841 1083 1898 1128 et
1932 1079 2189 1130 Menand.
2226 1077 2358 1141 1n):
2404 1094 2532 1128 nam
2569 1084 2700 1129 ante

401 1150 553 1212 ipsos
590 1148 779 1196 decem
817 1159 1035 1195 menses
1073 1144 1286 1194 demum
1324 1159 1448 1194 erus
1487 1159 1611 1193 rure
1637 1146 1694 1195 in
1731 1146 1922 1196 urbem
1948 1148 2288 1212 migrauerat
2324 1147 2418 1210 (cf.
2443 1147 2700 1198 Menand.

400 1218 448 1266 V
484 1216 558 1264 VI
594 1214 742 1276 VII),
781 1230 882 1264 nec
920 1218 1051 1262 ante
1089 1211 1144 1261 id
1182 1216 1398 1274 tempus
1434 1213 1639 1277 uirgini
1665 1228 1787 1262 cum
1827 1229 2096 1280 quoquam
2124 1214 2458 1265 consuetudo
2497 1214 2700 1266 fuerat.

400 1284 471 1333 At
508 1283 654 1333 enim
700 1297 835 1331 sane
881 1281 995 1330 ruri
1029 1278 1299 1343 Crobylae
1348 1278 1495 1329 filius
1542 1280 1684 1340 (eum
1732 1281 1874 1331 enim
1912 1283 2084 1333 fnisse
2121 1280 2276 1348 puto)
2323 1283 2470 1333 festo
2519 1282 2701 1332 furore

403 1351 653 1401 exultans
681 1349 775 1410 (cf.
801 1349 931 1413 VII)
967 1348 1190 1412 ignotus
1215 1348 1460 1411 ignotam
1484 1353 1902 1411 compresserat.
1971 1351 2044 1399 Et
2069 1350 2135 1400 de
2163 1349 2455 1415 peruigilio
2482 1348 2701 1414 quidem

404 1417 640 1483 amplius
677 1414 1049 1482 percontando
1075 1415 1345 1464 Parmeno
1373 1416 1665 1478 comperit:
1705 1418 1754 1468 V
1791 1418 1884 1476 VI,
1923 1416 2020 1467 sed
2057 1416 2124 1467 de
2161 1422 2405 1480 auctore,
2446 1419 2701 1481 quoniam

400 1487 458 1535 in
503 1485 747 1536 tenebris
792 1484 940 1534 istud
977 1497 1112 1547 opus
1150 1482 1465 1532 confectum
1513 1487 1624 1543 est,
1672 1499 1743 1533 ne
1789 1484 2007 1549 puellae
2046 1484 2264 1550 quidem
2313 1485 2424 1550 ipsi
2461 1490 2701 1535 constat.

403 1556 518 1604 Iam
553 1568 685 1603 uero
723 1551 1084 1617 grauissimas
1131 1550 1247 1600 eius
1295 1550 1644 1614 puerperium
1679 1551 1874 1603 turbas
1911 1552 2120 1601 adfert=
2169 1552 2440 1616 siquidem
2477 1553 2704 1617 nuptias

402 1636 600 1686 magno
638 1624 856 1683 sumptu
902 1623 1159 1683 paratas,
1199 1632 1334 1682 quas
1381 1617 1592 1667 differri
1637 1617 1872 1683 legimus
1909 1619 1976 1669 fr.
2005 1619 2112 1671 XII
2147 1620 2308 1682 XIII,
2355 1620 2425 1669 ad
2463 1620 2702 1683 puellam

402 1695 646 1740 nostram
684 1686 1005 1738 referendas
1031 1700 1153 1736 esse
1190 1690 1340 1736 recte
1367 1686 1686 1736 conicimus.
1758 1684 1994 1752 Cognito
2032 1689 2200 1751 enim,
2239 1687 2394 1737 cuius
2430 1703 2490 1737 se
2526 1689 2702 1751 ipsum

401 1757 459 1805 in
505 1758 671 1806 noxia
717 1770 838 1805 esse
885 1754 1092 1813 nescit,
1144 1752 1409 1804 dedecore
1457 1768 1566 1803 non
1620 1754 1800 1818 potuit
1845 1754 2171 1806 adulescens
2218 1770 2324 1805 non
2363 1769 2396 1803 a
2444 1755 2700 1819 coniugio

403 1825 639 1873 uitiatae
679 1822 1001 1872 abhorrere:
1038 1821 1229 1885 itaque
1268 1819 1498 1871 tollendi
1534 1822 1762 1885 nuptias
1800 1838 2029 1873 causam
2068 1828 2317 1887 captanS,
2357 1837 2478 1872 cum
2513 1838 2702 1872 ueram

401 1892 458 1941 in
496 1889 771 1956 publicum
814 1890 1060 1954 proferre
1098 1893 1408 1950 uereretur,
1446 1889 1685 1939 fortasse
1726 1891 1977 1955 auspicia
2014 1891 2261 1940 infausta
2297 1890 2702 1954 praetenderat,

403 1957 473 2008 ad
519 1957 661 2022 quod
707 1956 1072 2022 respondetur
1119 1957 1185 2005 fr.
1235 1954 1380 2009 xlv,
1470 1955 1631 2005 Certe
1688 1956 1928 2007 ‘odiosa'
1976 1957 2271 2023 opulentae
2318 1974 2384 2007 ac
2428 1958 2701 2023 superbae

401 2027 563 2075 matri
600 2029 815 2074 ‘nurus’
853 2023 1168 2074 defenditur
1204 2023 1272 2072 fr.
1308 2022 1435 2085 XV,
1484 2027 1541 2072 et
1574 2028 1636 2073 ut
1684 2023 1848 2074 aliam
1888 2025 2160 2089 quandam
2197 2030 2492 2090 cognatam
2533 2025 2704 2074 ducat

406 2093 519 2143 filio
556 2093 890 2157 persuadere
928 2099 1159 2142 conatur
1195 2089 1430 2154 Crobyle
1469 2089 1614 2156 apud
1649 2092 2009 2142 Menandrum
2048 2092 2179 2156 (inc.
2228 2093 2343 2144 fab.
2384 2092 2701 2153 CCXXIV):

401 2151 678 2226 Κρωβύλη
715 2155 785 2225 τῇ
821 2157 990 2223 μητρὶ
1027 2158 1245 2210 πείθου
1280 2155 1380 2207 καὶ
1417 2149 1586 2224 γάμει
1624 2151 1731 2222 τὴν
1756 2159 2018 2227 συγγενῆ.
2091 2160 2289 2223 Itaque
2315 2160 2381 2209 de
2421 2161 2568 2210 bona
2605 2176 2702 2225 spe

402 2227 610 2278 deiecti
648 2232 760 2276 tam
797 2227 1024 2277 afflictis
1048 2226 1214 2277 rebus
1251 2240 1493 2289 congrua
1532 2230 1589 2275 et
1613 2227 1884 2277 Parmeno
1910 2227 2086 2289 (VIII)
2126 2232 2180 2277 et
2209 2243 2332 2277 erus
2360 2227 2481 2289 (IX)
2520 2242 2702 2277 secum

402 2294 887 2360 philosophantur,
926 2300 1091 2359 atque
1129 2293 1197 2342 de
1234 2310 1299 2343 eo
1338 2308 1516 2342 rerum
1553 2298 1705 2343 statu
1740 2294 2041 2344 diuerbium
2078 2296 2224 2344 inter
2259 2300 2545 2357 utrumque
2583 2310 2703 2344 cum

402 2364 489 2413 his
524 2365 787 2412 innuatur
823 2362 987 2425 (Men.
1024 2361 1155 2411 VIII
1191 2378 1203 2409 t
1243 2347 1287 2411 ὦ
1311 2358 1661 2442 Ποιρμ.έ“ι»·ωιιι
1697 2354 1804 2411 οὔκ
1843 2358 1996 2412 ἔστιν
2036 2353 2270 2427 ἀγαθὸν
2308 2360 2383 2430 τῷ
2422 2360 2526 2431 βίῳ
2553 2353 2702 2412 Φυό-

399 2446 577 2496 μενον
625 2419 812 2510 ὥςπερ
860 2425 1106 2493 δένδρον
1181 2446 1212 2478 κ
1249 2423 1407 2493 ῥίζης
1442 2425 1608 2493 μιᾶς,
1654 2420 1787 2479 An'
1828 2421 1997 2496 ἔγγὺς
2043 2425 2280 2495 ἀγαθοῦ
2316 2426 2704 2493 παραπέφυκε

401 2495 500 2550 καὶ
539 2512 750 2557 κακον,
792 2497 876 2548 Εκ
916 2494 1019 2548 τοῦ
1056 2493 1238 2548 κακοῦ
1275 2489 1326 2547 τ’
1366 2488 1614 2563 ἤνεγκεν
1652 2490 1886 2562 ἀγαθὸν
1918 2488 1954 2564 ἦ
1995 2494 2169 2561 φύσις
2206 2496 2299 2562 (cf.
2336 2498 2481 2549 Men.
2509 2498 2587 2548 lx
2613 2496 2703 2560 X),

402 2566 595 2617 eodem
633 2564 1000 2630 probabiliter
1035 2565 1414 2615 reuocabimus
1452 2564 1779 2615 Caeciliana
1817 2567 1865 2614 X
1905 2572 1962 2615 et
1999 2565 2093 2616 XI.
2173 2564 2280 2616 Sed
2318 2566 2459 2631 quod
2494 2565 2705 2616 Seneca

399 2634 531 2683 dial.
579 2634 628 2682 X
675 2635 735 2696 2,
782 2635 813 2682 2
859 2633 1036 2697 ‘apud
1076 2634 1369 2682 maximum
1416 2637 1702 2696 poetarum
1747 2648 1895 2683 more
1944 2632 2155 2683 oraculi
2202 2633 2432 2683 dictum’
2483 2633 2700 2685 laudat:

400 2699 605 2767 αἱς-αα
632 2713 773 2764 pars
807 2703 883 2751 est
906 2699 1060 2751 uitae
1095 2713 1206 2764 qua
1231 2704 1329 2751 nos
1349 2697 1627 2762 uiuimus,
1661 2699 1718 2749 id
1745 2715 1850 2750 nee
1877 2699 2125 2751 Caecilio
2151 2700 2394 2751 debebat
2421 2700 2703 2751 ascribere

400 2768 736 2834 Spengelius
775 2773 831 2816 ct
876 2784 943 2817 ne
982 2767 1270 2817 Menandri
1318 2767 1532 2832 quidem
1572 2768 1661 2830 (cf.
1698 2768 1842 2824 Men,
1870 2766 1993 2830 IX),
2032 2769 2131 2818 sed
2167 2768 2448 2834 Euripidis
2486 2783 2703 2819 uersum

404 2852 526 2888 esse
576 2836 890 2900 “suspicatur
932 2835 1259 2885 Meinekius.
1342 2835 1565 2896 (Omisit
1611 2836 1897 2886 Nauckius
1945 2836 2000 2885 in
2047 2836 2380 2900 tragicorum
2416 2841 2704 2901 poetarum

403 2906 739 2955 Graecorum
769 2903 1138 2966 fragmentis.)
1209 2902 1290 2953 Ab
1327 2901 1427 2951 illa
1464 2907 1645 2952 autem
1673 2905 1875 2953 mentis
1902 2905 2184 2968 aequitate
2212 2909 2472 2968 quantum
2507 2910 2704 2968 postea
2736 2937 2748 2946 κ

403 2971 691 3033 discrepat
726 2969 1088 3020 Parmenonis
1126 2970 1243 3020 siue
1281 2969 1541 3020 aduocati
1592 2970 1828 3021 alicuius
1876 2973 2196 3036 pauperiem
2246 2971 2465 3035 publice
2513 2971 2704 3021 defen·

402 3036 1178 3090 dandistudiumvaxvn!
1217 3038 1383 3098 Quod
1403 3043 1581 3086 tamen
1601 3037 1767 3088 aliter
1785 3039 2019 3089 excitari
2042 3041 2133 3088 uix
2154 3043 2373 3103 poterat
2391 3038 2497 3088 nisi
2520 3038 2704 3103 aliquo

408 3106 591 3166 mod0,
632 3106 872 3155 fortasse
910 3104 1079 3168 plocii
1115 3110 1176 3155 ut
1202 3104 1354 3154 anuli
1391 3107 1450 3154 in
1486 3105 1709 3169 Hecyra
1747 3105 1967 3168 indicio,
2006 3121 2172 3156 uerus
2210 3106 2477 3156 facinoris
2515 3111 2706 3155 auctor

410 3174 658 3239 proditus
684 3176 849 3225 esset.
911 3172 990 3221 Eo
1020 3177 1204 3222 autem
1234 3174 1401 3224 semel
1431 3179 1648 3236 reperto
1674 3172 1857 3223 iudice
1885 3189 2018 3224 sane
2047 3188 2184 3237 opus
2209 3189 2316 3222 non
2355 3178 2501 3231 erat,
2542 3174 2704 3222 immo

403 3241 660 3291 sublatae
699 3239 925 3302 nuptiae
963 3239 1428 3294 restituebantur.
1474 3241 1743 3291 Parmeno
1789 3256 1921 3291 uero
1959 3242 2026 3291 ob
2065 3241 2293 3291 assidua
2329 3243 2528 3290 merita
2563 3240 2706 3290 liber

406 3311 591 3359 factus
621 3314 705 3358 est
731 3305 946 3369 (XIX).·
1064 3308 1089 3357 1
1128 3306 1338 3357 Gellius
1362 3307 1419 3357 11
1443 3309 1509 3357 23
1534 3308 1871 3358 ‘comoedias
1899 3308 2211 3358 lectitamus
2236 3313 2546 3358 nostrorum
2575 3323 2704 3372 poe-

401 3383 581 3426 tarum
613 3379 858 3437 sumptas
887 3390 952 3424 ac
976 3389 1169 3433 uersas
1195 3374 1261 3425 de
1287 3374 1548 3439 Graecis,
1583 3374 1887 3426 Menandro
1914 3382 2011 3425 aut
2035 3375 2337 3440 Posidippo
2363 3380 2460 3425 aut
2482 3375 2704 3440 Apollo·

404 3444 536 3494 doro
562 3448 661 3493 aut
686 3440 915 3492 Alexide
945 3446 999 3490 et
1024 3441 1348 3506 quibusdam
1374 3444 1508 3492 item
1527 3442 1653 3492 aliis
1679 3443 1919 3492 comicis.
1967 3443 2159 3507 Neque
2182 3458 2304 3492 cum
2330 3442 2562 3507 legimus
2589 3458 2705 3502 eas»,

401 3513 631 3561 nimium
658 3525 792 3560 sane
823 3509 1139 3573 displicent,
1167 3511 1293 3574 quin
1320 3510 1502 3574 lepide
1537 3525 1755 3575 quoque
1789 3515 1844 3559 et
1869 3516 2094 3560 uenuste
2125 3510 2364 3574 scriptae
2390 3510 2704 3570 uideantur,

402 3706 554 3744 suam
600 3703 907 3743 aerumnam
954 3692 1168 3760 scripsi
1211 3689 1333 3762 quia
1379 3704 1658 3743 erumnam
1705 3702 1854 3743 suam
1903 3689 2025 3744 Vnt.
2074 3688 2211 3761 qui.
2248 3704 2522 3743 erumnam
2557 3703 2704 3741 suam

402 3775 545 3846 Ray.
606 3773 698 3846 qui
744 3761 1030 3828 ercfimuzi?
1085 3790 1234 3828 suam
1281 3772 1436 3828 Rolt.
1496 3773 1585 3846 qui
1632 3789 1942 3827 aerumnam
1999 3789 2147 3828 suam
2196 3775 2364 3845 uulqo
2535 3773 2708 3828 nescit

410 3875 583 3946 Thy-3.
628 3875 846 3947 nesquit
892 3873 1217 3931 Burneian.
1266 3876 1312 3928 Α
1510 3871 1629 3929 143
1678 3873 1916 3929 ocultare
1972 3875 2127 3930 Rott.
2306 3873 2435 3928 soris
2493 3877 2709 3944 scripsi

402 3959 546 4012 ferre
616 3957 787 4029 (unde
852 3976 1005 4014 noua
1076 3961 1245 4031 uulyo
1307 3961 1507 4028 incipit
1583 3956 1890 4029 sententia)
1955 3961 2091 4014 libri
2154 3958 2266 4013 sere
2330 3959 2453 4012 edd.
2516 3957 2706 4012 efferre

405 4043 745 4115 Spenyelius
919 4040 991 4098 ita
1051 4059 1186 4097 uxor
1232 4059 1346 4098 mea
1388 4042 1572 4097 ‘forma
1618 4046 1834 4112 scripsi
1886 4044 1959 4096 ita
2022 4059 2104 4097 mc
2164 4058 2298 4096 uxor
2351 4041 2519 4096 forma
2576 4042 2710 4097 libri

401 4128 476 4182 ita
530 4143 615 4182 me
658 4143 797 4181 uxor
854 4135 908 4182 et
968 4126 1138 4182 forma
1186 4126 1600 4183 Fleckeisemcs
1643 4129 1682 4181 l.
1728 4130 1768 4182 l.
1828 4128 1900 4181 ita
1959 4143 2043 4181 me
2099 4142 2235 4181 uxor
2283 4126 2527 4180 Botkius

405 4205 562 4286 facit]
624 4205 745 4265 [ειόῑι
792 4210 947 4268 Bou.
1125 4209 1244 4265 144
1290 4212 1390 4266 etsi
1420 4214 1637 4282 scripsi
1664 4211 1710 4266 si
1749 4212 1885 4267 libri
1991 4218 2049 4265 ut
2094 4211 2176 4265 si.
2214 4253 2225 4265 .
2261 4252 2274 4264 .
2310 4207 2564 4264 indicium
2608 4211 2708 4266 sim
