3400 5075
1113 252 1437 304 Pvssan
1478 252 1640 302 SYRI
1677 251 2133 302 ,ςΕΝΤΕΝΤῐΑΕ
2648 251 2771 313 331

660 405 991 470 Instrficia
1036 407 1258 489 inopia
1301 411 1403 471 est
1448 405 1519 470 1‘11
1565 407 1809 472 diuitiis
1859 405 2242 491 ctipiditas.*
2669 431 2773 479 229

657 518 909 585 Inuitat
953 522 1208 605 culpam
1255 520 1373 606 qu1'
1414 527 1751 606 peceatum
1798 525 2124 606 praeterit.
2670 546 2773 594 238

655 636 1015 700 Ιηοιίῃᾶιιῐῑι
1062 637 1224 700 nihil
1272 641 1372 701 est
1407 636 1535 701 m'si
1582 639 1755 722 quod
1801 639 2006 703 reficit
2053 639 2398 703 uaeirietasfl
2668 661 2773 708 246

479 752 610 816 240
655 751 1034 836 Ingenuitas
1081 775 1215 817 non
1259 754 1489 835 recipit
1532 755 2009 817 contumeliam.
2668 778 2771 825 612

654 863 950 931 'Imitare
997 872 1098 932 est
1141 868 1603 953 crilamitatem‚
1649 875 1795 934 cuim
1842 874 1906 933 te
1952 869 2203 933 felicem
2253 872 2513 935 uocas*
2669 893 2766 940 521

655 981 908 1066 Inpiine
954 1005 1176 1068 pecces
1221 982 1294 1047 1'n
1339 1006 1513 1067 eum,
1558 984 1668 1068 qui
1715 986 1939 1067 peccet
1983 985 2223 1067 Prion*
2667 1010 2770 1056 226

655 1097 962 1184 Ingnitus
1006 1121 1175 1163 unus
1222 1099 1520 1163 6mnibus
1566 1097 1819 1162 miseris
1865 1101 2122 1164 nocet*
2667 1124 2771 1172 216

656 1213 736 1279 In
781 1212 998 1279 miseri
1045 1215 1250 1279 uitam
1295 1218 1439 1278 nita
1484 1215 1877 1279 contumelia.
1922 1219 2036 1279 est,
2663 1241 2765 1288 223

474 1454 948 1506 TESTIMONIA.
1021 1453 1391 1507 EXEMPLA.

477 1555 600 1598 rent
635 1550 1014 1611 imitarentur,
1055 1547 1184 1614 [non
1221 1546 1586 1614 imitarentur]
1624 1561 1767 1612 quae
1805 1548 1953 1613 apud
1992 1565 2113 1599 eum
2151 1550 2350 1600 melius
2394 1557 2583 1602 essent
2617 1552 2771 1604 dicta

476 1633 635 1681 quam
674 1617 822 1682 apud
859 1631 1183 1681 quemquam
1212 1620 1479 1666 comicum
1505 1620 1853 1681 tragicumue
1890 1622 1985 1665 aut
2020 1616 2319 1667 Romanum
2358 1626 2457 1668 aut
2483 1620 2772 1678 Graecum,

473 1691 537 1734 ut
574 1685 728 1733 illum
765 1700 982 1735 uernum
1025 1700 1132 1749 quo
1169 1684 1357 1734 aiebat
1394 1699 1557 1733 uuum
1602 1699 1824 1733 uersum
1859 1685 2098 1734 inueniri
2134 1700 2242 1735 non
2290 1702 2451 1750 pocae
2490 1688 2768 1738 meliorem

478 1749 617 1818 [628]
657 1758 714 1803 et
748 1750 899 1801 illum
939 1751 1006 1802 de
1044 1752 1235 1801 eadem
1275 1768 1331 1801 re
1371 1752 1578 1801 dictum
1611 1748 1791 1816 [236];
1831 1755 1892 1800 ut
1927 1751 2053 1802 illos
2089 1767 2308 1816 ueremi,
2347 1756 2438 1819 qui
2475 1756 2604 1805 huic
2643 1772 2771 1820 quo·

475 1835 581 1883 que
631 1827 713 1868 ter
759 1819 1022 1870 abdicato
1068 1824 1294 1883 possent
1340 1821 1637 1869 conuenire
1679 1815 1828 1885 [438]
1880 1825 1935 1867 et
1972 1819 2233 1883 plurimos
2279 1821 2541 1888 deiru-eps
2578 1839 2771 1874 uersus

474 1887 758 1937 referebat
793 1886 997 1937 Publili
1034 1886 1465 1941 disertissimos)
1537 1886 1889 1936 Publilianae
1927 1887 2242 1938 sententiae
2279 1889 2585 1940 similitudo
2622 1891 2769 1956 apud

479 1955 711 2004 eundem
747 1960 996 2005 centron.
1031 1955 1132 2004 vn
1174 1956 1235 2004 17
1273 1961 1410 2003 extr.
1449 1971 1498 2019 p.
1535 1956 1635 2002 202
1672 1955 1734 2003 Β.
1773 1959 1829 2002 et
1870 1955 1931 2004 19
1967 1971 2019 2019 p.
2059 1957 2154 2004 211
2197 1956 2239 2004 Β
2279 1957 2531 2010 infertur.
2604 1958 2769 2008 Sene-

475 2037 577 2070 cae
617 2022 778 2087 epist.
819 2023 933 2086 108,
970 2025 1003 2071 9
1052 2023 1119 2071 ad
1165 2021 1298 2088 pell.
1347 2025 1452 2071 inc.
1502 2022 1606 2070 inc.
1647 2021 1851 2070 LXVII
1896 2021 2182 2087 descripsi.
2254 2024 2583 2074 Vincentius
2626 2026 2765 2075 Beli.

472 2104 554 2154 up.
592 2089 642 2139 d.
678 2093 728 2146 4,
771 2092 868 2140 144
1004 2092 1100 2140 237
1137 2090 1277 2138 idem
1315 2092 1366 2152 4,
1407 2091 1505 2139 146
1639 2090 1740 2138 238
1777 2089 1863 2140 cf.
1902 2088 2117 2138 Seneca
2143 2090 2346 2140 'rroad.
2370 2095 2471 2142 300
2507 2094 2623 2157 ‘qni
2660 2110 2767 2143 non

474 2162 633 2207 uetat
670 2173 934 2223 peccare,
983 2173 1104 2206 cum
1141 2158 1342 2221 possit,
1392 2155 1584 2210 iubet.'
1722 2159 1823 2206 243
1860 2156 2184 2207 Vincentius
2223 2158 2359 2208 Bell.
2396 2174 2479 2225 sp.
2518 2160 2569 2214 d.
2607 2163 2659 2223 4,
2702 2164 2769 2211 54

473 2389 671 2446 desunt
714 2406 915 2447 uerum
959 2392 1275 2446 sententiae
1318 2392 1536 2446 initium
1575 2388 1797 2460 fuisse.-
1849 2396 2038 2461 potest
2092 2399 2282 2446 autem
2335 2393 2619 2463 duplicem
2652 2394 2766 2449 Pu-

475 2477 665 2531 blilius
708 2478 1047 2532 sententiam
1081 2477 1433 2546 protulisse.-
1477 2474 1674 2529 desunt
1719 2475 1931 2549 inopine
1978 2491 2144 2549 pauca
2189 2483 2243 2530 et
2286 2475 2481 2531 desunt
2526 2477 2767 2532 luxuriae

473 2560 641 2615 multa
812 2559 934 2617 237
970 2559 1070 2614 CE
1236 2562 1414 2634 inopia
1459 2561 1722 2615 instructa
1755 2560 1799 2616 C
1968 2559 2090 2618 238
2139 2561 2226 2629 Cs-
2257 2560 2400 2617 528.
2443 2562 2584 2618 535.
2621 2563 2764 2618 592.

473 2643 595 2701 645
767 2646 958 2700 inuitat
991 2644 1036 2700 0
1076 2643 1181 2715 (cf.
1221 2645 1308 2713 T),
1362 2646 1639 2699 Erasmus
1686 2646 1737 2699 in
1783 2662 1842 2699 se
1885 2646 2020 2700 uitat
2051 2641 2138 2719 ιβ
2182 2646 2411 2700 inseruit
2459 2645 2579 2717 fuit
2636 2663 2763 2703 cum

471 2732 791 2786 conicerem
850 2730 966 2801 ipse
1022 2731 1184 2783 intrat
1229 2729 1493 2799 ΒοιΙιίιιε,
1538 2728 1640 2800 (cf.
1691 2728 1868 2801 285),
1923 2732 2050 2785 olim
2095 2732 2324 2800 recepi,
2371 2738 2425 2785 ec
2467 2732 2608 2786 lutet
2653 2732 2766 2804 ipse

471 2817 530 2869 in
574 2817 870 2886 scriptura
911 2814 959 2868 L
1128 2812 1382 2868 delictum
1432 2815 1717 2869 Gruterus
1886 2815 2082 2868 inuitat
2125 2813 2333 2887 culpam
2379 2815 2628 2889 profecto
2674 2818 2766 2888 qui

473 2907 781 2971 peccantem
828 2914 936 2953 nen
984 2897 1291 2953 ulciscendo
1349 2899 1606 2971 praeterit
1658 2898 1707 2952 T
1915 2895 2036 2954 239
2092 2898 2166 2953 nil
2228 2900 2596 2971 Woelfflinus

471 2983 573 3037 nisi
617 3000 724 3039 om.
760 2982 806 3037 C
973 2980 1098 3039 240
1143 2982 1230 3054 Cf.
1262 2980 1384 3039 284
1556 2984 1760 3055 recepit
1803 2983 1855 3038 P
1894 2982 2065 3053 (bona
2105 2982 2346 3054 forma),
2390 2988 2520 3039 item
2565 2985 2618 3039 R
2662 2987 2769 3039 secl

467 3074 681 3137 punclo
725 3082 909 3139 supra
955 3084 984 3121 e
1030 3069 1220 3122 addito
1265 3066 1370 3122 sert
1407 3066 1457 3121 T
1622 3065 1739 3121 241
1789 3067 1898 3123 hoc
1939 3069 2067 3123 loco
2101 3067 2345 3133 BEPR,
2384 3075 2606 3138 postu.
2642 3067 2763 3125 263

471 3151 540 3217 F,
586 3159 828 3224 utroque
880 3154 1009 3208 loco
1052 3148 1092 3224 β
1265 3150 1354 3222 Cf.
1419 3150 1535 3207 146
1709 3152 2142 3209 ἰηυίιειτεοοοηί.
2195 3152 2506 3217 Gruterus,
2550 3155 2764 3223 probat

471 3236 801 3301 NauckiuS,
854 3235 1115 3307 fortasse
1158 3244 1337 3291 recte.
1508 3234 1718 3290 felicem
1766 3252 1928 3290 uocas
1973 3235 2233 3309 Inyolst„
2269 3237 2485 3307 probat
2529 3244 2593 3293 ut
2634 3240 2783 3293 olim‘

471 3324 684 3391 scripsi
724 3320 1027 3376 Naucla'us
1071 3319 1111 3375 s.
1157 3321 1440 3375 uocaueris
1485 3310 1624 3392 ΒΟβ
1667 3319 1831 3391 infra
1878 3320 1915 3373 f.
1962 3319 2242 3375 necaberis
2275 3320 2435 3375 EPR
2482 3319 2519 3374 s.
2566 3320 2761 3376 dixeris

470 3403 832 3461 Pantlmleon
890 3404 929 3460 s.
993 3421 1153 3460 uoces
1207 3402 1279 3479 β,
1351 3402 1747 3475 Woelfflinu3‚
1817 3404 1901 3473 cs.
1965 3402 2081 3459 146
2140 3411 2193 3458 et
2250 3404 2390 3461 308.
2480 3407 2761 3460 uocaueris

472 3489 681 3545 felicem
739 3489 795 3543 F
1046 3487 1167 3544 242
1225 3505 1414 3562 pecces
1463 3486 1611 3562 ΒΡβ
1669 3490 1846 3560 pecc-,is
1906 3489 1957 3543 R
2005 3504 2190 3559 peccas
2249 3487 2294 3543 C
2343 3505 2498 3561 pecas
2544 3490 2598 3543 P

472 3575 622 3645 prior
677 3574 979 3631 Bentleius
1033 3575 1207 3629 rarior
1261 3573 1352 3630 CL
1404 3574 1575 3628 rarius
1632 3570 1672 3646 β
1863 3574 2063 3645 inpune
2119 3572 2366 3645 profecto
2424 3590 2612 3647 peccas
2669 3576 2760 3646 qui

471 3659 621 3729 prior
675 3658 730 3713 in
786 3675 908 3714 eum
965 3658 1148 3729 (immo
1203 3659 1255 3713 in
1311 3674 1432 3712 eum
1491 3659 1583 3730 qui
1643 3656 1812 3730 prior)
1869 3659 2171 3730 peccauerit
2222 3658 2270 3711 Τ
2315 3659 2531 3730 impune
2576 3667 2764 3731 peccat

470 3757 592 3796 cum
652 3744 772 3814 quis
828 3751 1013 3816 peccat
1068 3743 1241 3797 rarior
1297 3743 1635 3809 Febr-ictuc,
1692 3743 1868 3797 carior
1923 3749 2025 3797 aut
2080 3743 2251 3796 rarius
2309 3743 2593 3798 Erasmus

471 3824 594 3883 243
641 3825 731 3898 Cf.
776 3828 899 3884 309
1072 3825 1319 3882 omnibns
1367 3828 1574 3882 miseris
1607 3827 1843 3900 Inyolst.
1890 3827 2099 3881 miseris
2144 3825 2392 3881 omnibus
2434 3824 2538 3901 Ιῑβ,
2604 3827 2760 3883 Vinc.

472 3911 646 3966 missis
703 3910 949 3968 omnibus
996 3911 1041 3968 0
1290 3913 1538 3984 ingratus
1597 3913 1686 3966 uui
1745 3908 1992 3967 oninibus
2046 3911 2296 3966 miserior
2350 3911 2666 3984 ingratescit
2717 3911 2767 3966 T

641 3994 765 4050 244
809 3998 864 4051 in
895 3997 1075 4051 miseri
1117 3996 1280 4050 uitam
1326 4004 1439 4051 tuta
1484 3996 1785 4052 Halmius.-
1830 3992 1912 4065 cf.
1944 3991 2065 4048 277
2111 3995 2165 4047 in
2213 3995 2404 4049 misera
2449 3996 2559 4050 uita
2603 3997 2760 4050 etiam

468 4079 527 4134 F
563 4080 618 4133 in
663 4081 877 4135 miseria
932 4082 1042 4135 uita
1089 4080 1191 4134 PR
1247 4081 1304 4135 in
1360 4081 1551 4135 misera
1595 4082 1707 4135 uita
1752 4077 1808 4131 B
1862 4079 1918 4131 iu
1973 4077 2157 4133 miseri
2213 4080 2320 4134 uita
2365 4076 2400 4153 β
2459 4080 2512 4133 in
2568 4081 2764 4136 misero

470 4165 579 4218 uita
636 4172 722 4219 est
777 4165 936 4220 etiam
984 4164 1229 4221 Bothius
1284 4166 1339 4219 in
1393 4166 1574 4221 miseri
1627 4166 1737 4220 uita
1783 4162 1898 4215 uita
1954 4178 2085 4218 cum
2132 4167 2320 4220 amico
2365 4163 2598 4218 Gruter-i
2640 4166 2767 4220 olim

471 4249 622 4304 edidi
661 4250 716 4303 in
760 4250 940 4303 miseri
987 4250 1095 4304 uita
1140 4249 1309 4305 inulta
1341 4249 1627 4309 Gruterus
1667 4251 1723 4305 in
1773 4246 1988 4303 miseria
2028 4247 2207 4304 etiam
2250 4250 2362 4306 uita
2408 4247 2774 4321 Woelfflinus
