3400 5075
644 348 766 410 164
1133 350 1197 399 Τ.
1235 347 1631 411 QVINOTIVS
1672 349 1865 398 ATTA
1971 348 2036 398 1..
2075 347 2438 400 AFRANIVS

1737 503 1832 568 IV

686 623 770 686 23
1861 625 1999 684 tum
2048 620 2391 705 germaniis
2438 642 2615 684 meas

827 736 1118 821 Vespera
1146 737 1394 802 oriente
1424 736 1787 800 clanculum
1832 736 1985 800 ferri
2025 736 2104 800 aid
2152 757 2437 821 specum:
2483 736 2632 801 inde
2678 737 2825 802 leno
2854 775 2942 783 —

1690 851 1752 915 V
1803 849 1905 937 (3)

817 967 1048 1032 Festus
1105 991 1164 1052 p.
1222 969 1350 1033 238
1398 967 1485 1032 Μ.
1542 968 1786 1051 ‘pueri
1844 964 2234 1053 im[puberes
2291 1018 2305 1032 .
2363 1018 2942 1033 ..........

644 1133 1030 1148 .......
1086 1082 1566 1148 utiturAtta.
1625 1133 1638 1147 .
1989 1085 2937 1166 ..........]ue1·sibus

642 1199 830 1263 docet
877 1249 1199 1264 ......
1207 1203 1222 1228 ’
1320 1197 1415 1264 Of.
1463 1199 1674 1264 Varro
1723 1199 1892 1283 apud
1935 1197 2361 1264 Censorinum
2410 1199 2486 1264 de
2535 1199 2635 1262 die
2675 1205 2805 1264 nat.
2844 1202 2940 1264 14.

1311 1503 1404 1587 L.
1485 1501 2257 1589 AFRANIVS

1581 1706 2003 1775 ABDVCTA

1699 1825 1733 1889 Ι
1815 1827 1845 1889 1

818 1939 1026 2017 Quam
1071 1940 1395 2006 senticosa
1438 1942 1640 2006 uerba
1684 1822 2063 2024 peitgrquet
2108 1992 2123 2006 .
2169 1991 2183 2006 .

1682 2055 1750 2120 II
1797 2053 1896 2143 (3)

814 2171 1303 2257 Dispiirtiantur
1352 2169 1469 2260 [uit]
1519 2173 1723 2257 patris
1770 2173 2012 2257 pariter
2057 2172 2248 2238 bona.

776 2366 852 2417 IV
888 2367 1098 2418 Nonius
1123 2369 1241 2429 231,
1267 2369 1329 2418 21
1364 2357 1674 2433 ‘uespera
1699 2367 1983 2418 feminino,
2047 2368 2380 2432 Optatam
2408 2371 2723 2432 germanus’
2751 2383 2798 2418 e.
2821 2384 2871 2432 q.
2894 2383 2940 2418 ε.

641 2435 827 2490 (Atta
875 2434 1157 2486 Mer-cerus
1193 2404 1454 2519 O’ppius
1490 2437 1680 2486 Iunius
1717 2434 2073 2502 Turpilius
2121 2437 2368 2485 Dotata
2406 2435 2659 2501 Scaliger
2694 2433 2845 2486 Coni.
2880 2436 2937 2484 in

641 2501 1013 2621 Vaertigigtim
1050 2571 1311 2622 iudicium
1350 2577 1436 2623 est
1472 2572 1538 2623 de
1575 2571 1696 2624 loco
1726 2572 1891 2623 Nonii
1927 2588 1980 2637 p.
2008 2574 2135 2629 202,
2163 2564 2285 2622 28*
2293 2572 2518 2622 crines
2557 2587 2760 2637 genere
2799 2586 2939 2622 mas·

640 2637 823 2688 culino
851 2639 1149 2703 Virgilius.
1223 2640 1528 2691 ‚feminino
1554 2640 1790 2692 Plautus
1815 2638 2158 2690 Mustellaria
2187 2636 2353 2705 [226].
2393 2640 2696 2704 gerundum
2733 2654 2935 2689 morem
3040 2702 3046 2706 ᾖ

642 2720 843 2756 censeo
871 2712 929 2756 et
967 2708 1268 2771 capiundas
1306 2709 1534 2758 crines
1573 2709 1721 2760 tibi.
1796 2708 1960 2757 Atta
1995 2708 2054 2757 in
2080 2708 2602 2772 epigrammatibus.
2640 2714 2937 2771 praeterea

637 2780 699 2823 tu
746 2775 825 2822 sis
871 2773 1126 2825 desoluta
1171 2777 1323 2825 crine
1372 2776 1651 2842 capillus)
1734 2776 1978 2827 crines.
2020 2774 2342 2825 Tibullus
2390 2772 2455 2839 (s.
2505 2772 2743 2837 Cinna)
2790 2775 2935 2825 coni.

639 2841 921 2891 Mer-cerus
969 2843 1211 2893 crines.
1269 2844 1430 2893 Atta
1467 2842 1822 2894 ..Cinna
1859 2842 2251 2905 Quicheratius
2299 2846 2485 2893 Atta:
2536 2842 2761 2892 crines
2808 2843 2936 2891 tibi

725 2908 1008 2959 ‚Caluus
1054 2907 1119 2975 (8.
1157 2909 1300 2961 alius
1355 2909 1543 2976 poeta)
1579 2911 1958 2963 Buechelerus
2031 2912 2039 2919 '
2115 2909 2458 2961 versiculum
2507 2910 2645 2960 duce
2689 2910 2936 2960 Mer-cero

636 2977 917 3042 Hauptius
951 2978 1135 3028 Herm.
1171 2978 1252 3027 111
1289 2981 1383 3030 341
1436 2980 1703 3030 correxit.
1751 2984 2070 3045 ‘praeterea
2109 2979 2250 3028 fusis
2288 2978 2533 3028 resoluta
2574 2978 2719 3027 crine
2759 2976 2935 3043 capil-

637 3045 747 3106 lis',
786 3043 851 3094 de
890 3045 1379 3110 epigrammatibus
1414 3047 1583 3098 Attae
1621 3063 1733 3098 non
1768 3047 2059 3107 dubitans,
2097 3051 2157 3095 ut
2190 3045 2423 3096 uidetur.

771 3114 991 3162 Arum
1028 3115 1297 3164 Annvc‘u
1371 3115 1391 3164 1
1431 3115 1633 3165 Festus
1669 3131 1721 3180 p.
1757 3118 1858 3166 339
1883 3115 1953 3164 Μ.
1983 3108 2253 3163 sentes
2288 3129 2407 3163 cum
2436 3117 2655 3163 constet
2680 3127 2799 3163 esse
2822 3113 2930 3177 spi-

637 3196 765 3241 nas,
806 3186 862 3229 et
896 3181 1160 3232 Afranius
1198 3183 1254 3231 in
1293 3182 1542 3232 Abducta
1577 3182 1803 3233 dixerit:
1844 3197 2002 3261 quam
2042 3171 2339 3231 senticosa'
2375 3198 2424 3232 e.
2461 3197 2513 3246 q.
2553 3197 2596 3231 s.
2668 3185 2789 3245 ‘pro
2827 3181 2935 3245 spi·

637 3250 787 3299 nosis
826 3249 1006 3329 accipi
1042 3247 1246 3299 debet!
1319 3249 1526 3300 Paulus
1566 3267 1619 3315 p.
1658 3253 1758 3301 338
1794 3250 1866 3299 Μ.
1899 3241 2110 3300 sentes
2147 3250 2350 3312 spinae.
2420 3249 2710 3300 Afranius.
2749 3252 2933 3366 quam'

638 3332 684 3365 e.
727 3334 778 3383 q.
817 3331 860 3366 s.
895 3310 1024 3365 hoc
1064 3323 1150 3367 est
1187 3310 1447 3382 spinosa?
1621 3317 1676 3366 11
1715 3318 1923 3368 Nonius
1959 3313 2184 3373 375.1
2199 3318 2492 3383 pariter,
2533 3332 2600 3366 ex
2636 3331 2850 3381 aequo.

807 3494 886 3553 23
943 3512 1224 3571 germanas
1270 3496 1477 3553 Iunius
1532 3513 1821 3569 germanus
1876 3497 2011 3552 libri
2064 3513 2251 3552 manus
2298 3496 2561 3570 Scaliqer
2732 3495 2809 3552 24
2870 3495 2931 3550 ad

635 3598 883 3655 specum:
930 3581 1053 3636 inde
1083 3580 1209 3637 leno
1242 3584 1456 3652 scripsi
1481 3581 1814 3653 inperfecta
1858 3585 2142 3637 sententia
2190 3579 2251 3636 ad
2298 3581 2529 3654 speciem
2577 3580 2757 3636 delino
2801 3581 2939 3637 libri

640 3664 701 3720 ml
749 3682 968 3739 specum
1016 3665 1229 3721 destino
1276 3666 1481 3723 Iunius
1524 3670 1582 3722 in
1627 3684 1735 3739 my.
1784 3665 1847 3720 ad
1895 3666 2125 3739 speciem
2172 3664 2383 3721 declino
2431 3665 2695 3739 Scaliyer

810 3750 841 3804 1
890 3751 1161 3806 senticose
1196 3749 1571 3807 Her-mannus
1599 3754 1639 3806 l.
1672 3752 1713 3806 1.
1747 3750 1868 3807 278
2040 3757 2365 3823 pertorquet
2411 3748 2565 3805 turba
2607 3751 2769 3806 Festi
2810 3751 2934 3806 cod.

638 3841 693 3890 et
750 3835 974 3892 Paulus
1017 3852 1071 3909 p.
1119 3834 1241 3908 lupa
1299 3836 1655 3907 Auyustinus
1699 3853 1753 3908 p.
1802 3844 1924 3891 truo
1973 3835 2304 3891 Gulielmius
2366 3834 2619 3891 Veris-im.
2669 3834 2703 3891 1
2746 3834 2782 3891 9
2833 3832 2931 3907 (cs.

639 3918 849 3975 Caecil.
882 3918 1026 3991 270)
1070 3936 1126 3993 p.
1174 3919 1298 3975 tuba
1349 3920 1590 3977 Bothius
1633 3938 1686 3993 p.
1738 3928 1828 3975 tua
1862 3919 2257 3975 Hei-mannus.
2350 3919 2467 3975 Sed
2507 3921 2736 3976 uidetur
2780 3917 2932 3974 turba

636 4006 1028 4061 antecedentis
1074 4003 1236 4059 uerba
1294 4005 1681 4078 diltoyraphia
1730 4020 1874 4061 esse.
1980 4004 2297 4061 Cone-ludat
2351 4008 2644 4060 senarium
2700 4020 2794 4059 sua
2841 4004 2935 4059 uel

634 4105 773 4163 puer
828 4092 922 4145 uel
976 4098 1302 4163 pertorques
1361 4098 1449 4143 lua
1668 4088 1704 4143 2
1752 4098 1811 4145 ιιι
1867 4091 2035 4163 patris
2094 4091 2298 4163 pariter
2355 4105 2483 4145 cum
2529 4088 2738 4145 Bothio
2785 4087 2821 4143 2
2881 4094 2934 4142 et

637 4175 1001 4230 Buecheler-o
1032 4190 1188 4231 nunc
1219 4177 1435 4246 scripsi
1477 4173 1611 4245 (nisi
1650 4176 1806 4248 quod
1832 4178 1928 4231 ille
1959 4180 2090 4246 post
2118 4173 2506 4247 dispertiantur
2533 4176 2715 4229 inseri
2756 4173 2935 4229 uoluit

638 4267 784 4329 tum,
829 4259 920 4314 hic
968 4258 1080 4330 his,
1127 4265 1182 4314 et
1227 4264 1419 4316 conici
1460 4260 1577 4315 alia
1616 4267 1894 4330 possunt,
1943 4275 1989 4314 e.
2037 4276 2087 4314 c.
2136 4259 2188 4313 ni
2234 4262 2327 4316 uel
2372 4275 2438 4314 ne
2482 4261 2575 4315 uel
2620 4259 2662 4312 si
2711 4261 2804 4315 uel
2833 4255 2935 4311 sibi

635 4345 731 4399 uel
775 4341 897 4398 iube
943 4346 1036 4399 uel
1081 4342 1231 4415 uolo)
1276 4346 1444 4417 patris
1497 4345 1634 4400 libri
1684 4342 1928 4417 pariliter
1971 4341 2139 4416 patris
2185 4342 2428 4401 Botleius
2474 4344 2501 4398 1
2550 4343 2751 4416 pariter
2796 4343 2934 4397 inter
