3400 5075
663 299 790 365 354
1295 303 1624 356 PVBLILII
1662 305 1828 357 SYRI
1864 303 2321 359 SENTENTIAE

841 459 1027 536 Quod
1073 461 1298 547 fugere
1345 461 1596 545 credaS,
1643 463 1849 546 saepe¹
1882 463 2047 527 solet
2093 467 2439 527 occurrere.
2853 486 2958 535 434

837 574 1148 651 Quamuis
1195 577 1519 662 acerbust‚
1565 575 1682 661 qui
1726 581 1951 642 monet
1994 576 2165 642 nulli
2206 582 2416 643 nocet.
2856 602 2958 650 708

835 691 1144 777 Ratione,
1189 715 1324 757 non
1372 693 1440 757 ui
1487 690 1809 756 uincenda
1855 693 2293 758 adulescentia
2339 698 2454 758 est.
2850 717 2955 764 445

666 806 797 870 570
843 806 964 870 Rei
1007 808 1169 872 milli
1216 808 1481 892 prodest
1527 809 1713 874 mora
1756 809 1883 872 nisi
1929 809 2317 874 iracundiae.
2852 832 2954 879 447

838 923 1012 987 Reus
1059 920 1372 989 innocens
1419 925 1779 1008 fortunam,
1824 946 1959 989 non
2004 927 2236 990 testem
2283 926 2484 989 timet.
2850 947 2953 995 452

832 1037 1079 1102 Rarum
1127 1041 1265 1103 esse
1312 1044 1572 1124 oportet
1616 1039 1788 1123 quod
1836 1040 1945 1104 diu
1993 1046 2213 1105 carum
2260 1041 2485 1106 uelis*
2850 1063 2953 1110 444

833 1153 1085 1237 Rapere
1131 1157 1230 1218 est
1274 1156 1562 1240 accipere
1609 1155 1783 1239 quod
1828 1177 1963 1220 non
2008 1156 2219 1240 possis
2266 1157 2545 1220 reddere.

836 1268 1125 1354 Regnat,
1170 1291 1304 1334 non
1350 1270 1599 1356 regitur
1644 1268 1762 1356 qui
1806 1272 1897 1335 nil
1944 1272 2071 1335 nisi
2118 1272 2291 1356 quod
2338 1273 2480 1336 uult
2526 1272 2700 1336 facit.
2847 1294 2950 1342 446

654 1384 785 1449 575
831 1383 1251 1449 Riualitatem
1298 1387 1432 1451 non
1480 1392 1657 1451 amat
1702 1388 1993 1452 uictoria.
2848 1411 2948 1458 453

830 1501 1160 1567 Ruborem
1206 1503 1411 1568 amico
1459 1506 1753 1568 excutere
1801 1503 2077 1567 amicum
2125 1507 2224 1567 est
2267 1504 2547 1588 perdere.
2846 1527 2947 1574 454

829 1617 967 1682 Rex
1015 1619 1153 1682 esse
1199 1619 1428 1704 nolim,
1475 1621 1549 1683 ut
1594 1621 1733 1683 esse
1779 1616 2057 1682 crudelis
2104 1619 2316 1684 uelim,
2846 1642 2946 1689 734

831 1732 962 1797 Res
1009 1731 1254 1818 quanto
1302 1737 1401 1798 est
1448 1735 1677 1819 maior,
1723 1736 1909 1799 tanto
1957 1738 2058 1798 est
2101 1734 2487 1800 insidiosior.
2845 1757 2943 1803 451

834 1847 1123 1934 Roganti
1170 1850 1397 1913 melius
1445 1872 1638 1935 quam
1684 1848 2033 1934 imperanki
2078 1851 2326 1934 pareas.
2847 1872 2948 1919 735

653 1963 784 2052 580
830 1961 1176 2048 Respicere
1222 1965 1315 2028 nil
1363 1966 1702 2030 consueuit
1747 1965 2096 2030 iracundia.
2846 1987 2947 2034 450

825 2078 1078 2164 Rapere
1125 2080 1250 2165 est,
1294 2103 1430 2145 non
1474 2084 1692 2165 pekere
1741 2078 2042 2165 quicquid
2090 2081 2298 2146 inuilzo
2346 2082 2618 2145 auferas,

828 2194 1206 2260 Remedium
1254 2196 1497 2260 fruskra
1542 2200 1642 2260 est
1687 2198 1916 2260 contra
1961 2197 2207 2262 fulmen
2255 2197 2622 2282 quaerere*
2841 2218 2942 2266 448

824 2310 1083 2397 Rogare
1130 2312 1512 2376 beneficium
1560 2313 1839 2377 seruitus
1885 2312 2357 2396 quodammodo
2406 2316 2521 2377 est.

827 2423 1092 2512 Semper
1137 2428 1283 2511 plus
1331 2429 1533 2494 iratus
1580 2450 1720 2493 sese
1766 2429 1984 2513 p6sse‚
2031 2450 2224 2513 quam
2269 2426 2506 2513 possit,
2550 2431 2755 2512 putat.
2840 2447 2939 2495 744

648 2620 1001 2673 EXEMPLA

782 2709 882 2757 570
918 2706 1003 2756 cf.
1028 2708 1320 2758 Menandri
1356 2710 1681 2759 monostich.
1708 2712 1775 2760 60
1812 2702 2032 2776 βραδύς
2057 2701 2198 2774 πρὸς
2235 2699 2414 2776 ὀργὴν
2440 2702 2716 2777 ἐγκρατὴς
2742 2705 2943 2775 φέρειν

645 2772 834 2839 γενοῦ.
972 2777 1072 2825 572
1109 2776 1320 2827 Seneca
1358 2776 1426 2826 de
1462 2778 1643 2835 benef.
1679 2779 1705 2827 1
1744 2781 1825 2840 14,
1856 2784 1878 2828 1
1921 2778 2089 2842 ‘quod
2126 2777 2281 2831 uoles
2317 2783 2535 2843 gratum
2572 2794 2722 2840 esse,
2762 2793 2942 2829 rarum

645 2841 849 2893 effice.’
1054 2844 1154 2895 578
1191 2844 1279 2899 cf.
1325 2844 1605 2895 Caecilius
1648 2845 1860 2896 Balbus
1908 2846 2121 2895 Monac.
2170 2849 2263 2909 10,
2303 2849 2327 2895 1
2379 2863 2427 2912 p.
2465 2848 2558 2896 22:
2608 2845 2943 2896 ‘Simonides

642 2909 1022 2975 interrogatus
1068 2927 1100 2960 a
1148 2911 1408 2977 quodam,
1457 2913 1909 2978 quemadmodum
1958 2914 2176 2964 inuidos
2222 2929 2331 2963 non
2378 2914 2640 2976 haberet,
2689 2914 2737 2963 si
2785 2914 2943 2975 nihil,

645 2974 849 3043 inquit,
889 2994 955 3028 ex
981 2981 1195 3044 magnis
1221 2982 1385 3031 rebus
1410 2981 1668 3032 habueris
1696 2986 1793 3032 aut
1819 2981 1954 3031 nihil
1982 2981 2217 3032 feliciter
2253 2982 2525 3046 gesseris!
2666 2983 2767 3031 580
2804 2980 2943 3031 Cae-

648 3045 810 3096 cilius
849 3046 1058 3098 Balbus
1094 3047 1312 3101 Monac.
1350 3052 1399 3113 7,
1436 3052 1469 3099 4
1507 3066 1555 3115 p.
1591 3052 1655 3100 21

809 3226 932 3284 568
977 3226 1229 3283 acerbust
1282 3229 1499 3300 scripsi
1552 3228 1777 3284 acerbus
1822 3229 2059 3303 Inyolst.
2118 3226 2343 3283 acerbus
2402 3234 2487 3284 est
2545 3227 2602 3281 F
2809 3225 2930 3283 569

641 3309 1002 3367 adolescentia
1048 3321 1132 3368 est
1164 3312 1402 3385 Inqolst.
1451 3321 1535 3369 est
1579 3313 1940 3369 adolescentia
1991 3314 2043 3368 F
2206 3313 2332 3370 570
2377 3310 2467 3384 Cf.
2513 3311 2634 3369 311
2812 3310 2933 3368 572

641 3394 730 3467 Cf.
778 3396 896 3453 511
1075 3397 1197 3453 573
1244 3399 1324 3454 ad
1366 3397 1485 3454 172
1544 3400 1675 3455 olim
1732 3400 2054 3470 adscripsi.-
2104 3397 2186 3469 cf.
2235 3396 2355 3454 581
2532 3395 2656 3453 574
2704 3397 2934 3469 regitur,

640 3488 702 3534 ut
747 3483 873 3537 olim
930 3482 1107 3547 edidi,
1156 3485 1325 3539 etiam
1371 3482 1795 3543 Froelztichius.
1853 3482 2096 3556 loquitur
2140 3482 2198 3538 F
2236 3483 2487 3555 sequitur
2531 3484 2662 3538 olim
2719 3483 2943 3537 conieci

809 3564 883 3620 nil
931 3566 1219 3623 Gruterus
1261 3567 1394 3622 nihil
1452 3568 1509 3623 F
1687 3568 1809 3625 576
1858 3567 1948 3639 Cf.
1995 3566 2119 3623 455
2290 3567 2533 3623 incutere
2585 3566 2635 3620 T
2814 3563 2936 3621 577

639 3648 826 3704 nollim
873 3649 930 3704 F
1091 3667 1212 3707 esse
1258 3651 1493 3707 crudelis
1526 3653 1764 3726 Inyotst.
1812 3651 2044 3707 crudelis
2087 3667 2207 3706 esse
2239 3651 2296 3705 F
2459 3650 2582 3708 578
2628 3650 2941 3705 insidiosior

640 3734 763 3805 FT,
821 3734 1059 3806 defendi
1103 3743 1314 3807 potest,
1362 3740 1414 3791 si
1455 3736 1697 3794 ‘insidiis
1740 3741 1922 3810 mayis
1966 3734 2257 3809 exposita’
2302 3737 2727 3808 interpreteris.
2804 3734 2939 3789 inui-

639 3816 846 3874 diosior
893 3820 1167 3876 Botlu'us:
1224 3821 1306 3893 cf.
1354 3820 1522 3878 Caes.
1712 3820 1837 3878 580
1879 3820 1955 3876 nil
2001 3821 2265 3894 Inyolst„
2325 3820 2494 3877 Caec.
2542 3818 2673 3875 nihil
2719 3820 2775 3875 F

639 3900 761 3959 581
811 3905 890 3960 ad
936 3903 1053 3960 172
1101 3907 1230 3961 olim
1277 3907 1569 3978 adscripsi
1782 3904 1904 3962 582
1950 3906 2233 3980 remigium
2289 3908 2437 3962 coni.
2485 3904 2771 3961 Gruterus

641 3987 842 4044 frustra
889 3997 972 4045 est
1018 3989 1306 4047 Gruterus
1352 3990 1496 4046 fraus
1540 3999 1624 4047 est
1672 3990 1727 4045 F
1763 3988 1848 4063 (ut
1896 3989 2038 4061 172)
2170 3989 2371 4047 fulmen
2406 3989 2706 4046 Bentleius
2737 3987 2936 4043 flumen

641 4071 698 4126 F
861 4072 985 4130 583
1044 4079 1272 4131 uncinis
1330 4076 1704 4148 Woelfflinus
1759 4077 2016 4142 inclusit,
2074 4076 2180 4131 sed
2231 4082 2398 4132 extat
2450 4078 2511 4131 in
2555 4074 2637 4139 F,·
2696 4075 2775 4130 ad
2814 4072 2940 4130 490

640 4160 768 4214 olim
814 4159 1109 4231 adscripsi
1118 4184 1134 4214 .·
1179 4160 1262 4233 cf.
1293 4158 1374 4216 48
1505 4156 1852 4234 beneficium]
1900 4161 2139 4234 ingenuo
2174 4159 2461 4217 Gruterus
2490 4173 2570 4215 ex
2601 4162 2938 4216 coniectura

808 4241 931 4299 584
978 4259 1057 4299 ex
1102 4246 1427 4318 Woelfflini
1455 4247 1793 4302 coniectura
1841 4246 1988 4301 dedi.
2034 4260 2248 4318 semper
2291 4246 2457 4301 iratus
2504 4243 2626 4318 plus
2671 4261 2731 4300 se
2774 4258 2939 4316 posse

637 4334 810 4400 putat.
857 4344 1016 4401 quam
1062 4330 1256 4403 possit.
1289 4330 1347 4384 F
1385 4346 1444 4385 se
1489 4346 1654 4404 posse
1695 4329 1819 4404 plus
1852 4331 2019 4384 iratus
2062 4345 2219 4402 quarn
2262 4330 2437 4402 possit
2480 4336 2635 4402 putat
2664 4328 2940 4384 Pithoeus
