3400 5075
641 314 821 368 XXIV
1519 310 2050 366 COROLLARIVM

819 475 894 540 V.
941 477 1061 538 124
1110 476 1176 538 in
1214 476 1340 538 fine
1378 474 1779 538 Bothianum
1817 476 2052 555 perduc
2091 470 2290 556 plane
2321 474 2755 538 intolerabile:
2803 496 2930 538 me-

643 582 769 644 lius
819 582 1179 644 sententiae
1227 581 1388 644 satis
1436 582 1570 663 fiat,
1617 581 1672 643 si
1723 581 2070 644 scribatur:

730 710 834 770 eye
867 688 1148 769 pe‘rduo
1194 685 1279 770 (s.
1316 685 1716 772 pei-duam)
1785 692 1862 770 te,
1906 690 2014 769 qui
2060 709 2266 753 omnes
2310 709 2513 753 servos
2546 690 2847 769 perdidi

893 884 1008 946 73.
2038 792 2115 878 (s.
2152 796 2451 876 perdito
2498 791 2793 878 audebis)

720 906 889 965 popu
914 906 955 945 a
988 905 1071 946 em

642 991 829 1074 quale
878 990 986 1073 qui
1037 990 1318 1053 minatus
1367 992 1531 1071 erat,
1587 990 2032 1054 misericordia
2093 991 2369 1073 quadam
2420 995 2783 1055 commotus
2832 1013 2933 1055 ro·
2977 1003 2986 1013 “

645 1119 799 1182 gare
846 1097 1079 1179 potuit,
1127 1100 1198 1159 ut
1244 1100 1501 1159 caveret
1548 1097 1731 1174 alter,
1778 1119 1857 1159 ne
1905 1098 1970 1160 in
2019 1098 2226 1160 fatum
2274 1098 2456 1181 quasi
2507 1098 2675 1161 ultro
2728 1098 2936 1160 incur-

644 1209 830 1267 reret.
931 1225 1133 1285 neque
1209 1203 1378 1265 enim
1456 1202 1765 1265 refutavit
1830 1201 2187 1266 Corssenus
2263 1203 2339 1265 de
2416 1204 2770 1267 vocalismo
2838 1203 2938 1266 11²

643 1313 774 1374 402
814 1333 948 1393 sqq.
998 1309 1412 1391 Rudolphum
1455 1308 1871 1391 Schoellium,
1920 1309 2025 1391 qui
2075 1308 2141 1371 in
2190 1309 2358 1372 libro
2407 1309 2484 1373 de
2522 1310 2646 1374 XII
2696 1311 2938 1374 tabulis

645 1441 704 1501 p.
753 1419 829 1481 81
887 1439 1020 1499 sqq.
1078 1417 1549 1481 demonstravit
1604 1416 1806 1479 futuri
1865 1416 2125 1479 secundi
2185 1416 2515 1480 notionem
2577 1417 2657 1479 in'
2706 1418 2935 1481 formis

648 1525 777 1588 illis
826 1524 1153 1587 concredito
1190 1525 1469 1587 interduo
1507 1524 1709 1586 adduc
1744 1524 2024 1604 prodais,
2073 1522 2396 1586 similibus
2435 1523 2670 1607 inesse3
2712 1546 2931 1607 quam-

643 1653 837 1715 quam
887 1630 1277 1713 glossarium
1327 1632 1513 1693 vetus
1544 1628 1677 1693 Mai
1711 1629 1802 1692 VI
1833 1630 1955 1693 521
2009 1652 2315 1712 praesens
2364 1630 2686 1713 agnoscit:
2722 1628 2935 1693 ‘dunt'

647 1736 794 1823 (scr.
841 1734 1087 1823 (luunt),
1135 1736 1323 1800 ‘dant
1367 1734 1705 1799 tribuunt?

830 1864 953 1926 128
1002 1860 1419 1944 Pyrrichicae
1457 1883 1796 1923 mensurae
1836 1860 1903 1923 in
1943 1860 2172 1923 vocula
2207 1862 2397 1924 immo
2443 1862 2632 1927 initio
2681 1863 2936 1946 quidem

648 1992 867 2033 versus
934 1968 1254 2031 admissae
1321 1970 1496 2030 certa
1562 1968 1859 2049 exempla
1931 1967 2092 2031 haec
2158 1971 2415 2033 secutus
2483 1992 2652 2033 sum:
2720 1970 2938 2033 Plauti

646 2078 841 2141 Merc.
893 2077 1016 2139 737
1069 2075 1302 2137 ‘immo
1363 2072 1454 2136 sic
1512 2078 1845 2156 sequestro
1904 2073 2063 2137 mihi
2113 2073 2388 2156 datast',
2435 2075 2575 2145 Ter.
2623 2076 2759 2140 hec.
2807 2078 2933 2143 437

646 2183 877 2247 ‘immo
909 2180 1079 2264 quod
1108 2179 1414 2243 constitui
1448 2202 1550 2242 me
1579 2179 1770 2243 hodie
1802 2183 2265 2244 conventurum
2298 2180 2495 2264 eum',
2548 2183 2674 2246 726
2706 2182 2937 2248 ‘immo

649 2291 801 2353 vero
859 2288 995 2369 abi,
1058 2286 1342 2369 aliquam
1405 2308 1603 2368 puero
1663 2287 1981 2350 nutricem
2039 2286 2258 2368 para',
2320 2289 2446 2352 877
2498 2287 2729 2353 ‘immo
2788 2292 2937 2353 vero

649 2396 812 2478 sci0,
870 2416 1076 2477 neque
1139 2392 1261 2455 hoc
1323 2392 1673 2474 inprudens
1733 2391 1913 2474 feci',
1988 2393 2246 2456 Phorm.
2303 2395 2433 2458 936
2495 2386 2727 2460 ‘immo
2790 2399 2938 2460 vero

648 2525 913 2568 uxorem
953 2506 1022 2565 tu
1064 2497 1263 2564 cedo?
1322 2521 1439 2563 nec
1479 2499 1706 2564 dubito
1746 2500 1901 2584 quin
1950 2499 2148 2564 etiam
2194 2505 2347 2583 post
2383 2502 2751 2567 institutam
2791 2526 2936 2568 con-

649 2611 1019 2675 sonantium
1076 2607 1586 2692 geminationem
1643 2606 1748 2670 his
1809 2607 2256 2691 similibusque
2313 2609 2474 2672 locis
2541 2612 2665 2674 imo
2729 2611 2926 2694 scrip·

650 2722 788 2781 tum
838 2716 1052 2780 tfueri.

833 2822 973 2885 130.
1030 2821 1443 2884 Probabilem
1500 2820 1889 2885 sententiam
1945 2822 2132 2886 video
2191 2822 2284 2886 sic
2338 2823 2597 2887 demum
2653 2823 2827 2904 elici,
2882 2824 2937 2887 si

648 2928 1118 2990 faeneratorem
1168 2927 1543 2991 adulescens
1586 2927 1830 2991 frustra
1868 2933 2208 3012 argentum
2256 2931 2339 2993 ab
2380 2953 2455 2994 eo
2503 2930 2784 2994 mutuari
2832 2952 2933 2996 co-

648 3038 840 3099 natus
888 3034 1291 3117 interrogare
1338 3036 1688 3097 statuatur:

1502 3139 1711 3202 satine
1757 3140 1911 3203 huic
1958 3141 2188 3224 ordini,

1076 3247 1198 3309 etsi
1245 3246 1409 3310 nihil
1460 3267 1563 3328 eqo
1608 3249 1719 3329 eye,
1767 3247 2062 3330 quaesti?

650 3355 816 3419 unde
872 3353 984 3416 ille
1040 3357 1175 3417 tam
1234 3354 1618 3417 insolentem
1667 3353 1745 3420 de
1792 3354 2368 3438 quaestuosissimo
2424 3356 2687 3438 negotio
2748 3379 2938 3439 quae·

650 3462 928 3525 stionem
976 3460 1251 3523 miratus
1292 3464 1357 3523 et
1401 3464 1735 3543 tamquam
1785 3464 2158 3544 stupescens
2197 3461 2433 3543 repetit
2478 3462 2937 3547 interrogando

648 3567 930 3650 quaesti?
979 3567 1355 3631 adulescens
1386 3570 1601 3632 autem
1642 3566 2016 3651 significans
2048 3567 2314 3650 scilicet,
2361 3568 2619 3632 aliunde
2649 3592 2717 3632 se
2755 3569 2940 3634 fenus

651 3677 1061 3758 sumpturum
1109 3696 1249 3737 esse
1299 3674 1668 3757 respondet,
1715 3675 1864 3754 quia
1906 3679 2054 3737 sunt
2095 3675 2327 3738 aemuli
2380 3676 2749 3760 conplures,
2795 3677 2939 3741 ideo

652 3806 720 3845 se
759 3781 1176 3846 dubitavisse.
1230 3783 1399 3846 satin
1430 3781 1542 3846 hoc
1578 3780 1822 3845 ordivi?
1869 3781 1981 3845 etsi
2017 3778 2177 3844 nihil
2212 3783 2307 3863 eyc'
2341 3773 2592 3862 quaesti,
2629 3784 2781 3865 quia
2807 3804 2855 3848 s.
2882 3806 2940 3848 a.

652 3887 1104 3964 Quicheratius
1154 3888 1370 3952 edidit.

834 3996 958 4059 132
1004 3994 1404 4059 Notissimus
1454 3995 1770 4058 currentis
1820 3994 1988 4058 servi
2038 3993 2330 4078 habitus,
2375 3995 2452 4059 de
2500 4019 2626 4080 quo
2668 3997 2939 4061 Plautus

652 4101 838 4185 Capt.
889 4102 1015 4164 774
1064 4100 1319 4164 ‘eodem
1367 4105 1558 4184 pacto
1606 4106 1679 4164 ut
1726 4101 1958 4165 comici
2006 4102 2177 4165 servi
2225 4103 2462 4185 solent,
2509 4102 2827 4168 Coniciam
2871 4104 2942 4166 in

650 4208 871 4273 collum
895 4207 1186 4287 pallium,
1225 4207 1435 4289 primo
1476 4228 1551 4269 ex
1590 4208 1736 4270 med
1773 4207 1941 4272 hanc
1979 4211 2052 4271 ut
2090 4231 2225 4273 rem
2265 4208 2542 4291 audiat’3
2590 4208 2779 4290 Epid.
2816 4208 2938 4271 168
3041 4287 3045 4294 ι

652 4312 804 4398 ‘age
840 4317 1012 4377 minc
1050 4313 1181 4377 iam
1221 4335 1381 4377 orna
1416 4315 1499 4397 te,
1546 4312 1837 4398 Epidice,
1884 4318 1950 4378 et
1981 4316 2315 4397 palliolum
2350 4318 2420 4381 in
2464 4314 2688 4380 collum
2723 4314 2939 4397 conice,
