3400 5075
637 323 915 382 CXXVIII
1536 324 1634 380 AD
1674 323 2033 381 TRAGICOS

813 489 946 554 575
999 488 1192 569 suffla
1247 487 1416 551 idem
1477 511 1536 571 p.
1584 488 1743 572 659,
1811 488 1922 551 sed
1978 511 2110 551 non
2163 487 2669 554 oblitterandum
2722 511 2939 575 suppa,

637 595 811 681 quod
857 595 1310 660 Lachmannus
1359 617 1610 679 quoque
1660 593 1742 657 ad
1788 592 1976 658 Lucr.
2022 594 2120 658 ΠΙ
2171 595 2296 661 172
2344 596 2547 660 tuitus
2597 601 2715 663 est.

808 701 936 767 578
984 723 1046 767 se
1089 702 1326 766 veneris
1369 702 1636 766 sterilem
1681 699 1851 764 idem
1898 723 1963 784 p.
2008 700 2169 785 304,
2216 722 2576 786 perperam.

817 809 947 873 602
995 830 1089 891 sq.
1179 807 1289 892 qui
1336 808 1408 871 de
1451 805 1721 872 Dircaeo
1762 807 1931 888 fonte
1976 806 2329 872 adveniunt
2374 812 2619 889 mundi,
2656 810 2763 875 ubi

1170 913 1487 978 nitidatur
1538 915 1749 997 fulqor
1795 913 2376 997 quadripedantum
2412 916 2805 999 sonipedum

637 1020 1008 1106 Madvigius
1054 1019 1324 1084 AdverS.
1367 1018 1432 1084 Π
1479 1020 1636 1099 657,
1693 1042 1857 1104 quae
1912 1043 2045 1085 non
2101 1022 2260 1085 satis
2318 1023 2651 1108 intellego,
2739 1022 2936 1109 Berg-

621 1106 784 1191 'kius
831 1128 873 1192 1.
919 1127 960 1192 1.
1008 1126 1141 1192 305
1187 1149 1321 1191 non
1364 1126 1646 1190 felicius:

1065 1239 1245 1317 aque
1288 1235 1359 1298 in
1403 1231 1680 1297 Dircaeo
1728 1233 1908 1297 fonte
1954 1255 2228 1319 sanyuen
2272 1236 2575 1301 mundule

1065 1342 1343 1405 nitidant
1372 1341 1733 1423 pulvimque
1778 1362 1836 1423 q.
1885 1364 1937 1407 S.

641 1448 743 1513 vel
791 1448 1179 1532 septenariis
1224 1446 1602 1512 trochaicis:

1157 1552 1521 1617 nitidantur
1554 1554 1914 1635 pulvi-mmm
1946 1555 2183 1635 fulvom
2228 1578 2290 1640 q.
2336 1578 2387 1621 s,

825 1663 952 1727 604
1000 1667 1316 1744 torporare
1361 1658 1681 1744 Bergkius
1730 1661 1770 1723 l.
1816 1661 1856 1724 l.
1904 1662 2060 1726 289:
2109 1663 2188 1727 cf.
2233 1661 2400 1729 Eun.
2450 1664 2594 1728 101.

820 1769 948 1833 609
997 1790 1059 1833 ec
1103 1768 1374 1832 Menelai
1417 1769 1602 1831 donau
1659 1768 1899 1852 corrigi
1947 1768 2138 1832 iussit
2181 1769 2290 1854 qui
2336 1770 2553 1855 inepte
2599 1770 2752 1834 ferri
2800 1772 2937 1837 vul-

642 1879 798 1961 gata
843 1898 1048 1958 nuper
1095 1874 1513 1959 significavit,
1560 1873 1730 1956 quod
1778 1875 2043 1938 minime
2083 1875 2395 1941 concedo:
2441 1900 2592 1941 nam
2621 1878 2746 1941 nisi
2778 1901 2939 1943 uxor

641 1981 920 2046 Menelai
977 1981 1227 2045 Helena
1285 1980 1542 2064 fuisset,
1610 1979 1902 2064 profecto
1960 1981 2201 2049 bellum
2256 2004 2386 2046 non
2441 1987 2690 2048 motum
2749 1989 2938 2069 esset,

643 2110 849 2172 neque
915 2088 1119 2153 moles
1176 2086 1330 2150 belli
1391 2087 1460 2149 in
1515 2085 1706 2149 domo
1767 2086 2046 2151 Menelai
2106 2087 2256 2174 fuit,
2317 2110 2470 2174 ergo
2529 2113 2611 2155 ne
2671 2093 2937 2156 excitari

644 2195 900 2280 quidem
947 2194 1127 2259 illinc
1172 2194 1407 2277 potuit.

822 2302 950 2367 618
993 2300 1307 2385 ‘profecto
1346 2300 1803 2385 hauquaquam
1831 2301 2120 2365 mediocri
2145 2307 2233 2366 est
2258 2300 2459 2366 ortus'
2490 2305 2590 2369 vel
2621 2304 2941 2371 ‘mediocri

643 2414 814 2474 ortus
841 2414 930 2473 est
956 2406 1134 2472 satu'
1175 2407 1548 2472 dubitanter
1583 2407 1859 2472 coniecit
1888 2406 1965 2470 A.
1994 2405 2207 2471 Luchs
2240 2408 2405 2473 stud.
2441 2410 2549 2496 15,
2578 2411 2739 2475 illud
2767 2416 2938 2477 certe

646 2517 976 2601 aliquanto
1025 2514 1255 2579 melius
1303 2537 1497 2599 quam
1543 2515 1666 2581 hoc
1676 2568 1694 2601 ‚
1751 2539 2139 2601 quamquam
2185 2515 2495 2580 traditam
2540 2540 2764 2582 versus
2811 2518 2937 2583 for-

645 2647 819 2688 mam
866 2623 1005 2706 ipse
1052 2622 1362 2706 exemplis
1406 2621 1727 2687 Plautinis
1777 2646 1851 2687 ac
1898 2622 2307 2688 Terentianis
2354 2623 2655 2689 firmavit.

825 2729 956 2794 620
1000 2750 1202 2794 noenu
1245 2731 1380 2812 quit
1422 2728 1744 2815 Bergkius
1780 2729 2014 2795 Philol.
2060 2729 2339 2796 XXXIII
2387 2732 2513 2795 271
2562 2753 2741 2795 meae
2789 2753 2936 2797 con·

644 2838 927 2902 iecturae
972 2836 1275 2919 praefert.

825 2944 953 3007 628
1003 2941 1338 3009 Senarium
1385 2943 1586 3009 talem
1633 2945 1941 3010 constitui
1988 2944 2130 3010 vult
2175 2944 2255 3009 A.
2290 2943 2504 3010 Luchs
2554 2945 2720 3010 stud.
2756 2946 2788 3011 I
2828 2947 2911 3011 72
2924 2968 2940 3011 τ

936 3071 1108 3115 nunc
1150 3055 1224 3116 tu
1270 3043 1340 3114 in
1385 3073 1454 3116 re
1501 3074 1764 3134 crepera
1807 3055 1942 3117 vide
1975 3054 2127 3134 quid
2168 3054 2368 3135 capies
2412 3053 2645 3141 consili.

824 3158 954 3223 644
1002 3155 1369 3221 Sententiae
1424 3156 1705 3222 fortasse
1763 3160 1923 3223 satis
1978 3160 2093 3222 fiet
2149 3159 2486 3224 scribendo
2541 3181 2734 3224 novus
2787 3179 2938 3224 novo

633 3266 926 3348 maculo,

822 3372 952 3438 656
1001 3369 1259 3455 Scripto
1328 3371 1498 3457 apud
1555 3369 1931 3436 Ciceronem
1986 3374 2145 3438 idem
2206 3395 2326 3456 pro
2384 3374 2657 3455 idemque
2710 3375 2776 3435 et
2831 3371 2937 3435 ad-

645 3482 905 3564 sumpto
973 3479 1095 3544 inc.
1151 3480 1270 3543 ine.
1326 3479 1456 3544 fab.
1520 3480 1641 3544 127
1703 3502 1795 3564 sq.
1904 3478 2223 3564 Bergkius
2288 3480 2330 3543 l.
2386 3481 2428 3544 l.
2488 3480 2613 3543 307
2682 3476 2939 3542 restitui

645 3586 831 3652 valde
880 3586 1185 3651 audacter
1229 3587 1436 3651 iubet:

1391 3716 1554 3777 quae
1607 3693 1840 3757 mulier
1884 3717 2015 3758 una
2060 3693 2254 3758 duum
2301 3693 2512 3758 virum

1071 3803 1343 3886 usurpat
1381 3799 1614 3883 duplex
1662 3800 1891 3864 cubile.

646 3908 739 3975 At
784 3909 1086 3995 flagitant
1133 3907 1258 3972 sibi
1292 3908 1571 3971 virorum
1606 3929 1770 3991 quae
1810 3907 1885 3970 de
1923 3907 2026 3971 his
2056 3906 2371 3992 genetivis
2403 3905 2631 3972 Cicero
2662 3905 2941 3973 disserit.

827 4016 955 4080 693
999 4016 1260 4098 patescit
1311 4035 1427 4096 per
1482 4036 1549 4078 se
1606 4015 1735 4079 dici
1794 4037 1987 4098 posse
2042 4036 2233 4078 nemo
2290 4015 2583 4099 negavit,
2641 4012 2753 4076 sed
2809 4034 2939 4075 non

648 4125 809 4188 satis
869 4122 1145 4206 quadrat
1209 4120 1291 4184 ad
1349 4121 1604 4185 iurandi
1663 4120 2039 4206 formulam,
2099 4143 2262 4205 quae
2322 4123 2502 4187 eitius
2562 4119 2789 4184 vocula
2843 4119 2935 4180 in-

551 4285 564 4296 .
648 4231 927 4295 dicatur:
975 4229 1221 4293 frustra
1267 4227 1471 4312 igitur
1515 4231 1674 4293 nota
1718 4231 1945 4293 narrat
1989 4227 2317 4313 Bergkius
2360 4227 2400 4293 l.
2445 4226 2490 4292 l.
2534 4226 2683 4309 304,
2719 4224 2936 4308 inepte

649 4340 862 4406 autem
912 4338 1144 4404 latescit
1185 4335 1545 4422 proposuit.
