3400 5075
1251 218 1784 274 COROLLARIVM
2434 223 2662 276 LXXIX

367 385 453 448 ad
500 382 782 469 Vergilii
829 404 926 467 ge.
970 382 1035 445 Π
1083 384 1167 446 98
1215 406 1274 466 p.
1306 384 1435 467 894
1464 382 1544 446 H.
1592 383 1669 445 de
1716 384 1899 447 vinus
1943 382 2156 447 forma
2200 386 2664 472 testimonium,

362 492 535 555 unde
592 494 659 553 et
715 489 1240 554 Schneidewinus
1294 490 1363 552 in
1419 488 1632 553 relatt.
1691 488 1980 573 Gotting.
2035 490 2203 554 1855
2258 513 2317 575 p.
2373 493 2541 556 1635
2598 499 2664 557 et

362 597 613 662 inscius
638 596 776 659 eius
804 595 1247 661 Mommsenus
1296 618 1458 660 mus,
1487 594 1692 659 Rhen.
1740 595 1897 659 XVI
1942 596 2075 660 450
2119 620 2356 662 novam
2401 598 2662 664 Afranii

363 707 668 788 togatam
712 702 1013 767 Saturam
1061 702 1312 766 scilicet
1357 702 1599 765 eruisse
1647 701 1774 765 sibi
1821 702 1949 766 visi
1997 708 2163 767 sunt.

545 809 625 874 In
668 810 948 893 paginae
996 809 1126 873 222
1173 808 1387 873 fronte
1434 808 1602 873 falso
1651 809 1726 872 L.
1773 809 2041 889 Afranii
2085 832 2324 875 nomen
2370 812 2659 894 positum

366 921 488 999 est,
531 937 652 979 nec
697 916 767 978 in
815 915 1234 979 adnotatione
1281 915 1511 979 critica
1545 908 1770 979 versus
1800 920 1931 979 437
1973 918 2408 981 numerandus
2458 923 2611 982 erat.

550 1126 1072 1194 POMPONIVS.
1138 1127 1624 1211 Acephalorum
1669 1148 1974 1193 versuum
2021 1131 2382 1216 castigator
2428 1133 2659 1197 acerri-

371 1260 519 1302 mus
577 1234 898 1321 Bergkius
959 1235 1185 1299 eodem
1243 1235 1504 1300 modulo
1563 1235 1969 1321 interrogata
2027 1240 2101 1300 ut
2155 1237 2440 1302 Terentii
2498 1239 2660 1304 illud

370 1344 569 1408 Andr.
617 1343 745 1407 237
801 1342 955 1422 quid
994 1341 1158 1405 illud
1200 1342 1330 1405 est?
1377 1339 1485 1426 (ef.
1531 1339 1718 1407 Caec.
1765 1342 1852 1406 55
1899 1342 2122 1408 Afran.
2171 1341 2329 1429 212)
2386 1348 2452 1408 et
2496 1346 2659 1410 rela-

364 1451 527 1533 tiva,
554 1449 743 1533 quale
792 1448 860 1511 in
905 1446 1249 1529 Pomponii
1296 1470 1353 1511 v.
1388 1447 1419 1510 1
1472 1448 1905 1532 agnoscimu8‚
1952 1471 2212 1513 mensus
2261 1454 2375 1513 est.
2435 1473 2657 1534 quam-

364 1578 563 1640 quam
624 1576 707 1619 ne
772 1555 842 1618 in
902 1552 1036 1617 illis
1101 1552 1359 1636 quidem
1425 1554 1763 1637 praevalet
1826 1554 1993 1618 ictus
2059 1577 2257 1639 supra
2319 1555 2661 1640 indicatuS‚

364 1667 628 1748 praeter
683 1682 875 1745 quem
930 1660 1166 1743 duplex
1222 1664 1570 1745 usurpatur
1615 1661 1814 1744 ratio,
1871 1664 1936 1725 et
1988 1660 2150 1724 haec
2204 1664 2358 1743 quid
2406 1663 2515 1727 illo
2555 1664 2659 1744 fa·
2754 1733 2758 1736 ,

366 1768 540 1833 cias?
587 1768 881 1833 hautont.
929 1767 1056 1831 317
1108 1765 1244 1830 ‘sed
1291 1765 1443 1851 qul'd
1490 1766 1614 1833 hoc
1662 1765 1838 1830 estP’
1888 1765 2134 1832 Cistell.
2162 1767 2258 1832 IV
2310 1770 2366 1852 1,
2394 1770 2435 1833 3
2484 1767 2660 1853 ‘quid

364 1876 523 1939 illuc
570 1873 735 1939 est?
779 1874 970 1958 Epid.
1017 1873 1149 1937 594
1195 1870 1302 1959 (cf.
1350 1874 1594 1958 Turpil.
1643 1872 1783 1959 80);
1832 1878 1898 1938 et
1939 1874 2084 1938 illa:
2130 1876 2282 1957 quid
2322 1875 2485 1940 illu‘d
2524 1896 2661 1939 nm-
2795 1861 2804 1872 ’

368 1982 516 2047 list?
582 2004 722 2045 eun.
770 1981 898 2044 547
949 1979 1134 2063 ‘quid
1178 1979 1313 2044 illic
1360 1980 1495 2045 iam
1539 1982 1779 2045 dudum
1834 1985 2071 2066 gnatus
2118 1981 2409 2047 cessat‘?’
2474 1981 2654 2046 haut.

368 2088 500 2152 882
546 2084 655 2173 (cf.
686 2109 882 2170 supra
910 2087 990 2149 ad
1017 2086 1212 2150 Titin.
1249 2088 1374 2149 102
1403 2085 1591 2173 adn.).
1655 2087 1734 2151 In
1780 2087 2074 2152 relativis
2102 2110 2256 2152 vero
2284 2086 2479 2152 huius
2507 2110 2654 2171 pro·

366 2194 798 2258 nuntiationis
845 2195 1008 2277 quod
1049 2193 1155 2257 ille
1197 2194 1348 2257 dicit
1372 2194 1606 2257 idonea
1644 2195 1940 2277 exempla
1985 2194 2299 2277 desidem,
2334 2195 2464 2259 nisi
2512 2196 2657 2278 quis

367 2300 538 2364 forte
568 2299 934 2382 dissimilia,
963 2299 1142 2363 velut
1168 2298 1302 2362 ‘ille
1331 2300 1441 2384 qui
1477 2298 1664 2363 sslam
1705 2301 1972 2377 amabat
2006 2299 2359 2363 fidicinam'
2397 2300 2657 2365 Phorm.

373 2407 498 2470 109
529 2405 917 2471 confundere
948 2405 1237 2469 animum
1264 2404 1592 2469 induxerit
1618 2428 1767 2469 cum
1793 2405 1956 2470 locis
1993 2405 2392 2470 huiusmodi:
2433 2405 2658 2471 ‘licere

368 2513 436 2578 id
473 2513 689 2578 facere
727 2512 899 2597 quod
935 2512 1036 2577 illi
1071 2511 1366 2576 fecerunt
1400 2511 1612 2596 putat'
1660 2512 1957 2578 hautont.
1993 2512 2157 2596 prol.
2196 2513 2275 2576 21
2328 2509 2435 2598 (cf.
2463 2513 2657 2598 Turp.

369 2621 500 2684 203
519 2617 1003 2706 Pompon.llO)
1031 2620 1133 2684 vel
1158 2618 1352 2704 ‘quod
1379 2618 1483 2683 ilh'
1505 2619 1675 2683 male
1695 2620 1941 2684 dictum
1969 2641 2230 2684 vemens
2253 2641 2392 2683 esse
2421 2622 2656 2686 existu-

370 2724 576 2790 mant'
608 2725 862 2807 adelph.
880 2726 1041 2809 prol.
1065 2726 1166 2789 17.
1215 2723 1433 2789 Guieti
1462 2726 1723 2790 lusimus
1751 2726 2162 2791 commendat
2185 2725 2657 2802 QuicheratiuS.

550 2833 608 2896 3.
653 2832 851 2896 ullum
896 2831 993 2895 ita
1019 2835 1424 2915 usurpatum,
1461 2835 1535 2894 ut
1571 2830 1961 2916 ‘quicquam’
1993 2833 2332 2917 significet,
2360 2836 2658 2917 quamvis

368 2961 519 3003 raro
591 2937 867 3003 inveniri
939 2943 1161 3002 tamen
1230 2937 1561 3021 Hauptius
1625 2937 1848 3002 Herm.
1907 2937 2002 3003 IV
2066 2961 2128 3023 p.
2193 2939 2319 3004 154
2383 2940 2658 3025 singulis

365 3049 628 3130 praeter
672 3049 969 3110 nostrum
996 3043 1343 3110 Frontonis
1391 3048 1456 3107 et
1482 3043 1783 3108 Frontini
1830 3043 2142 3130 exemplis
2190 3046 2659 3128 comprobavit.

556 3152 636 3215 10
664 3174 756 3236 sq.
801 3150 1059 3216 Nomen
1087 3150 1434 3214 Atellanae
1462 3150 1753 3232 Aru-spem
1795 3152 1887 3215 vel
1914 3151 2109 3216 Pecus
2150 3153 2450 3216 rusticum
2487 3175 2658 3218 com-

370 3258 635 3322 mendat
659 3257 746 3322 M.
774 3255 1095 3321 HertziuS.
1183 3255 1478 3321 Ioculare
1524 3279 1910 3342 responsum
1956 3258 2146 3341 plane
2193 3257 2370 3321 illius
2399 3260 2657 3342 generis

370 3368 487 3447 est,
534 3365 716 3428 cuius
747 3367 1076 3428 auctorem
1120 3364 1338 3446 ipsum
1366 3355 1799 3448 Pomponium
1844 3363 2044 3427 fuisse
2076 3361 2320 3426 Seneca
2367 3367 2654 3428 controv.

369 3471 497 3535 VH
552 3473 631 3535 18
679 3493 739 3554 p.
778 3470 908 3534 326
945 3469 1024 3533 Κ.
1070 3473 1298 3533 narrat
1344 3468 1475 3533 his:
1524 3468 1890 3535 ‘auctorem
1936 3468 2129 3532 huius
2177 3468 2318 3551 viti,
2364 3469 2533 3552 quod
2582 3492 2659 3532 ex

369 3578 674 3663 captione
696 3577 884 3641 unius
904 3576 1085 3640 verbi
1106 3576 1295 3658 plura
1315 3575 1749 3659 significantis
1769 3575 2076 3657 nascitur,
2099 3572 2340 3638 aiebat'
2362 3571 2657 3658 (Cassius

370 3682 676 3770 Severus)
724 3682 1186 3767 ‘Pomponium
1233 3681 1686 3746 Atellanarum
1733 3682 2116 3766 scriptorem
2159 3680 2390 3763 fuisse,
2447 3703 2486 3744 a
2531 3703 2657 3764 quo

368 3791 654 3875 primum
702 3791 782 3854 ad
810 3789 1157 3854 Laberium
1203 3788 1517 3852 transisse
1562 3787 1687 3852 hoc
1735 3787 2019 3852 studium
2065 3787 2383 3870 imitandi,
2429 3786 2656 3851 deinde

371 3897 451 3959 ad
517 3895 921 3979 Ciceronem,
984 3895 1094 3980 qui
1152 3894 1312 3958 illud
1377 3893 1457 3956 ad
1522 3894 1831 3959 virtutem
1885 3891 2412 3959 transtulissent'.
2502 3893 2658 3958 Alia

370 4002 814 4087 amphilogiae
866 4002 1057 4066 huius
1113 4000 1411 4084 exempla
1464 4000 1590 4063 duo
1645 4003 1901 4065 tantum
1961 4001 2029 4065 in
2074 4000 2368 4085 reliquiis
2411 4001 2658 4065 nostris

369 4113 618 4173 extant:
683 4131 740 4172 v.
789 4109 857 4193 6,
913 4109 1022 4174 ubi
1078 4109 1312 4172 aleonis
1365 4111 1431 4169 et
1484 4107 1626 4170 allii
1676 4106 1977 4171 notiones
2037 4106 2542 4190 confunduntur,
2598 4110 2663 4169 et

366 4239 428 4282 v.
466 4216 592 4281 180
637 4215 750 4279 ubi
798 4216 1065 4279 medium
1110 4215 1404 4279 abdomen
1451 4219 1643 4278 tecum
1687 4215 1969 4279 dividam
2015 4213 2127 4297 qui
2171 4212 2521 4297 promittit,
2565 4212 2660 4277 in-
