3400 5075
685 348 804 409 130
1155 349 1249 398 Ex
1287 347 1631 400 INCERTIS
1667 347 2154 400 INCERTORVM
2190 350 2502 401 FABVLIS

1655 503 2005 569 LXXXIII

825 615 1031 697 ‘Quae
1081 623 1304 704 p6tero
1353 625 1649 704 tangam:
1696 624 1768 683 tii
1817 621 1976 684 mihi
2023 622 2199 707 leges
2248 626 2412 685 tene.

1663 734 2003 800 LXXXIV

1847 873 1968 915 uae
2015 852 2201 937 mihi,
2248 855 2454 916 mater
2502 853 2669 917 mea!

1671 965 1979 1032 LXXXV

680 1083 804 1147 105
836 1079 1054 1170 [Satis]
1088 1086 1208 1148 cst:
1238 1105 1472 1147 reuoca
1499 1083 1767 1146 frat-rem
1801 1080 2047 1167 [eodem
2069 1082 2268 1168 stirpe
2300 1087 2568 1169 gnatum
2582 1080 2619 1170 z]
2655 1084 2971 1167 plaudite!

671 1294 724 1343 p.
752 1279 852 1327 272
890 1282 1163 1329 restant
1199 1294 1249 1343 p.
1275 1279 1373 1327 417
1515 1277 1837 1342 periimus
1876 1294 1972 1327 mS.
1998 1278 2163 1341 Iunii,
2201 1278 2483 1329 Mercerus
2508 1280 2806 1342 perimus
2844 1277 2971 1329 libri

674 1347 849 1395 ceteri
987 1347 1253 1396 Fortasse
1291 1350 1608 1411 perstant
1645 1351 1703 1394 et
1746 1347 2068 1409 periimus
2105 1347 2251 1395 inter
2295 1346 2435 1395 duas
2479 1362 2744 1411 personas
2783 1347 2970 1395 distri-

673 1413 907 1468 buenda.
1048 1415 1247 1464 Parum
1287 1413 1602 1478 probabilia
1640 1414 1880 1463 coniecit
1908 1412 2306 1463 CMFrancken
2343 1415 2500 1468 Coni.
2540 1415 2663 1467 crit.
2703 1414 2774 1463 ad
2811 1415 2974 1464 Luci-

674 1480 805 1531 lium
840 1481 898 1531 11
932 1498 983 1546 p.
1024 1482 1056 1532 8
1194 1484 1224 1531 2
1264 1480 1526 1531 Gnatho
1574 1482 1854 1531 Mei-cerus
1899 1487 2059 1532 nato
2105 1481 2231 1532 libri
2378 1498 2578 1531 narro
2627 1482 2793 1547 quod
2840 1481 2972 1531 Pal·

681 1550 884 1599 merius
1020 1549 1267 1599 Distinxi
1304 1563 1571 1614 personas

803 1616 1091 1667 LXXXIII
1131 1618 1413 1682 Excerpts
1440 1617 1749 1667 Beruensia
1786 1618 1842 1664 in
1869 1617 2091 1679 Hageni
2130 1616 2278 1666 anal.
2308 1615 2468 1666 Heln.
2508 1634 2561 1683 p.
2586 1615 2878 1678 CCXXXI‚
2911 1618 2971 1666 14

665 1689 721 1733 et
758 1683 1004 1735 Iulianus
1043 1685 1347 1735 'l'oletanus
1386 1701 1434 1748 p.
1473 1686 1504 1735 9
1549 1682 1850 1748 exemplum
1890 1685 2152 1734 exhibent
2188 1700 2215 1734 s
2249 1685 2473 1735 litterae
2520 1699 2630 1734 non
2665 1684 2971 1748 liquescen-

667 1753 758 1801 tis.
898 1753 1180 1803 LXXXIV
1218 1752 1496 1817 Excerpta
1534 1754 1695 1806 Bern.
1731 1752 1788 1801 in
1814 1752 2036 1817 Hageni
2073 1752 2218 1801 anal.
2254 1752 2417 1802 Helu.
2457 1768 2507 1816 p.
2547 1751 2874 1802 CCXXVIII
2915 1759 2970 1802 et

667 1819 921 1870 Iulianus
957 1820 1261 1870 Toletanus
1301 1837 1352 1885 p.
1394 1823 1544 1870 103‘
1552 1835 1628 1870 ue
1677 1824 1765 1869 est
1801 1822 2159 1873 coniunctio.
2230 1819 2483 1884 .quando
2531 1820 2700 1870 fuerit
2738 1836 2969 1886 praepo·

671 1887 895 1938 sitiuum
934 1892 989 1937 et
1024 1903 1141 1937 cum
1170 1888 1527 1939 commotione
1557 1888 1725 1937 animi
1761 1886 1992 1950 dictum,
2029 1893 2088 1935 ut
2125 1892 2282 1953 puta,
2320 1902 2424 1938 uae
2463 1887 2592 1937 mihi
2630 1903 2696 1937 m.
2735 1904 2825 1949 m.‚
2864 1891 2970 1936 erit

665 1954 1069 2005 interiectio
1108 1955 1449 2006 dolentis)
1540 1956 1725 2004 Etiam
1763 1970 1831 2005 ex
1866 1955 2160 2019 tragoedia
2198 1959 2415 2020 sumpta
2453 1971 2577 2006 esse
2617 1959 2865 2020 possunt.

802 2023 886 2072 Ex
923 2024 1278 2088 Pompeianis
1314 2023 1607 2074 uersiculis
1644 2038 1813 2073 unum
1840 2023 2146 2088 exemplum
2174 2023 2263 2072 hic
2289 2038 2574 2088 excerpere
2603 2023 2741 2073 satis
2779 2023 2966 2083 habui,

667 2106 717 2140 n.
761 2092 891 2142 1896
926 2093 1015 2141 Z.:

936 2160 1049 2210 ubi
1086 2156 1293 2223 perna
1329 2164 1522 2209 cocta
1559 2164 1685 2220 est,
1726 2157 1785 2208 si
1820 2159 2153 2209 conuiuae
2192 2158 2592 2224 apponitur,

936 2241 1064 2275 non
1102 2224 1344 2292 gustat
1378 2242 1669 2292 pernam,
1709 2225 1921 2291 lingit
1957 2226 2161 2276 ollam
2202 2234 2315 2277 aut
2353 2225 2736 2278 caccabum.

667 2312 819 2373 Quae
876 2313 931 2360 in
988 2312 1265 2376 hospitem
1329 2311 1569 2377 aliquem
1635 2312 1799 2360 nimis
1865 2310 2172 2362 officiosum
2231 2315 2288 2361 et
2341 2312 2646 2363 modestum
2709 2312 2969 2362 uidentur

665 2380 819 2429 dicta
853 2394 1002 2442 esse,
1040 2381 1134 2443 qui
1173 2379 1442 2430 conuiuae
1491 2379 1685 2445 epulas
1738 2380 1986 2441 integras
2025 2379 2321 2442 concedat,
2371 2380 2488 2445 ipse
2527 2381 2633 2430 sibi
2673 2380 2807 2430 nihil
2851 2381 2965 2430 fere

666 2452 865 2497 sumat.
939 2448 1019 2497 Ex
1059 2447 1288 2498 fabulae
1326 2448 1559 2497 alicuius
1586 2447 1849 2497 memoria
1875 2449 1931 2496 in
1959 2462 2164 2497 murum
2204 2448 2540 2513 transcripta
2568 2463 2690 2498 esse
2721 2448 2962 2498 Bueche-

667 2514 818 2566 lerus
855 2530 1068 2580 quoque
1108 2531 1243 2567 mus,
1283 2515 1454 2570 Rhen.
1490 2514 1596 2567 ΧΠ
1633 2517 1731 2566 257
1772 2521 1829 2566 et
1865 2515 2073 2570 anthol.
2114 2516 2236 2570 Lat.
2274 2532 2422 2581 spec.
2461 2516 2484 2564 I
2524 2533 2572 2581 p.
2611 2519 2638 2567 7
2678 2517 2895 2567 statuit.

667 2584 820 2633 Inter
856 2584 1074 2648 reliqua
1112 2585 1349 2634 forsitan
1386 2586 1603 2650 possint
1640 2585 1841 2634 comici
1878 2587 2074 2649 poetae
2115 2599 2235 2634 esse
2274 2601 2326 2634 n.
2372 2587 2501 2634 1883
2539 2586 2597 2638 Z.

733 2668 919 2720 nemo
957 2675 1062 2720 est
1097 2669 1325 2720 bellus
1363 2667 1497 2720 nisi
1535 2672 1649 2734 qui
1686 2671 1943 2720 amauit
1969 2667 2315 2720 mulierem
2341 2667 2961 2734 adnles[ccntulu3.

672 2761 729 2806 et
765 2757 898 2807 2069
936 2754 1282 2818 (Buecheleri
1319 2755 1529 2806 anthol.
1570 2756 1695 2808 Lat.
1738 2770 1888 2820 spec.
1928 2755 1954 2804 1
1991 2771 2042 2807 n.
2081 2753 2231 2821 XIV)

732 2840 974 2891 moram
1010 2841 1065 2890 si
1101 2855 1410 2906 quaeres,
1448 2839 1691 2907 sparge
1729 2842 1986 2891 milium
2024 2846 2090 2892 et
2127 2839 2398 2905 collige.

800 2934 1053 2985 LXXXV
1090 2935 1288 2986 Festus
1325 2950 1377 2999 p.
1416 2938 1515 2986 313
1549 2937 1623 2988 M.
1662 2933 1998 3000 ‘stix-[pem
2045 2937 2102 2986 in
2141 2935 2439 2985 masculino
2478 2932 2709 3002 geneJre
2749 2936 2961 3000 antiqui

665 3002 1020 3069 [usurparunt
1055 3019 1152 3068 pro
1191 3019 1256 3053 eo
1295 3002 1437 3068 qnod
1476 3009 1563 3053 est
1603 3001 1866 3070 fe]mina‚
1903 3002 2111 3069 met[ap
2115 3002 2299 3052 horico
2337 3003 2600 3053 uocabuli
2637 3002 2779 3069 usu‚]
2820 3019 2963 3068 quae

668 3087 811 3122 nunc
848 3073 906 3120 in
944 3068 1204 3136 [femineo
1243 3070 1517 3135 profertur
1554 3069 1799 3137 gene]re.
1874 3072 2068 3121 Liuius
2104 3104 2170 3111 —
2205 3098 2270 3105 -
2310 3067 2378 3134 [L
2363 3069 2571 3151 unius]
2615 3098 2679 3106 —-
2719 3088 2750 3120 a
2787 3073 2962 3137 stirpe

664 3154 1042 3203 supreme..
1071 3175 1083 3189 .
1114 3175 1126 3188 .
1154 3174 1167 3187 .
1205 3135 1393 3203 [satis]
1435 3144 1563 3199 est,
1619 3154 1863 3190 reuoca
1904 3137 2209 3205 fratre[m
2257 3137 2447 3188 eodem
2493 3141 2672 3204 stirpe
2711 3137 2961 3205 gnatum]

666 3207 1009 3272 plaudite.’
1117 3206 1245 3256 Alia
1299 3206 1596 3272 quaedam,
1653 3207 1720 3256 de
1778 3208 1974 3272 quibus
2021 3209 2076 3256 in
2132 3205 2429 3257 corollario
2483 3206 2778 3257 dicendum
2836 3209 2959 3269 erit,

666 3277 852 3326 sciens
887 3279 1192 3340 praetereo.

663 3470 817 3529 quae
861 3456 1221 3526 transposuit
1263 3453 1338 3519 L.
1364 3454 1612 3511 Mueller
1784 3472 1861 3511 an
1907 3453 2248 3510 comedenti?
2294 3458 2408 3511 nisi
2442 3455 2603 3528 sorte
2647 3455 2962 3510 ablatiuum

664 3557 792 3597 cum
847 3538 1074 3596 similem
1131 3540 1415 3595 adiectiuo
1472 3543 1838 3596 coniunctum
1885 3539 2077 3609 fuisse
2131 3546 2375 3596 statuas.
2618 3538 2737 3597 103
2797 3541 2960 3594 ῑιιιιιίιι

665 3624 934 3682 Iulianus
1075 3624 1272 3680 Conici
1308 3627 1490 3695 possit
1534 3623 1593 3679 ui
1638 3625 1768 3679 mihi
1814 3624 1962 3696 leges
2010 3623 2146 3679 benc
2193 3631 2316 3680 tene
2496 3623 2613 3681 104
2662 3639 2728 3678 ue
2772 3624 2956 3679 Bern.

835 3707 955 3766 105
1011 3709 1140 3764 satis
1214 3708 1484 3774 Vrsinus,
1542 3726 1655 3765 non
1716 3717 1969 3781 apparet
2023 3710 2077 3763 in
2138 3712 2261 3765 cod.
2481 3708 2698 3764 fratrem
2767 3707 2957 3763 codem

660 3796 832 3868 stirpe
880 3795 1122 3851 Vrsinus
1165 3792 1330 3848 fratre
1364 3834 2073 3850 ............
2120 3795 2243 3849 cod.
2418 3801 2641 3867 gnatum
2679 3792 2738 3849 Ο.
2771 3792 2956 3848 Muel-

659 3882 840 3950 lerum,
888 3896 1003 3937 non
1048 3884 1301 3950 apparet
1343 3881 1402 3932 in
1450 3880 1574 3935 cod.
1620 3886 1950 3952 prognatum
2012 3880 2255 3935 Vrsinus
