3400 5075
1375 365 1444 415 L.
1481 363 1839 416 AFRAmvs
2632 360 2755 444 221

1461 520 1556 585 IX
1603 518 1749 606 (14)

643 635 726 699 Ι)ἰ
773 635 897 701 tsbi
944 635 1100 700 dent
1145 637 1433 720 propria,
1479 638 1917 720 quaecumque
1964 639 2228 721 exoptes
2274 638 2463 702 bona.

1485 759 1546 824 X
1595 757 1741 846 (28)

750 928 763 940 .
856 877 1081 942 sinunt
1126 877 1190 940 di
1237 881 1303 939 ot
1347 878 1540 960 porro
1588 878 1892 960 passur6s
1941 878 2088 941 scio.

1464 999 1560 1064 XI
1607 997 1750 1085 (20)

463 1116 595 1180 360
643 1115 1023 1201 Antiquitas
1068 1116 1348 1199 petenda
1394 1116 1461 1179 in
1509 1116 1825 1199 principio
1875 1118 1974 1179 esi
2019 1117 2194 1181 mihi.

601 1231 903 1316 *Maioris
949 1232 1150 1296 uestri
1195 1231 1612 1315 incupidioris
1657 1228 1936 1294 liberum

638 1345 862 1411 Fuere.

1445 1461 1574 1526 XII
1622 1459 1768 1547 (19)

1737 1576 1873 1639 eius
1919 1579 1983 1640 te
2032 1577 2302 1641 suscitat

637 1692 891 1777 lmzigo,
939 1694 1120 1757 euius
1169 1690 1416 1778 effigia,
1461 1713 1588 1775 quo
1635 1690 1891 1776 gnatu's
1937 1694 2138 1775 patre.

1424 1823 1589 1890 XIII
1635 1822 1782 1911 (24)

461 1937 595 2003 365
1734 1939 2000 2004 memini
2046 1939 2432 2004 memoriter.

1424 2063 1584 2130 XIV
1631 2061 1778 2151 (11)

1525 2179 1820 2264 equidem
1866 2183 1932 2243 te
1976 2180 2330 2263 numquzim
2374 2180 2534 2244 mihi

588 2374 669 2426 IX
705 2374 913 2426 Nonius
936 2376 1056 2438 362,
1084 2376 1148 2424 14
1174 2376 1537 2440 ‘proprium
1564 2389 1775 2424 rursum
1802 2373 2080 2438 siguificat
2113 2380 2461 2438 perpetuum.
2484 2411 2497 2425 .
2525 2410 2539 2424 .
2561 2409 2575 2424 .
2593 2374 2750 2425 Afra—

455 2443 580 2492 nius
613 2443 883 2508 vopisco:
931 2444 1028 2492 dii’
1076 2459 1125 2494 e.
1171 2458 1222 2507 q.
1267 2459 1310 2492 s.
1381 2442 1744 2508 comparauit
1786 2441 2239 2492 Schneidewinus
2284 2443 2343 2491 in
2388 2443 2751 2519 relationigms

454 2510 702 2576 Gotting.
749 2513 876 2562 1855
913 2527 964 2576 p.
994 2513 1124 2562 1638
1161 2511 1512 2561 Homericum
1548 2525 1793 2562 uersum:
1832 2505 1921 2561 σοὶ
1959 2505 2024 2562 δὲ
2065 2505 2201 2560 θεοὶ
2238 2501 2382 2561 τόσα
2418 2508 2605 2574 δοῖεν,
2641 2526 2750 2561 οσα

453 2577 625 2645 φρεσὶ
651 2579 778 2647 σῇσι
801 2578 1097 2646 μενοινᾷς.
1236 2580 1286 2628 Χ
1322 2578 1608 2629 Charisius
1632 2580 1687 2630 11
1725 2595 1775 2643 p.
1804 2581 1901 2629 190
1926 2579 1986 2630 Ρ.
2026 2576 2236 2643 ‘porro
2262 2617 2276 2632 .
2303 2616 2315 2628 .
2343 2613 2357 2627 .
2385 2593 2481 2642 pro
2505 2578 2744 2644 longius.

452 2647 716 2697 Afranius
741 2649 798 2696 in
823 2648 1090 2712 vopisco:
1129 2648 1336 2696 sinunt’
1376 2662 1422 2697 e.
1448 2662 1499 2710 q.
1529 2662 1571 2696 s.
1713 2646 1791 2696 XI
1826 2646 2038 2696 Nonius
2061 2648 2180 2708 496,
2205 2648 2238 2695 3
2276 2650 2501 2695 ‘aecus
2516 2647 2749 2696 atinus

454 2716 665 2764 numeri
718 2714 1019 2780 singularis
1055 2711 1281 2780 'positus
1335 2729 1433 2779 pro
1479 2715 1742 2779 genetiuo
1789 2713 2026 2778 plurali.
2048 2752 2060 2764 .
2089 2752 2101 2764 .
2128 2748 2141 2763 .
2169 2712 2432 2764 Afranius
2479 2715 2748 2779 vopisco:

454 2780 783 2845 antiquitas’
822 2798 871 2833 e.
911 2796 963 2845 q.
1000 2798 1043 2835 s.
1183 2781 1292 2832 XII
1326 2782 1538 2832 Nonius
1572 2784 1689 2841 493,
1730 2785 1757 2831 1
1797 2781 2075 2845 ‘effigia
2113 2795 2209 2845 pro
2247 2780 2505 2845 effigies.’
2611 2781 2747 2831 xm

453 2848 737 2899 Charisius
761 2849 787 2899 1
824 2867 876 2915 p,
899 2852 965 2900 89
995 2852 1053 2902 Ρ.
1092 2851 1500 2900 ‘memoriter
1537 2865 1603 2899 ex
1626 2864 1690 2899 eo
1728 2849 1819 2912 fit,
1855 2849 1995 2913 quod
2023 2856 2109 2898 est
2132 2863 2360 2909 memor,
2397 2850 2743 2899 memoriose'

452 2918 638 2980 (immo
676 2916 1035 2981 ‘memorior’)
1073 2922 1205 2967 ‘non
1241 2917 1473 2967 dicimus
1510 2932 1615 2966 nee
1639 2916 2038 2967 memoriosius:
2077 2932 2185 2966 non
2221 2915 2388 2966 habet
2422 2920 2565 2966 enim
2604 2932 2750 2966 eom-

451 2986 815 3049 parationem.
887 2984 1080 3035 Cicero
1107 3019 1121 3034 .
1147 3023 1159 3035 .
1187 3022 1200 3034 .
1228 2991 1284 3034 et
1318 2985 1580 3035 Afranius
1625 2985 1681 3034 in
1723 2984 1989 3048 Vopisoo:
2038 2984 2258 3033 memini
2302 2985 2643 3044 memoriter,
2690 2991 2751 3034 ut

449 3055 732 3104 Romanus
756 3053 930 3103 refert
954 3054 1011 3102 in
1037 3052 1176 3103 libro
1202 3052 1270 3101 de
1296 3052 1576 3102 aduerbiis
1601 3052 1702 3102 sub
1731 3053 1919 3101 eodem
1946 3052 2152 3105 titulo)
2223 3051 2372 3102 Idem
2400 3052 2450 3100 11
2478 3068 2529 3116 p.
2558 3052 2655 3100 184
2681 3053 2747 3102 Ρ.

454 3120 905 3171 ‘memoriten’
1077 3119 1204 3168 XIV
1240 3120 1449 3169 Nonius
1485 3122 1612 3182 235,
1651 3122 1716 3168 22
1764 3119 2114 3182 ‘aequales
2161 3125 2289 3168 sunt
2333 3118 2538 3168 similes
2574 3123 2631 3169 et
2680 3135 2748 3168 ex

454 3191 674 3252 speque.²
743 3188 894 3239 Idem
930 3191 1045 3249 337,
1085 3190 1152 3239 20
1187 3188 1496 3250 ‘lautum
1535 3186 1776 3252 eligans,
1823 3202 1995 3237 suane
2033 3223 2044 3235 .
2081 3224 2094 3237 .
2135 3225 2147 3238 .
2184 3187 2449 3237 Afranius
2488 3187 2749 3250 vopisco:

450 3255 725 3320 equidem'
766 3272 814 3306 e.
856 3271 909 3319 q.
944 3273 988 3307 s.

451 3434 721 3507 Spicileq.
766 3452 866 3506 ap.
898 3435 1062 3491 Grut.
1096 3434 1199 3490 IV
1236 3433 1389 3505 724,
1439 3436 1540 3507 qui
1581 3439 1769 3489 tamen
1818 3439 2015 3488 cetera
2059 3435 2323 3502 corrupit
2352 3436 2532 3505 mayis
2571 3450 2745 3504 quam

451 3523 732 3576 correxit.
805 3521 1034 3592 pessima
1077 3520 1213 3575 libri
1349 3535 1601 3592 promere
1647 3518 1804 3573 Leid.
1976 3516 2098 3573 358
2144 3515 2218 3570 dii
2261 3517 2397 3572 libri
2532 3518 2749 3589 propria

450 3603 580 3660 dent
624 3604 895 3676 Montisp.
1045 3604 1166 3661 359
1212 3612 1267 3659 et
1312 3620 1454 3658 nunc
1498 3604 1879 3675 supplendum
1924 3616 2050 3657 esse
2094 3604 2305 3657 monuit
2353 3602 2749 3657 Buecheler-us

618 3690 806 3744 sinunt
862 3687 916 3743 di
961 3696 1016 3744 et
1061 3690 1206 3757 cod„
1256 3706 1361 3745 om.
1420 3690 1509 3744 ed.
1555 3705 1649 3757 pr.
1699 3685 1836 3741 fiunt
1892 3684 1965 3740 11ἰί
2009 3694 2064 3740 et
2110 3685 2421 3741 Putsckius
2465 3685 2649 3740 serunt
2693 3684 2745 3738 di

450 3782 505 3828 et
549 3772 794 3830 Baebius
965 3773 1091 3830 360
1135 3772 1427 3846 repetenda
1461 3773 1702 3829 Bolkius
1733 3771 1793 3841 2,
1840 3778 1999 3826 recte
2044 3777 2106 3825 ut
2150 3770 2265 3825 uid.
2415 3769 2535 3826 361
2572 3773 2746 3826 nomi-

451 3862 781 3915 nativorum
820 3858 1050 3931 formas
1080 3857 1295 3913 maioris
1325 3899 1338 3913 .
1368 3898 1381 3912 .
1414 3899 1426 3912 .
1460 3857 1811 3931 incupidioris
1842 3862 2069 3910 mutare
2099 3857 2273 3911 nolui.
2450 3854 2744 3927 cupidioris

452 3942 604 3999 Colb.
780 3942 903 4000 363
949 3944 1064 3998 eius
1110 3940 1357 3999 Bolhius
1388 3940 1424 3996 2
1471 3943 1624 3997 cuius
1667 3942 1805 3998 libri
1973 3938 2095 3996 364
2141 3953 2249 4011 quo
2295 3945 2494 4011 gnatus
2542 3938 2745 3995 Bamb.

450 4026 605 4083 leid.
656 4028 774 4084 116
822 4027 1006 4097 Colo„
1053 4029 1140 4083 ed.
1184 4029 1377 4098 princ.
1423 4034 1688 4100 cognatus
1735 4028 1919 4081 celeri
1957 4026 2093 4081 libri
2261 4025 2377 4078 eius
2423 4032 2474 4078 te
2518 4024 2748 4077 suscitet

451 4110 655 4185 image,
699 4114 854 4168 cuius
900 4111 1082 4185 effigia
1126 4128 1218 4183 οε,
1264 4128 1372 4184 quo
1417 4119 1610 4181 natus,
1655 4112 1850 4183 patris!
1916 4110 2156 4165 Bothius
2201 4106 2236 4161 2
2339 4109 2616 4164 Fortasse
2660 4110 2745 4161 sic

449 4198 848 4253 scribendum.-
903 4198 1006 4251 nisi
1063 4195 1178 4268 (uel
1236 4213 1346 4251 uon
1404 4199 1498 4252 uel
1552 4193 1755 4266 nonne)
1811 4195 1927 4249 eius
1985 4202 2037 4248 te
2082 4194 2306 4247 suscitat
2364 4192 2544 4265 imago
2589 4193 2742 4246 cuius

451 4279 632 4354 effigia
688 4298 778 4351 es,
837 4297 948 4354 quo
1004 4281 1221 4354 gnatu's
1278 4288 1431 4353 patre
1604 4278 1726 4335 366
1773 4286 1827 4333 et
1883 4277 2098 4350 quidem
2152 4278 2291 4333 libri
2338 4295 2399 4348 p.
2450 4274 2572 4331 235

450 4364 699 4444 equidem
757 4374 810 4421 te
855 4381 1128 4442 uunquam
1172 4365 1338 4421 acciui
1383 4364 1513 4421 mihi
1562 4364 1806 4419 Botkius
1851 4362 1887 4417 2

2217 4451 2318 4508 14·
