3400 5075
675 344 794 406 170
951 367 954 370 ·
1575 348 1640 398 L.
1684 345 2048 398 Amsmvs

1544 501 2074 569 CONsossle

1726 618 1759 682 Ι
1807 616 1908 704 (4)

841 732 968 796 Em
1014 732 1138 797 isio
1187 736 1528 818 parentum
1576 738 1674 798 est
1721 731 1861 798 uita
1907 735 2054 798 uilis
2099 732 2324 800 liberis
2333 785 2351 819 ‚

853 847 985 913 Vbi
1030 849 1285 913 mnilunt
1329 848 1530 912 metui
1577 850 1772 933 quiim
1817 849 2025 914 uereri
2073 871 2140 915 se
2189 850 2269 914 §.b
2317 850 2467 915 suis.
2540 857 2553 868 ”

1702 964 1769 1029 Π
1817 963 1919 1051 (2)

713 1079 800 1143 35
846 1078 963 1143 Pol
1010 1080 1218 1166 maigis
1265 1080 1452 1144 isiius
1498 1081 1890 1146 bemulenizae
1937 1081 2170 1146 fiittilis

1687 1195 1787 1260 III
1834 1192 1935 1283 (5)

843 1308 981 1375 Scis
1025 1309 1324 1374 haibitum
1370 1310 1464 1374 iia
1508 1314 1583 1375 ut
1626 1333 1801 1376 nunc
1848 1311 2114 1376 obtinet.
2161 1314 2193 1387 ΙΙ’
2239 1311 2649 1397 praefiscine!

1005 1431 1010 1434 ’
1769 1426 1865 1491 IV

1943 1548 2092 1609 clim
2136 1543 2345 1609 mitris
2390 1543 2719 1608 calanticis

1722 1659 1783 1723 V
1829 1657 1929 1746 (1)

840 1769 993 1836 Non
1040 1795 1183 1838 sum
1230 1774 1400 1860 apud
1447 1796 1565 1839 me.
1617 1774 1650 1847 ΙΓ
1697 1797 1800 1840 em
1845 1775 2060 1840 lentus
2107 1776 2278 1840 lente
2325 1776 2489 1859 quae
2532 1776 2780 1859 rogabo
2810 1825 2825 1840 .
2856 1826 2869 1840 .
2901 1826 2915 1839 .

1765 1898 1861 1964 VI

843 2062 1393 2080 ......
1485 2014 1683 2099 naha,
1730 2015 1966 2080 retinet
2010 2037 2185 2080 nunc
2229 2016 2522 2101 linguam
2568 2015 2907 2081 mordicus.

799 2206 1150 2259 Cossonnuu
1255 2209 1464 2260 Nonius
1499 2211 1616 2269 557,
1657 2211 1719 2260 15
1756 2210 2094 2262 ‘consobrini
2130 2225 2198 2260 ex
2234 2209 2447 2260 duabus
2488 2209 2625 2260 editi
2670 2209 2959 2264 sororibus.

666 2275 749 2326 De
787 2276 988 2341 quibus
1028 2276 1283 2344 exempla
1307 2277 1476 2328 mults.
1512 2284 1640 2329 sunt
1673 2279 1733 2328 in
1760 2278 2003 2344 antiquis
2028 2278 2349 2329 auctoribus
2378 2282 2434 2328 et
2458 2277 2691 2328 maxime
2728 2278 2782 2327 in
2808 2277 2958 2327 Afra-

665 2344 756 2393 nio
793 2349 849 2393 et
887 2345 1020 2394 iuris
1058 2345 1447 2396 uetustissimis
1485 2346 1886 2411 scriptoribus?
2080 2347 2100 2396 1
2139 2344 2353 2397 Gellius
2390 2347 2486 2395 XV
2528 2349 2617 2408 13,
2656 2349 2687 2396 3
2725 2350 2871 2396 ‘utor
2906 2351 2961 2395 et

666 2426 902 2461 uereor
939 2417 996 2462 et
1039 2412 1230 2464 hortor
1274 2416 1331 2464 et
1380 2413 1632 2465 consolor
1667 2415 1977 2464 eommunia
2013 2413 2187 2465 uerba
2232 2420 2386 2476 sunt,
2436 2429 2529 2462 ac
2522 2412 2655 2462 dici
2704 2417 2959 2478 utroque·

665 2494 859 2530 uersus
892 2486 1154 2561 possunt:
1185 2496 1383 2531 uereor
1418 2487 1473 2531 te
1514 2487 1570 2530 et
1604 2497 1801 2532 uereor
1837 2483 1936 2532 abs
1973 2486 2066 2532 te.
2137 2481 2447 2531 .Afranius
2483 2481 2541 2530 in
2578 2480 2959 2531 Consobrinis:

664 2547 817 2597 hem'
853 2564 900 2598 e.
941 2565 989 2614 q.
1031 2565 1072 2598 s.
1140 2540 1251 2599 ‘hic
1289 2551 1470 2600 uereri
1497 2565 1568 2600 ex
1593 2565 1661 2600 ea
1698 2556 1857 2615 parte
1894 2550 2095 2600 dictum
2135 2555 2246 2611 est,
2285 2565 2392 2615 qua.
2417 2555 2503 2600 est
2525 2565 2633 2600 non
2660 2543 2961 2599 usitatior?

667 2615 795 2678 (scr.
831 2620 959 2665 ‘non
997 2617 1281 2667 usitatum’
1373 2616 1880 2669 consolobrinis
1929 2619 2085 2669 Voss.
2134 2617 2301 2683 Magl.
2347 2618 2508 2682 Reg.)
2672 2617 2723 2667 11
2760 2618 2960 2667 Festus

664 2699 717 2748 p.
756 2685 855 2734 364
895 2684 963 2733 M.
1002 2689 1337 2734 ‘temetum
1371 2685 1557 2735 uinum
1603 2711 1660 2721 —
1705 2687 1894 2736 temeti
1926 2711 1997 2722 —-
2027 2712 2093 2721 —
2131 2685 2488 2736 temulentum
2526 2712 2589 2721 —-
2627 2684 2962 2735 temulentas

664 2775 730 2786 ——
767 2750 1030 2801 Afranius
1065 2752 1120 2801 in
1161 2751 1542 2806 Consobrinis:
1582 2752 1695 2818 pol’
1735 2769 1781 2807 e.
1821 2771 1869 2819 q.
1907 2769 1949 2804 s.
2121 2754 2209 2804 111
2248 2752 2534 2803 Charisius
2570 2754 2623 2803 11
2672 2768 2727 2817 p.
2768 2754 2865 2804 189
2902 2753 2960 2802 P.

667 2819 1120 2890 ‘praefiscine
1158 2819 1422 2870 Afranius
1457 2821 1513 2870 in
1553 2820 1938 2872 Consobrinis.
1974 2821 2108 2871 scis‘
2144 2836 2190 2871 e.
2216 2838 2266 2886 q.
2295 2836 2336 2870 s.
2424 2836 2521 2886 per
2557 2835 2605 2880 e,
2644 2836 2753 2870 non
2778 2835 2877 2885 per
2903 2821 2941 2869 i.

666 2883 840 2945 (αἰτεῖ
871 2887 937 2936 in
974 2887 1410 2937 consubrinis
1445 2888 1585 2952 cod.)
1751 2889 1823 2937 1v
1862 2889 2045 2939 Schol.
2084 2889 2339 2939 Bobiens.
2389 2889 2446 2937 in
2485 2888 2597 2937 Cic.
2635 2904 2689 2954 p.
2728 2889 2828 2938 336
2866 2887 2960 2936 Or.

664 2951 992 3021 ‘calanticiq
1032 2956 1340 3005 ornamenti
1380 2971 1583 3020 genus,
1618 2972 1735 3037 quo
1766 2958 2004 3008 feminae
2044 2958 2232 3022 capita
2267 2955 2553 3017 uelabant,
2602 2955 2707 3006 hoc
2744 2955 2959 3005 nomine

667 3021 968 3074 serebatur.
1039 3023 1111 3071 Et
1134 3022 1398 3073 Afranius
1437 3025 1686 3074 meminit
1721 3025 1775 3074 in
1805 3024 2162 3075 Consobrinis
2188 3026 2269 3074 ita
2305 3023 2523 3074 dicens.
2562 3039 2699 3072 cum
2738 3024 2962 3072 mitris

668 3088 1388 3155 calanticis.1mpudico
1423 3092 1593 3155 igitur
1624 3091 1817 3142 habitu
1855 3091 2219 3143 erubescendi
2243 3091 2456 3141 decoris
2482 3091 2749 3172 quaedam
2788 3090 2962 3154 figura

657 3155 1037 3207 .describitur.’
1117 3157 1192 3207 cf.
1242 3156 1526 3209 Philoxeni
1572 3158 1739 3224 gloss.
1789 3161 2202 3220 ‘cacantica,
2251 3153 2408 3217 εἶδος
2453 3151 2650 3223 ζώνης’
2699 3156 2961 3220 (calau-

665 3226 807 3273 tiea
844 3223 1169 3287 Vulcanius)
1307 3228 1355 3276 V
1391 3226 1683 3276 Charisius
1722 3227 1774 3278 11
1819 3243 1872 3292 p.
1913 3229 2009 3279 183
2045 3228 2106 3280 Ρ.
2155 3227 2373 3276 ‘lente
2412 3226 2675 3276 Afranius
2722 3225 2778 3274 in
2817 3225 2960 3274 Con·

667 3292 932 3344 sobrinis:
972 3298 1105 3343 non'
1144 3309 1194 3343 e.
1223 3309 1272 3358 q.
1302 3309 1347 3344 s.
1398 3292 1878 3356 (Consabrinis
1916 3295 2058 3355 cod.)
2198 3295 2274 3344 VI
2299 3293 2586 3345 Charisius
2610 3295 2665 3344 11
2702 3310 2753 3359 p.
2783 3294 2959 3343 184P.

668 3361 1031 3493 ‘mtfffdicus
1079 3362 1342 3411 Afranius
1388 3362 1448 3411 in
1496 3361 1878 3419 Consobrinis:
1935 3364 2102 3413 naha'
2151 3379 2202 3414 e.
2251 3377 2303 3427 q.
2347 3376 2392 3413 s.
2474 3360 2961 3425 (consubrinis

669 3444 734 3477 co
779 3466 789 3475 .

836 3608 916 3666 33
963 3577 1084 3665 hem
1116 3610 1222 3665 isto
1263 3610 1428 3679 libri,
1475 3612 1589 3665 nisi
1624 3611 1780 3682 quod
1820 3609 2071 3665 hcmusto
2101 3609 2296 3666 Paris.
2427 3609 2536 3665 uita
2583 3607 2706 3663 uilis
2735 3609 2964 3678 Lipsius

685 3693 821 3750 γαν.
866 3696 999 3752 lect.
1046 3695 1118 3751 ΙΙ
1161 3692 1239 3750 28
1298 3692 1532 3750 ιιίῑειΙιίΙίε
1588 3694 1794 3751 Petau.
1840 3694 2020 3768 Luyd.
2068 3695 2258 3752 Germ.
2316 3693 2493 3767 Maql.
2558 3694 2715 3749 VoSS.
2762 3692 2957 3748 PariS.

667 3813 810 3886 Req.
984 3811 1065 3869 34
1110 3812 1316 3868 malunt
1361 3827 1446 3868 me
1490 3781 1619 3884 cui-q
1664 3813 1842 3886 Luyd.
2019 3813 2194 3868 uereri
2240 3806 2327 3888 se]
2375 3812 2582 3867 uerisse
2645 3811 2802 3868 Voss,

665 3890 752 3973 ab]
799 3914 827 3951 a
875 3896 1063 3952 Germ.
1096 3897 1273 3971 lugd.
1447 3896 1527 3954 35
1573 3896 1747 3953 sutilis
1789 3900 1913 3955 cod.
2085 3896 2163 3953 37
2211 3891 2513 3971 calanticis]
2561 3896 2961 3970 diphthonyum

664 3984 723 4036 in
768 3982 941 4038 leuius
986 3982 1258 4040 uocabula·
1297 3984 1595 4053 scriptura
1642 3989 1802 4038 recte
1848 3989 2043 4039 tuetur
2072 3981 2508 4037 Hildebrandus
2548 3983 2721 4054 yloss.
2770 3982 2961 4036 Paris.

659 4083 723 4137 p.
770 4064 889 4122 241
949 4068 1195 4123 conlatis
1252 4069 1495 4123 noviciis
1545 4066 1760 4139 formis
1814 4067 1987 4123 calota
2035 4073 2090 4122 et
2133 4065 2336 4122 calone
2550 4064 2630 4122 38
2676 4066 2967 4136 Responsa·

665 4188 886 4258 siynum
916 4184 965 4238 R
1007 4190 1173 4241 extat
1216 4188 1275 4241 in
1314 4186 1436 4241 cod.
1609 4202 1695 4242 em
1728 4188 1887 4242 cod..·
1931 4204 2009 4242 an
2054 4185 2176 4241 hem
2223 4187 2319 4242 uel
2362 4184 2540 4241 enim?
2710 4144 2970 4263 lenteqiifg

667 4270 791 4328 cod.
837 4268 1093 4343 lenteque
1140 4276 1192 4324 te
1238 4271 1325 4326 ed.
1369 4288 1463 4341 pr.
1509 4268 1657 4327 lente
1704 4278 1758 4325 te
1790 4270 2035 4327 Botkius
2078 4278 2134 4325 et
2165 4270 2544 4326 Her-mannus
2584 4271 2625 4325 1.
2668 4271 2705 4325 l.
2755 4267 2875 4325 279

669 4356 928 4412 Additum
979 4352 1240 4425 fortasse
1289 4354 1407 4426 fuit
1462 4354 1548 4411 dic
1594 4354 1723 4411 mihi
1981 4354 2059 4411 39
2111 4370 2253 4410 nunc
2309 4355 2435 4412 cod.
2497 4354 2659 4411 homo
2722 4354 2811 4409 ed.
2863 4371 2959 4426 pr.
