3400 5075
1287 349 1564 401 sssx'rvs
1602 348 1992 401 TVRP1L1vs
2668 348 2782 410 107

1364 504 1921 570 PHILOPATOR

1549 620 1582 685 1
1629 617 1729 706 (1)

500 711 624 774 175
1901 710 2204 773 miserum
2249 713 2436 793 pute,

673 824 739 889 Si
787 825 982 889 etiam
1030 823 1196 889 istuc
1243 825 1323 889 ad
1370 827 1606 889 malam
1654 827 1932 889 aetatem
1979 822 2249 889 accessit
2293 825 2463 906 mali.

1529 940 1593 1004 Π
1641 938 1744 1025 (5)

991 1105 1005 1119 .
1098 1076 1284 1139 gemo
1331 1056 1508 1119 meeis
1554 1055 1878 1139 fortunae,
1924 1056 2146 1119 mziter.
2237 1053 2271 1116 [Γ
2313 1054 2488 1118 hem!

674 1168 815 1245 Qua
862 1174 1057 1233 caiisa
1100 1169 1226 1233 huc
1274 1191 1465 1252 opere
1512 1172 1812 1235 maixumo
1860 1170 2313 1235 contenditur?

1521 1285 1621 1349 111
1669 1282 1771 1371 (4)

669 1398 949 1483 Disperii
995 1400 1255 1463 misera:
1303 1402 1376 1462 ut
1419 1402 1674 1463 uterum
1722 1400 2041 1464 cruciatur
2087 1400 2268 1464 mihi!

1514 1514 1609 1579 IV
1659 1512 1762 1601 (7)

502 1631 629 1694 180
676 1628 939 1695 Certum
985 1631 1059 1693 aie
1106 1629 1527 1693 deliberatum
1574 1632 1673 1693 est
1719 1651 1819 1693 me
1867 1630 1993 1694 illis
2041 1630 2324 1713 obsequi.

1533 1743 1594 1808 V
1642 1742 1743 1829 (8)

675 1858 885 1923 Locus
930 1855 1069 1942 ipse
1116 1859 1355 1923 inuitat
1397 1836 1609 1923 hercle
1655 1859 1760 1922 hie
1805 1858 2079 1924 Veneris
2128 1910 2141 1923 .
2190 1910 2203 1923 .

1495 1973 1593 2038 VI
1639 1970 1786 2058 (12)

671 2089 839 2154 Ecce
887 2093 1129 2172 autem,
1175 2087 1334 2152 mihi
1371 2088 1587 2152 uidere
1634 2091 1748 2152 tuo
1796 2111 2000 2174 more,
2045 2093 2119 2154 ut
2166 2091 2359 2175 sole8‚

630 2285 1003 2333 Pumopuon
1041 2280 1150 2349 (cf.
1187 2276 1524 2346 Φιλοπάτωρ
1561 2283 1897 2347 Antiphauis
1935 2290 1992 2333 et
2026 2284 2335 2349 Posidippi)
2381 2285 2786 2349 Obsequentem

495 2357 783 2415 parentum
819 2351 1063 2416 imperiis
1101 2350 1259 2401 trudis
1297 2351 1362 2403 fr.
1402 2351 1495 2402 IV.
1565 2350 1865 2400 Praeterea
1902 2350 2120 2415 puellae
2158 2353 2421 2416 grauidae
2459 2352 2604 2414 (111),
2643 2366 2785 2414 quae

493 2421 747 2469 fortunas
785 2435 913 2469 suas
950 2434 1069 2468 cum
1104 2424 1281 2467 matre
1319 2418 1655 2467 lamentatur
1691 2418 1806 2480 (11),
1849 2424 1904 2468 et
1940 2419 2247 2469 meretricis
2283 2421 2536 2483 procacis
2573 2418 2692 2481 (VI)
2730 2425 2787 2469 et

495 2486 869 2536 adulescentis
905 2486 1173 2536 luxuriosi
1200 2484 1349 2548 (VII)
1388 2500 1655 2550 personae
1694 2485 2157 2536 internoscantur.
2215 2485 2471 2552 Epistula
2497 2487 2703 2536 amissa
2731 2490 2788 2536 et

494 2556 562 2604 ab
601 2554 711 2604 alio
749 2553 890 2603 clam
928 2555 1150 2604 sublata
1189 2553 1333 2615 (XII.
1371 2553 1527 2615 XIII)
1566 2554 1735 2603 facile
1781 2553 1901 2604 fieri
1947 2556 2126 2619 potuit
2161 2560 2222 2603 ut
2256 2556 2441 2620 magni
2479 2555 2534 2604 in
2572 2571 2661 2605 res
2696 2556 2786 2604 uel

494 2622 835 2672 intricandas
862 2621 949 2671 uel
989 2621 1363 2687 expediendas
1389 2621 1648 2670 momenti
1667 2627 1831 2675 esset.
1969 2624 1994 2672 Ι
2029 2621 2240 2673 Nonius
2279 2625 2323 2685 1,
2363 2624 2428 2672 29
2467 2626 2784 2672 ‘aetatem

494 2688 731 2739 malam
767 2694 1110 2739 senectutem
1137 2696 1356 2739 ueteres
1383 2688 1637 2737 dixerunt
1663 2725 1675 2737 .
1704 2725 1716 2738 .
1745 2689 2057 2754 ,Turpilius
2083 2689 2467 2754 Filopatro:
2508 2689 2781 2740 miserum’

495 2773 541 2806 e.
585 2774 633 2822 q.
671 2772 713 2806 s.
788 2755 1166 2822 (Filopatro
1212 2757 1342 2805 libri
1380 2756 1607 2819 ubique,
1654 2762 1717 2805 ut
1752 2757 1879 2805 olim
1927 2758 2292 2821 persuaserim
2328 2757 2459 2806 mihi
2497 2758 2786 2821 hybridam

492 2824 900 2889 Philopator
927 2825 1149 2874 formam
1181 2839 1213 2872 a
1240 2827 1402 2887 poeta.
1429 2822 1722 2872 admissam
1752 2823 1944 2888 fuisse)
2082 2825 2137 2874 ΙΙ
2165 2825 2373 2874 Nonius
2399 2827 2517 2890 260,
2546 2827 2578 2874 8
2603 2830 2745 2874 ‘con
2767 2852 2786 2858 -

494 2892 721 2941 tendit
758 2892 1028 2956 proripuit
1064 2891 1155 2942 uel
1193 2891 1395 2940 direxit
1432 2891 1715 2954 significat
1740 2927 1753 2940 .
1781 2927 1795 2941 .
1822 2895 1858 2940 .’
1997 2891 2081 2940 111
2117 2893 2329 2942 Nouius
2364 2895 2484 2954 229,
2512 2894 2575 2942 32
2614 2897 2781 2941 ‘ute-

492 2975 609 3008 rus
635 2998 645 3008 .
677 3001 687 3012 .
719 2998 728 3008 .
758 2963 952 3008 neutro
978 2995 991 3008 .
1019 2997 1032 3009 .
1058 2964 1094 3008 .’
1232 2959 1309 3008 IV
1344 2959 1555 3008 Nonius
1591 2960 1710 3019 282,
1753 2961 1815 3009 10
1852 2958 2353 3019 ‘deliberatum‚
2395 2959 2782 3024 complacitum

493 3026 577 3075 uel
618 3026 941 3076 definitum?
1013 3027 1162 3075 Idem
1199 3028 1318 3081 429.
1354 3028 1415 3074 21
1458 3026 1727 3090 ‘cogitare
1766 3032 1851 3077 est
1897 3025 2181 3087 dubitare,
2227 3026 2618 3077 deliberare
2657 3042 2782 3076 con·

492 3093 725 3146 firmare.
797 3093 1075 3159 Turpilius
1111 3092 1543 3142 Boethuntibus:
1584 3108 1790 3157 quaeso
1817 3094 2005 3157 cogita
2040 3109 2104 3142 ao
2139 3094 2405 3144 delibera.
2463 3094 2607 3144 idem
2632 3094 2782 3143 Filo—

494 3165 682 3224 patro:
718 3166 926 3210 certum
965 3166 1052 3210 ae’
1089 3177 1132 3213 e.
1175 3177 1222 3225 q.
1259 3175 1302 3211 s.
1373 3159 1668 3222 (‘delibera
1695 3194 1707 3207 .
1736 3203 1748 3215 .
1774 3200 1786 3213 .
1816 3170 2022 3211 certum
2063 3166 2150 3211 ao'
2190 3178 2291 3211 om.
2329 3162 2547 3220 Bamb.)

492 3231 539 3277 V
575 3229 785 3278 Nonius
821 3231 937 3288 321,
982 3231 1042 3278 14
1079 3228 1392 3277 ‘inuitari
1432 3233 1517 3278 est
1552 3227 1820 3278 delectari
1847 3265 1858 3278 .
1887 3267 1898 3278 .
1928 3266 1938 3276 .
1966 3228 2245 3294 Turpilius
2281 3228 2658 3292 Thrasyleone
2687 3266 2698 3277 .
2729 3264 2741 3277 .
2769 3267 2783 3281 .

494 3296 635 3345 idem
685 3296 998 3361 Filopatro:
1046 3295 1222 3346 locus'
1272 3310 1316 3344 e.
1368 3311 1418 3360 q.
1463 3311 1507 3346 s.
1717 3297 1794 3345 VI
1838 3297 2051 3347 Nonius
2095 3298 2221 3359 484,
2260 3298 2323 3345 27
2371 3297 2650 3361 ‘sumpti
2687 3312 2784 3360 pro

494 3368 743 3427 sumptus
769 3400 781 3411 .
809 3401 820 3413 .
852 3367 887 3413 .’
959 3364 1113 3413 Idem
1149 3363 1264 3424 525,
1303 3365 1365 3412 31
1406 3363 1683 3427 ‘quotiens
1721 3379 1819 3427 per
1856 3364 2231 3413 aecusatiuum
2257 3378 2446 3412 casum
2483 3378 2656 3412 annos
2694 3363 2781 3411 uel

501 3431 622 3480 dies
659 3430 955 3495 loquimur,
995 3432 1152 3495 iuges
1191 3446 1367 3480 annos
1391 3431 1481 3480 uel
1516 3430 1635 3480 dies
1661 3429 2060 3493 significamus:
2101 3431 2354 3493 quotiens
2393 3446 2490 3495 per
2516 3431 2780 3489 datiuum,

493 3514 591 3562 per
616 3497 966 3548 interuallum
994 3498 1305 3548 interiectis
1329 3497 1601 3562 aliquibus
1627 3499 1788 3548 annis
1814 3497 1905 3548 uel
1941 3496 2153 3548 diebus.
2223 3498 2418 3562 ltaque
2456 3499 2550 3562 qui
2586 3503 2781 3562 optan-

664 3667 781 3724 176
826 3669 966 3723 istuc
1012 3685 1115 3724 om.
1164 3668 1320 3723 Leid.
1487 3665 1604 3722 177
1650 3682 1811 3740 gemo
1857 3682 2000 3720 meas
2058 3669 2272 3737 scripsi
2326 3685 2597 3741 gemmeas
2650 3670 2786 3723 libri

490 3767 647 3825 geme
678 3768 820 3806 meas
860 3756 954 3809 uel
1001 3754 1117 3807 hem
1151 3768 1295 3807 meas
1325 3752 1629 3808 Mercerus
1672 3753 1910 3824 geminas
1949 3751 2185 3807 Bolleius
2216 3752 2250 3806 2
2425 3769 2547 3824 gem
2575 3755 2785 3808 litteris

490 3839 639 3891 tituli
679 3835 991 3910 Philopatro
1049 3845 1308 3893 extrema
1366 3853 1427 3890 ro
1481 3837 1904 3908 praemittenda
1962 3851 2090 3891 esse
2143 3844 2338 3892 censet
2385 3837 2784 3892 Buecheler-us

490 3936 538 3975 e.
585 3937 635 3975 c.
684 3922 776 3992 qui
821 3938 1113 3994 prorogem
1155 3937 1490 3992 proponens
1618 3920 1916 3977 Personas
1946 3925 2116 3994 uulyo
2162 3938 2275 3975 non
2320 3922 2670 3993 distinquunt

492 4004 610 4060 179
657 4005 873 4077 disperii
919 4008 1044 4062 edd.
1092 4004 1313 4078 diisperi
1356 4008 1491 4061 libri
1661 4013 1721 4060 ut
1768 4005 2151 4077 GrautoffiuS,
2202 4023 2307 4061 om.
2353 4006 2487 4060 libri
2662 4004 2774 4060 181

491 4087 640 4144 locus
674 4089 817 4144 Bas.
865 4090 1022 4146 Leid.
1069 4089 1224 4145 lucus
1270 4094 1452 4146 ceteri
1624 4088 1742 4145 182
1789 4090 1918 4143 mihi
1963 4089 2150 4144 uidere
2196 4097 2290 4145 tuo
2337 4106 2487 4144 more
2534 4096 2593 4143 ut
2637 4087 2781 4143 soles

489 4174 733 4229 Bothius
790 4181 884 4228 tuo
942 4191 1095 4231 more
1153 4181 1212 4228 ut
1266 4174 1411 4229 soles
1463 4172 1645 4228 uidere
1703 4173 1832 4228 mihi
1887 4174 2023 4229 libri
2070 4192 2127 4245 p.
2169 4173 2323 4245 525,
2370 4188 2521 4246 quae
2566 4179 2781 4229 mutato

489 4258 616 4312 mihi
663 4261 720 4311 in
767 4259 836 4312 mi
883 4260 1179 4315 seruanda
1226 4274 1353 4315 esse
1384 4264 1579 4314 censet
1610 4258 2028 4328 Bzeeclzelerus,
2079 4261 2385 4331 eademque
2432 4260 2601 4313 edidit
2649 4257 2781 4325 Qui-

489 4342 804 4397 ckeracius.
884 4350 977 4397 tuu
1026 4358 1175 4397 more
1221 4343 1299 4397 uti
1345 4343 1489 4398 soles
1537 4340 1725 4398 uidere
1772 4342 1898 4397 mihi
1940 4344 2080 4398 libri
2115 4361 2175 4415 p.
2225 4342 2348 4401 484
