3400 5075
1442 328 1688 384 ADDEN
1699 328 1797 383 DA
2643 326 2765 382 CXI

460 494 571 559 alii
619 491 944 578 quomodo
994 514 1141 556 cum
1188 496 1324 557 arte
1375 496 1718 575 poetarum
1747 492 2147 577 tragicorum
2178 491 2432 575 qualem
2460 492 2759 557 novimus

460 601 791 666 conciliari
839 600 1098 684 possint
1144 600 1246 665 vel
1295 599 1533 664 senarii
1580 599 1923 683 trochaici,
1970 620 2130 682 quos
2179 598 2289 662 ille
2330 599 2546 683 finxit,
2594 598 2761 663 Livii

461 706 816 772 Andronici
864 730 921 772 v.
965 707 1045 771 16
1095 730 1187 790 sq.

887 814 1260 897 praestatur
1306 811 1532 878 virtuti
1577 812 1750 896 laus,
1798 812 1947 896 gelu
1996 815 2095 876 set
2142 811 2349 875 multo

892 919 1071 983 ocius
1118 921 1313 984 vento
1363 970 1376 984 .
1408 968 1422 982 .
1471 918 1752 982 tabescit

463 1028 563 1092 vel
611 1026 834 1091 cretici
880 1025 1079 1092 Accio
1126 1050 1187 1092 v.
1233 1026 1361 1091 558
1410 1047 1504 1107 sq.
1549 1025 1848 1108 inpositi,
1908 1048 2069 1109 quos
2116 1048 2196 1088 ne
2243 1026 2459 1089 metiri
2506 1026 2762 1109 quidem

462 1156 758 1217 possum,
814 1133 920 1197 vel
974 1154 1392 1197 numerorum
1446 1132 1757 1213 mixtura,
1822 1154 1950 1216 qua
2004 1131 2204 1196 Ennii
2256 1132 2537 1196 frustum
2593 1155 2763 1197 com-

463 1241 754 1324 positum
803 1261 944 1303 esse
991 1239 1372 1323 perhibetur
1417 1235 1505 1324 (v.
1558 1237 1681 1301 156
1732 1235 1878 1322 sq.):

1116 1419 1123 1427 ,
1329 1345 1451 1410 dtic
1499 1348 1566 1408 et
1610 1344 2090 1428 quadrupedem
2135 1346 2290 1430 iugo

889 1450 1168 1517 invitam
1215 1450 1409 1517 doma
1455 1450 1710 1515 infrena
1757 1455 1823 1515 et
1866 1451 2088 1537 iunge,

889 1559 1066 1623 valet
1111 1563 1421 1643 equorum
1467 1558 1725 1622 tenacia
1771 1555 2089 1621 infrenari
2132 1558 2345 1622 miniS.

466 1669 569 1733 vel
614 1666 881 1732 bacchei
929 1687 1074 1730 cum
1123 1666 1420 1730 anacrusi
1467 1662 1719 1729 Naevio
1768 1663 2003 1728 redditi
2051 1662 2166 1750 (44
2213 1662 2361 1749 sq.):

1316 1794 1472 1836 nam
1517 1777 1591 1835 ut
1636 1771 1856 1836 ludere

781 1877 1108 1965 laeltantl's
1155 1878 1325 1942 inter
1365 1879 1433 1942 se
1480 1878 1760 1942 vidimus
1807 1882 2064 1961 praeter
2112 1900 2367 1942 amnem

785 1984 1100 2071 crelterri's
1150 2007 1402 2049 sumere
1450 2007 1686 2069 aquam
1734 1985 1811 2047 ex
1858 1985 2038 2049 fonte

467 2093 566 2157 vel
614 2092 940 2175 simplices
986 2091 1253 2156 bacchei
1301 2091 1472 2175 apud
1517 2089 1789 2156 Accium
1834 2114 1893 2155 v.
1939 2092 2072 2156 464
2118 2092 2310 2156 tales:

1316 2195 1472 2282 quid
1519 2197 1575 2261 si
1623 2199 1700 2260 ex
1748 2195 2024 2262 Graecia

892 2306 1066 2369 omni
1113 2303 1300 2369 sslum
1347 2326 1466 2389 par
1510 2304 1699 2368 nemo
1748 2303 2018 2387 reperiri
2065 2305 2328 2388 potest?

466 2411 568 2476 vel
623 2412 893 2496 denique
950 2412 1355 2497 septenarius
1411 2409 1677 2475 Pacuvii
1734 2433 1793 2475 v.
1842 2412 1969 2476 208
2019 2434 2110 2495 sq.
2167 2412 2261 2475 sic
2318 2413 2762 2479 continuatus:

554 2519 658 2584 fac
689 2523 763 2584 ut
784 2519 1034 2603 coepsti
1052 2518 1220 2584 hanc
1241 2540 1506 2604 operam
1526 2516 1689 2582 mihi
1711 2516 1821 2582 des
1842 2520 2194 2604 perpetem,
2223 2518 2425 2584 oculis
2455 2521 2765 2586 traxerim

467 2626 536 2713 (i.
582 2649 633 2691 e.
681 2627 866 2710 quasi
911 2626 1242 2690 hauserim
1290 2621 1544 2709 oculis).

642 2730 815 2797 Nam
860 2754 941 2796 ne
989 2731 1067 2796 de
1115 2752 1410 2797 sermone
1440 2730 1698 2816 quidem
1728 2753 2157 2816 sensuumque
2186 2733 2400 2799 colore
2430 2733 2531 2797 illi
2560 2734 2762 2798 aetati

467 2843 532 2903 et
585 2840 803 2924 poesis
862 2838 1082 2924 generi
1139 2840 1295 2921 apto
1352 2860 1496 2902 cum
1555 2839 1717 2902 satis
1774 2838 1944 2902 inter
1996 2861 2117 2904 nos
2173 2840 2542 2918 conveniat,
2599 2841 2760 2904 satis

469 2968 818 3032 agnoscere
864 2967 998 3011 non
1042 2967 1312 3028 possum
1360 2948 1474 3009 aut
1501 2946 1938 3010 mutationum
1966 2945 2425 3011 facillimarum
2453 2947 2761 3011 virtutem

468 3057 580 3118 aut
652 3052 949 3117 servandi
1021 3050 1300 3115 traditas
1373 3051 1628 3116 litteras
1694 3052 2097 3119 modestiam.
2188 3053 2293 3117 An
2360 3053 2506 3117 aliis
2571 3054 2760 3117 satis-

467 3158 709 3224 facient
755 3181 808 3222 e.
856 3181 907 3223 c.
953 3157 1256 3222 Enniana
1298 3157 1461 3222 haec
1507 3156 1665 3244 (132
1714 3157 1878 3246 sq.)‘?

890 3268 1104 3329 tacere
1151 3265 1348 3348 opino
1395 3286 1535 3329 esse
1574 3265 1896 3350 optimum
1934 3271 2000 3331 et
2036 3288 2155 3350 pro
2193 3267 2440 3331 viribus

894 3392 1120 3454 sapere
1168 3373 1360 3454 atque
1404 3370 1685 3436 fabulari
1730 3376 1806 3436 ut
1847 3376 1985 3437 tute
2030 3374 2288 3437 noveris

467 3473 598 3566 (‘in
645 3477 1035 3543 accordance
1082 3477 1245 3541 with
1290 3478 1463 3541 one's
1511 3501 1658 3543 own
1704 3478 2155 3566 knowledge').

644 3584 781 3650 Nec
828 3585 965 3648 sine
1018 3584 1223 3648 nimio
1270 3584 1535 3649 fastidio
1583 3586 1861 3651 tolerare
1908 3585 2202 3670 equidem
2248 3607 2516 3669 possum
2560 3585 2758 3652 Pacu-

466 3693 661 3758 viana
707 3713 764 3756 v.
811 3691 966 3755 200:

980 3820 1106 3862 neu
1151 3798 1479 3884 relliquias
1525 3800 1797 3864 semiessi
1841 3800 2027 3864 sireis
2074 3800 2130 3866 d.
2180 3823 2236 3866 o.

642 3904 822 3968 Inter
875 3926 954 3968 ea
1008 3926 1170 3987 quae
1217 3906 1460 3970 servari
1505 3905 1725 3990 iussit,
1779 3927 1832 3971 e.
1879 3929 1930 3971 c.
1977 3908 2148 3991 apud
2193 3907 2478 3972 Ennium
2524 3933 2583 3973 v.
2629 3909 2760 3973 360

453 4013 615 4095 pati,
661 4011 832 4094 apud
887 4010 1239 4075 Pacuvium
1300 4013 1382 4076 72
1445 4034 1625 4095 super
1684 4015 1840 4078 satis
1892 4035 2092 4094 affere,
2151 4015 2234 4078 73
2290 4022 2629 4080 concertare
2687 4035 2760 4078 ac

465 4120 522 4182 d.
559 4123 802 4197 partem
846 4118 954 4181 dat
996 4140 1243 4183 cursum
1296 4141 1380 4203 a.,
1448 4119 1532 4183 75
1595 4120 1884 4184 domitum
1938 4120 2152 4206 (quasi
2212 4121 2597 4208 inpositum)
2644 4125 2756 4186 im-

454 4226 716 4308 perium,
768 4225 894 4289 162
932 4245 1048 4306 per
1079 4227 1434 4306 penum‘am,
1486 4226 1610 4290 163
1645 4227 1894 4290 ,ςιιόαωὶι
1928 4225 2154 4313 (supra
2191 4250 2247 4292 v.
2295 4229 2415 4293 161
2457 4229 2757 4294 coniecit:

465 4352 583 4414 quo
618 4332 744 4397 iam
777 4352 870 4395 me
903 4331 946 4395 i.
973 4329 1084 4419 0.),
1135 4332 1262 4397 194
1306 4332 1450 4397 haec
1494 4329 1608 4420 <==
1647 4327 1858 4398 ‘these
1905 4332 2161 4421 parts'),
2214 4335 2334 4401 197
2382 4356 2583 4402 somno
2626 4356 2756 4402 sus-
