3400 5075
601 319 602 326 ἵ
691 341 818 408 274
1289 347 1588 399 mosum
1626 345 1933 399 NOMINIS
1974 347 2373 412 usmovm:

1179 502 1541 586 INCERTI
1588 503 1960 569 NOMINIS
2007 505 2491 582 RELIQVIAE

1824 620 1855 684 Ι

866 735 1076 801 Varro
1125 736 1201 799 de
1247 737 1286 799 l.
1327 735 1396 799 L.
1436 735 1564 800 VII
1612 736 1697 800 95
1729 735 1814 800 M.
1862 737 2129 802 ‘dictum
2175 738 2467 801 mandier
2514 761 2552 802 a
2599 740 2983 824 mandend0‚

687 852 856 915 unde
887 851 1280 936 manducari,
1314 874 1353 916 a
1381 874 1508 934 quo
1537 852 1606 915 in
1634 850 1958 916 Atellanis
1988 850 2471 917 Dossennum
2502 858 2745 918 uocant
2773 841 2980 919 Man—

687 968 1000 1031 ducum?

1796 1056 1861 1121 II

861 1169 1143 1256 HospeS‚
1189 1172 1414 1235 resiste
1461 1173 1528 1234 et
1573 1171 1869 1255 sophiam
1914 1171 2246 1237 Dossenni
2288 1174 2446 1258 lege.

1784 1287 1885 1351 III

860 1400 1063 1466 Venit
1109 1402 1488 1468 Dorsennus
1537 1403 1575 1466 εἰ
1622 1403 1779 1467 uilla
1870 1452 2311 1468 .....

1789 1517 1885 1584 IV

862 1630 1102 1698 Hireus
1148 1634 1405 1698 uetulus
1454 1634 1703 1717 capreis
1749 1636 2051 1698 naturam
2097 1635 2372 1718 ligurrit.

1803 1748 1865 1813 V

848 1859 1139 1948 Ὑγίαινε
1184 1860 1419 1949 πάτερ,
1464 1858 1731 1947 ὑγίαινε
1777 1864 1980 1947 μῆτερ
2072 1915 2087 1928 .
2180 1913 2195 1927 .
2286 1913 2301 1928 .

1638 1954 1673 1991 ’l‘
1981 1954 2016 1991 ’l‘

769 2041 811 2106 5
946 2036 1148 2107 Orcus
1195 2041 1380 2107 uobis
1423 2042 1604 2107 ‘dticit
1646 1996 1847 2126 pedest
1936 2092 1950 2106 .
2043 2094 2056 2106 .
2147 2092 2164 2108 .
2255 2093 2268 2106 .

815 2221 927 2269 Ine.
966 2222 1113 2270 Nou.
1183 2219 1210 2267 Ι
1249 2219 1626 2269 Dossenum
1665 2220 1729 2269 Ο.
1760 2219 2055 2269 Muellerus
2082 2221 2136 2269 in
2162 2219 2297 2272 Add.
2324 2237 2376 2284 p.
2404 2222 2503 2271 303
2542 2221 2619 2271 ad
2658 2223 2970 2271 obsenum

678 2287 806 2338 libri
852 2288 1105 2351 plerique
1156 2288 1233 2336 ad
1283 2289 1648 2338 obscenum
1687 2287 1837 2337 Flor.
1880 2293 2024 2337 teste
2062 2289 2133 2336 H.
2174 2288 2259 2350 K„
2299 2286 2462 2340 Goth.
2501 2288 2624 2343 Par.
2664 2290 2695 2337 b
2742 2289 2818 2338 ad
2866 2290 2971 2338 ob·

677 2371 1002 2406 scoenum
1037 2356 1225 2405 Haun.
1262 2355 1433 2420 apud
1471 2359 1885 2406 Dossennum
1913 2354 1977 2403 Ο.
2005 2356 2306 2405 Muellerus
2343 2371 2705 2420 personam
2733 2357 2970 2406 Schobe-

676 2439 768 2473 rus
806 2423 871 2473 de
899 2422 1060 2473 Atell.
1099 2440 1152 2487 p.
1195 2424 1256 2472 18
1295 2423 1562 2474 edacem
1591 2423 1938 2472 Duentzerus
1975 2439 2106 2472 mus.
2134 2422 2307 2471 Rhen.
2334 2423 2534 2474 V1288
2676 2425 2723 2473 11
2761 2424 2971 2473 Seneca

674 2492 835 2557 epist.
880 2492 966 2556 89,
1018 2495 1050 2542 6
1095 2492 1399 2556 ‘sapientia
1443 2498 1558 2552 est,
1611 2506 1778 2556 quam
1823 2488 2022 2541 Graeci
2068 2491 2332 2556 σοφίαν
2378 2495 2596 2542 uocant.
2653 2492 2754 2541 hoc
2798 2491 2967 2542 uerbo

677 2559 909 2609 Romani
947 2575 1162 2624 quoque
1200 2560 1521 2622 utebantur,
1561 2561 1707 2609 sicut
1744 2558 2096 2624 philosophia
2121 2574 2267 2609 nunc
2305 2575 2518 2625 quoque
2546 2566 2788 2610 utuntur.
2828 2560 2970 2624 quod

677 2633 734 2676 et
771 2632 997 2691 togatae
1034 2628 1135 2676 tibi
1184 2628 1450 2691 antiquae
1487 2627 1799 2692 probabunt
1838 2634 1894 2676 et
1942 2628 2324 2691 inscriptus
2360 2627 2701 2677 Dossenni
2745 2643 2969 2677 monu-

676 2733 894 2778 mento
931 2728 1201 2779 titulus:
1241 2728 1466 2793 hospes’
1506 2744 1554 2783 e.
1595 2744 1646 2793 q.
1675 2743 1719 2776 s.
1759 2704 2072 2790 <Dosse3i
2109 2729 2300 2777 Bamb.
2339 2731 2740 2794 Dossempni
2779 2728 2965 2779 Guelf.

675 2795 1054 2845 Dossennii
1101 2795 1296 2855 Rehd.)
1503 2795 1585 2846 111
1624 2795 1924 2846 Suetonius
1961 2796 2081 2846 uita
2118 2796 2332 2847 Galbae
2374 2800 2436 2847 13
2464 2793 2659 2860 'quare
2698 2798 2970 2848 aduentus

676 2864 795 2912 eius
833 2880 942 2913 non
991 2863 1221 2928 perinde
1269 2869 1462 2927 gratus
1498 2864 1630 2913 fuit:
1679 2864 1844 2928 idque
1881 2866 2128 2928 proximo
2175 2865 2497 2928 spectaculo
2536 2866 2815 2930 apparuit.
2886 2864 2967 2913 Si-

675 2931 896 2996 quidem
931 2930 1209 2981 Atellanis
1247 2933 1670 2983 notissimum
1712 2932 2042 2982 canticum
2083 2933 2293 2983 exorsis
2340 2934 2529 2982 uenit
2574 2934 2966 2987 Dorsennus

675 3015 708 3047 a
755 2999 935 3048 uilla
981 2999 1162 3048 cuncti
1207 2998 1367 3047 simul
1415 3006 1762 3064 spectatores
1811 3000 2189 3050 consentiente
2240 3016 2377 3049 uoce
2433 2999 2695 3064 reliquam
2753 3006 2966 3064 partem

673 3065 1034 3125 rettulerunt,
1087 3082 1152 3115 ac
1199 3068 1422 3130 saepius
1467 3081 1629 3116 uersu
1682 3070 1920 3132 repetito
1975 3072 2251 3132 egerunt.'
2331 3066 2497 3117 Chori
2549 3083 2648 3116 seu
2704 3075 2962 3117 cateruae

673 3136 950 3183 canticum
988 3134 1091 3183 hoc
1117 3149 1240 3183 esse
1277 3134 1411 3183 dicit
1436 3132 1498 3187 G.
1528 3135 1876 3185 Hermannus
1914 3151 2096 3200 opusc.
2124 3135 2151 3183 1
2176 3132 2276 3186 298
2415 3136 2486 3184 lv
2528 3136 2823 3185 Suetonius
2849 3136 2968 3184 uita

676 3202 889 3251 Tiberii
914 3202 980 3251 45
1005 3201 1171 3250 ‘unde
1209 3205 1362 3250 nota’
1401 3201 1625 3266 (‘mora’
1652 3204 1886 3253 Rothius
1913 3219 1978 3253 ex
2004 3204 2227 3268 optimis
2267 3202 2443 3267 libris)
2484 3203 2537 3250 in
2573 3202 2965 3252 Atellanico

672 3270 911 3320 exodio
960 3268 1219 3334 proximis
1266 3268 1411 3319 ludis
1458 3285 1692 3320 assensu
1738 3273 1972 3320 maximo
2011 3275 2246 3335 excepta
2293 3271 2658 3334 percrebruit:
2706 3270 2961 3319 hircum

671 3337 976 3387 uetulum
1012 3338 1284 3400 capreis
1321 3341 1630 3387 naturam
1668 3329 2025 3403 ligurrire.‘
2170 3337 2218 3387 V
2255 3337 2552 3387 Suetonius
2588 3339 2709 3386 uita
2732 3337 2964 3387 Neronis

673 3508 799 3553 tuus
843 3500 1098 3573 antiquus
1140 3500 1293 3568 libri,
1340 3501 1454 3553 nisi
1479 3497 1634 3570 quod
1670 3514 1781 3568 pro
1815 3506 1941 3551 tuus
1974 3514 2116 3554 uoce
2148 3515 2280 3553 auus
2314 3499 2453 3554 Par.
2488 3518 2524 3554 a
2568 3506 2757 3553 atauus
2793 3498 2956 3554 Goth.

671 3586 805 3639 Aius
858 3584 1111 3639 Turnebi
1153 3585 1278 3637 cod.
1326 3584 1535 3637 uicinus
1579 3583 1833 3654 antiquus
1881 3590 2006 3636 tuus
2052 3583 2117 3637 L.
2167 3583 2416 3640 Mueller

843 3668 872 3721 1
923 3667 1169 3739 sophiam
1216 3667 1400 3722 Reled.
1448 3667 1719 3740 sophisma
1769 3667 1959 3737 Guels.
2007 3668 2230 3741 sophian
2266 3672 2448 3724 celeri
2485 3670 2623 3724 libri
2792 3668 2827 3721 2
2876 3668 2961 3723 De

669 3753 924 3807 numeris
980 3754 1198 3805 cantici
1249 3755 1396 3806 certi
1449 3753 1530 3807 nil
1585 3754 1769 3806 ausim
1827 3753 2175 3823 adfirmare.-
2230 3756 2388 3808 initio
2446 3768 2654 3808 uersus
2705 3752 2963 3823 sortasse

663 3843 795 3906 post
840 3833 990 3889 uenit
1034 3838 1355 3899 interiectio
1388 3838 1614 3907 aliqua,
1659 3833 1923 3905 fortasse
1969 3837 2105 3908 hen,
2152 3844 2354 3893 secuta
2398 3845 2483 3892 est
2654 3825 2960 3891 Dorsennus

669 3920 1026 3975 GAScbmidt
1080 3923 1137 3975 in
1196 3920 1414 3991 ephem.
1472 3920 1728 3975 Darmst.
1791 3919 1954 3977 1840
2004 3938 2064 3991 p.
2116 3920 2305 3991 1232,
2365 3925 2494 3976 item
2549 3921 2963 3977 Lachmamms

666 4006 790 4059 ione
834 4004 1003 4058 simus
1058 4005 1221 4074 libri,
1278 4007 1391 4059 nisi
1445 4006 1599 4076 quod
1650 4003 1895 4058 misimus
1959 4005 2166 4061 Viterln
2211 4007 2300 4076 ie,
2357 4005 2640 4060 Onesimus
2698 4005 2963 4060 Muretus

681 4087 818 4143 Vter.
876 4090 1009 4144 lect.
1078 4090 1123 4143 V
1169 4089 1237 4143 11
1303 4088 1406 4143 ohe
1461 4090 1628 4143 simus
1677 4089 2006 4145 Gronouius
2060 4092 2113 4145 io
2170 4091 2337 4145 simus
2393 4090 2622 4145 Ernesti
2671 4091 2723 4144 io
2779 4090 2957 4143 Simus

664 4174 767 4229 ΡΑ
785 4173 1023 4244 Wolfius
1194 4173 1230 4229 3
1278 4173 1569 4228 Sotadium
1602 4177 1807 4229 notaui
1832 4176 2088 4229 numeris
2116 4178 2339 4230 minime
2369 4178 2564 4229 certis,
2655 4173 2958 4229 Saum-ium

665 4256 884 4331 ligurrit
916 4266 1155 4312 naturam
1189 4257 1370 4312 hircus
1404 4257 1625 4312 uetulus
1656 4258 1871 4330 Capreis
1911 4259 2304 4314 Buechelerus
2324 4262 2633 4329 proposuit
2788 4257 2823 4311 4
2874 4274 2955 4330 sq.

669 4342 883 4401 Versus
918 4344 1142 4411 prioris
1185 4346 1411 4397 numeri
1452 4342 1705 4413 iambici,
1754 4343 1996 4398 alterius
2040 4344 2345 4398 bacchium·
2386 4346 2659 4398 uidentur
2703 4358 2831 4399 esse
