<?xml version="1.0" encoding="UTF-8"?>
<!DOCTYPE html PUBLIC "-//W3C//DTD XHTML 1.0 Transitional//EN"
    "http://www.w3.org/TR/xhtml1/DTD/xhtml1-transitional.dtd">
<html xmlns="http://www.w3.org/1999/xhtml" xml:lang="en" lang="en">
 <head>
  <title>
</title>
<meta http-equiv="Content-Type" content="text/html;charset=utf-8" />
  <meta name='ocr-system' content='tesseract 3.04.00' />
  <meta name='ocr-capabilities' content='ocr_page ocr_carea ocr_par ocr_line ocrx_word'/>
</head>
<body>
  <div class='ocr_page' id='page_1' title='image "./comicorumromano00teregoog_0083.png"; bbox 0 0 3400 5075; ppageno 0'>
   <div class='ocr_carea' id='block_1_1' title="bbox 1261 289 2674 348">
    <p class='ocr_par' dir='ltr' id='par_1_1' title="bbox 1261 289 2674 348">
     <span class='ocr_line' id='line_1_1' title="bbox 1261 289 2674 348; baseline 0.001 -2"><span class='ocrx_word' id='word_1_1' title='bbox 1261 289 1789 347; x_wconf 84' lang='lat' dir='ltr'><strong>COROLLARIVM</strong></span> <span class='ocrx_word' id='word_1_2' title='bbox 2445 290 2674 348; x_wconf 84' lang='lat' dir='ltr'>LXXXI</span> 
     </span>
    </p>
   </div>
   <div class='ocr_carea' id='block_1_2' title="bbox 363 451 2675 4279">
    <p class='ocr_par' dir='ltr' id='par_1_2' title="bbox 365 451 2672 648">
     <span class='ocr_line' id='line_1_2' title="bbox 556 451 2672 543; baseline 0.001 -24"><span class='ocrx_word' id='word_1_3' title='bbox 556 456 644 520; x_wconf 87' lang='lat'>70</span> <span class='ocrx_word' id='word_1_4' title='bbox 693 453 969 543; x_wconf 61' lang='lat' dir='ltr'>{lambos</span> <span class='ocrx_word' id='word_1_5' title='bbox 1025 457 1177 538; x_wconf 78' lang='lat' dir='ltr'>quin</span> <span class='ocrx_word' id='word_1_6' title='bbox 1231 456 1383 522; x_wconf 76' lang='lat' dir='ltr'>bo‘no</span> <span class='ocrx_word' id='word_1_7' title='bbox 1435 453 1656 543; x_wconf 63' lang='lat' dir='ltr'>[animo</span> <span class='ocrx_word' id='word_1_8' title='bbox 1712 456 1816 521; x_wconf 81' lang='lat' dir='ltr'>es?</span> <span class='ocrx_word' id='word_1_9' title='bbox 1867 451 2047 543; x_wconf 75' lang='lat' dir='ltr'>{video</span> <span class='ocrx_word' id='word_1_10' title='bbox 2101 457 2374 539; x_wconf 60' lang='lat' dir='ltr'>&amp;qm&#39;sti</span> <span class='ocrx_word' id='word_1_11' title='bbox 2429 479 2479 521; x_wconf 91' lang='lat' dir='ltr'>e.</span> <span class='ocrx_word' id='word_1_12' title='bbox 2518 479 2577 541; x_wconf 89' lang='lat' dir='ltr'>q.</span> <span class='ocrx_word' id='word_1_13' title='bbox 2625 480 2672 521; x_wconf 95' lang='lat' dir='ltr'>s.</span> 
     </span>
     <span class='ocr_line' id='line_1_3' title="bbox 365 562 1205 648; baseline 0.001 -22"><span class='ocrx_word' id='word_1_14' title='bbox 365 563 500 627; x_wconf 86' lang='lat' dir='ltr'>fuit</span> <span class='ocrx_word' id='word_1_15' title='bbox 545 563 661 648; x_wconf 88' lang='lat' dir='ltr'>qui</span> <span class='ocrx_word' id='word_1_16' title='bbox 708 562 1205 627; x_wconf 75' lang='lat' dir='ltr'>commendaret.</span> 
     </span>
    </p>

    <p class='ocr_par' dir='ltr' id='par_1_3' title="bbox 369 669 2669 968">
     <span class='ocr_line' id='line_1_4' title="bbox 558 669 2668 753; baseline 0 -20"><span class='ocrx_word' id='word_1_17' title='bbox 558 670 681 734; x_wconf 89' lang='grc'>109</span> <span class='ocrx_word' id='word_1_18' title='bbox 737 690 875 753; x_wconf 72' lang='lat' dir='ltr'>erqo</span> <span class='ocrx_word' id='word_1_19' title='bbox 922 669 1077 733; x_wconf 77' lang='lat' dir='ltr'>mihi</span> <span class='ocrx_word' id='word_1_20' title='bbox 1119 669 1513 735; x_wconf 79' lang='lat' dir='ltr'><strong><em>Dossennum</em></strong></span> <span class='ocrx_word' id='word_1_21' title='bbox 1570 670 1734 735; x_wconf 89' lang='lat' dir='ltr'>coni.</span> <span class='ocrx_word' id='word_1_22' title='bbox 1781 671 1899 735; x_wconf 88' lang='lat' dir='ltr'>Ed.</span> <span class='ocrx_word' id='word_1_23' title='bbox 1945 669 2196 735; x_wconf 83' lang='lat' dir='ltr'>Becker</span> <span class='ocrx_word' id='word_1_24' title='bbox 2248 671 2490 736; x_wconf 77' lang='lat' dir='ltr'>stud.&#39;I</span> <span class='ocrx_word' id='word_1_25' title='bbox 2543 671 2668 734; x_wconf 83' lang='lat'>174</span> 
     </span>
     <span class='ocr_line' id='line_1_5' title="bbox 369 775 2669 862; baseline -0 -21"><span class='ocrx_word' id='word_1_26' title='bbox 369 779 482 860; x_wconf 75' lang='lat' dir='ltr'>qui</span> <span class='ocrx_word' id='word_1_27' title='bbox 535 800 591 842; x_wconf 82' lang='lat' dir='ltr'>v.</span> <span class='ocrx_word' id='word_1_28' title='bbox 640 798 768 860; x_wconf 89' lang='lat' dir='ltr'>seq.</span> <span class='ocrx_word' id='word_1_29' title='bbox 818 775 1206 859; x_wconf 81' lang='lat' dir='ltr'>‘quomodo’</span> <span class='ocrx_word' id='word_1_30' title='bbox 1260 777 1726 862; x_wconf 77' lang='lat' dir='ltr'>interpretans,</span> <span class='ocrx_word' id='word_1_31' title='bbox 1786 780 1973 861; x_wconf 89' lang='lat' dir='ltr'>quasi</span> <span class='ocrx_word' id='word_1_32' title='bbox 2035 782 2365 844; x_wconf 88' lang='lat' dir='ltr'>constaret</span> <span class='ocrx_word' id='word_1_33' title='bbox 2410 777 2669 842; x_wconf 88' lang='lat' dir='ltr'>easdem</span> 
     </span>
     <span class='ocr_line' id='line_1_6' title="bbox 374 883 2417 968; baseline 0.002 -22"><span class='ocrx_word' id='word_1_34' title='bbox 374 883 693 947; x_wconf 85' lang='lat' dir='ltr'>sermonis</span> <span class='ocrx_word' id='word_1_35' title='bbox 739 883 918 967; x_wconf 85' lang='lat' dir='ltr'>leges</span> <span class='ocrx_word' id='word_1_36' title='bbox 965 883 1397 968; x_wconf 91' lang='lat' dir='ltr'>Pomponium</span> <span class='ocrx_word' id='word_1_37' title='bbox 1446 907 1521 949; x_wconf 90' lang='lat' dir='ltr'>ac</span> <span class='ocrx_word' id='word_1_38' title='bbox 1565 883 1874 948; x_wconf 89' lang='lat' dir='ltr'>Plautum</span> <span class='ocrx_word' id='word_1_39' title='bbox 1921 909 2060 950; x_wconf 90' lang='lat' dir='ltr'>esse</span> <span class='ocrx_word' id='word_1_40' title='bbox 2109 888 2417 950; x_wconf 82' lang='lat' dir='ltr'>secutum.</span> 
     </span>
    </p>

    <p class='ocr_par' dir='ltr' id='par_1_4' title="bbox 376 989 2669 1182">
     <span class='ocr_line' id='line_1_7' title="bbox 557 989 2669 1077; baseline 0.001 -24"><span class='ocrx_word' id='word_1_41' title='bbox 557 990 684 1053; x_wconf 96' lang='grc'>112</span> <span class='ocrx_word' id='word_1_42' title='bbox 712 989 970 1053; x_wconf 86' lang='lat' dir='ltr'>Incerta</span> <span class='ocrx_word' id='word_1_43' title='bbox 999 991 1303 1075; x_wconf 89' lang='lat' dir='ltr'>opinione</span> <span class='ocrx_word' id='word_1_44' title='bbox 1332 992 1672 1055; x_wconf 74' lang='lat' dir='ltr'>manduc-us</span> <span class='ocrx_word' id='word_1_45' title='bbox 1699 991 2018 1057; x_wconf 89' lang='lat' dir='ltr'>librorum</span> <span class='ocrx_word' id='word_1_46' title='bbox 2039 993 2430 1077; x_wconf 76' lang='lat' dir='ltr'>scripturam</span> <span class='ocrx_word' id='word_1_47' title='bbox 2449 993 2669 1057; x_wconf 88' lang='lat' dir='ltr'>nescio</span> 
     </span>
     <span class='ocr_line' id='line_1_8' title="bbox 376 1096 1590 1182; baseline 0.002 -22"><span class='ocrx_word' id='word_1_48' title='bbox 376 1098 521 1181; x_wconf 89' lang='lat' dir='ltr'>quis</span> <span class='ocrx_word' id='word_1_49' title='bbox 566 1096 921 1161; x_wconf 74' lang='lat' dir='ltr'>manduco’s</span> <span class='ocrx_word' id='word_1_50' title='bbox 964 1097 1427 1182; x_wconf 85' lang='lat' dir='ltr'>interpretatus</span> <span class='ocrx_word' id='word_1_51' title='bbox 1477 1102 1590 1163; x_wconf 88' lang='lat' dir='ltr'>est.</span> 
     </span>
    </p>

    <p class='ocr_par' dir='ltr' id='par_1_5' title="bbox 363 1201 2672 1393">
     <span class='ocr_line' id='line_1_9' title="bbox 561 1201 2672 1273; baseline 0.002 -7"><span class='ocrx_word' id='word_1_52' title='bbox 561 1204 685 1267; x_wconf 87' lang='lat'>113</span> <span class='ocrx_word' id='word_1_53' title='bbox 742 1201 1013 1268; x_wconf 90' lang='lat' dir='ltr'>Minime</span> <span class='ocrx_word' id='word_1_54' title='bbox 1060 1204 1442 1270; x_wconf 84' lang='lat' dir='ltr'>molliuntur</span> <span class='ocrx_word' id='word_1_55' title='bbox 1490 1208 1794 1270; x_wconf 89' lang='lat' dir='ltr'>accentus</span> <span class='ocrx_word' id='word_1_56' title='bbox 1841 1206 2118 1270; x_wconf 82' lang='lat' dir='ltr'>inversis</span> <span class='ocrx_word' id='word_1_57' title='bbox 2165 1207 2453 1273; x_wconf 60' lang='lat' dir='ltr'>intestato</span> <span class='ocrx_word' id='word_1_58' title='bbox 2492 1227 2672 1272; x_wconf 72' lang='lat' dir='ltr'>senex</span> 
     </span>
     <span class='ocr_line' id='line_1_10' title="bbox 363 1312 796 1393; baseline 0 -20"><span class='ocrx_word' id='word_1_59' title='bbox 363 1312 796 1393; x_wconf 69' lang='lat' dir='ltr'>proficiscitur.</span> 
     </span>
    </p>

    <p class='ocr_par' dir='ltr' id='par_1_6' title="bbox 376 1418 2672 1607">
     <span class='ocr_line' id='line_1_11' title="bbox 561 1418 2672 1505; baseline 0.001 -24"><span class='ocrx_word' id='word_1_60' title='bbox 561 1419 688 1481; x_wconf 86' lang='lat'>114</span> <span class='ocrx_word' id='word_1_61' title='bbox 732 1418 984 1483; x_wconf 75' lang='lat' dir='ltr'>adside.</span> <span class='ocrx_word' id='word_1_62' title='bbox 1015 1423 1299 1483; x_wconf 78' lang='lat' dir='ltr'>‚strenue</span> <span class='ocrx_word' id='word_1_63' title='bbox 1343 1421 1418 1482; x_wconf 90' lang='lat' dir='ltr'>ut</span> <span class='ocrx_word' id='word_1_64' title='bbox 1446 1419 1942 1505; x_wconf 85' lang='lat' dir='ltr'>coniungantur,</span> <span class='ocrx_word' id='word_1_65' title='bbox 1989 1443 2244 1486; x_wconf 89' lang='lat' dir='ltr'>comma</span> <span class='ocrx_word' id='word_1_66' title='bbox 2270 1423 2423 1505; x_wconf 90' lang='lat' dir='ltr'>post</span> <span class='ocrx_word' id='word_1_67' title='bbox 2464 1424 2672 1485; x_wconf 81' lang='lat' dir='ltr'>strena</span> 
     </span>
     <span class='ocr_line' id='line_1_12' title="bbox 376 1524 911 1607; baseline -0.002 -19"><span class='ocrx_word' id='word_1_68' title='bbox 376 1524 746 1607; x_wconf 90' lang='lat' dir='ltr'>ponendum</span> <span class='ocrx_word' id='word_1_69' title='bbox 795 1529 911 1588; x_wconf 86' lang='lat' dir='ltr'>est.</span> 
     </span>
    </p>

    <p class='ocr_par' dir='ltr' id='par_1_7' title="bbox 375 1588 2675 2569">
     <span class='ocr_line' id='line_1_13' title="bbox 562 1588 2675 1717; baseline 0.001 -24"><span class='ocrx_word' id='word_1_70' title='bbox 562 1632 684 1695; x_wconf 88' lang='grc'>128</span> <span class='ocrx_word' id='word_1_71' title='bbox 763 1632 957 1695; x_wconf 61' lang='lat' dir='ltr'>tristis</span> <span class='ocrx_word' id='word_1_72' title='bbox 1025 1628 1565 1697; x_wconf 83' lang='lat' dir='ltr'>OFWMuellero</span> <span class='ocrx_word' id='word_1_73' title='bbox 1631 1633 1890 1716; x_wconf 87' lang='lat' dir='ltr'>prosod.</span> <span class='ocrx_word' id='word_1_74' title='bbox 1953 1634 2078 1697; x_wconf 85' lang='lat'>103</span> <span class='ocrx_word' id='word_1_75' title='bbox 2143 1655 2258 1697; x_wconf 88' lang='lat' dir='ltr'>cur</span> <span class='ocrx_word' id='word_1_76' title='bbox 2329 1588 2675 1717; x_wconf 75' lang='lat' dir='ltr'>displiceat</span> 
     </span>
     <span class='ocr_line' id='line_1_14' title="bbox 376 1736 2670 1825; baseline 0.001 -25"><span class='ocrx_word' id='word_1_77' title='bbox 376 1759 509 1801; x_wconf 87' lang='lat' dir='ltr'>non</span> <span class='ocrx_word' id='word_1_78' title='bbox 562 1737 808 1803; x_wconf 84' lang='lat' dir='ltr'>divino.</span> <span class='ocrx_word' id='word_1_79' title='bbox 861 1736 1212 1802; x_wconf 86' lang='lat' dir='ltr'>notissima</span> <span class='ocrx_word' id='word_1_80' title='bbox 1258 1740 1409 1801; x_wconf 89' lang='lat' dir='ltr'>sunt</span> <span class='ocrx_word' id='word_1_81' title='bbox 1461 1739 1671 1803; x_wconf 86' lang='lat' dir='ltr'>tristis</span> <span class='ocrx_word' id='word_1_82' title='bbox 1721 1762 1945 1825; x_wconf 84' lang='lat' dir='ltr'>sapor,</span> <span class='ocrx_word' id='word_1_83' title='bbox 2002 1762 2290 1823; x_wconf 84' lang='lat' dir='ltr'>amurca,</span> <span class='ocrx_word' id='word_1_84' title='bbox 2335 1739 2524 1803; x_wconf 87' lang='lat' dir='ltr'>triste</span> <span class='ocrx_word' id='word_1_85' title='bbox 2576 1738 2670 1802; x_wconf 92' lang='lat' dir='ltr'>lu-</span> 
     </span>
     <span class='ocr_line' id='line_1_15' title="bbox 375 1842 2670 1930; baseline 0.001 -24"><span class='ocrx_word' id='word_1_86' title='bbox 375 1844 624 1927; x_wconf 85' lang='lat' dir='ltr'>pinum,</span> <span class='ocrx_word' id='word_1_87' title='bbox 668 1843 889 1907; x_wconf 88' lang='lat' dir='ltr'>tristia</span> <span class='ocrx_word' id='word_1_88' title='bbox 935 1842 1287 1927; x_wconf 86' lang='lat' dir='ltr'>absinthia,</span> <span class='ocrx_word' id='word_1_89' title='bbox 1337 1845 1678 1930; x_wconf 78' lang='lat' dir='ltr'>suntque</span> <span class='ocrx_word' id='word_1_90' title='bbox 1682 1849 1923 1913; x_wconf 78' lang='lat' dir='ltr'>amaris</span> <span class='ocrx_word' id='word_1_91' title='bbox 1951 1846 2161 1912; x_wconf 86' lang='lat' dir='ltr'>intiba</span> <span class='ocrx_word' id='word_1_92' title='bbox 2193 1843 2399 1910; x_wconf 86' lang='lat' dir='ltr'>fibris&#39;</span> <span class='ocrx_word' id='word_1_93' title='bbox 2448 1843 2670 1930; x_wconf 84' lang='lat' dir='ltr'>(Verg.</span> 
     </span>
     <span class='ocr_line' id='line_1_16' title="bbox 378 1949 2670 2038; baseline 0 -24"><span class='ocrx_word' id='word_1_94' title='bbox 378 1970 474 2034; x_wconf 81' lang='lat' dir='ltr'>gr.</span> <span class='ocrx_word' id='word_1_95' title='bbox 519 1949 552 2013; x_wconf 91' lang='lat' dir='ltr'>l</span> <span class='ocrx_word' id='word_1_96' title='bbox 602 1950 774 2037; x_wconf 90' lang='grc'>120).</span> <span class='ocrx_word' id='word_1_97' title='bbox 864 1949 1297 2015; x_wconf 86' lang='lat' dir='ltr'>Trochaicum</span> <span class='ocrx_word' id='word_1_98' title='bbox 1346 1953 1788 2035; x_wconf 83' lang='lat' dir='ltr'>septenarium</span> <span class='ocrx_word' id='word_1_99' title='bbox 1845 1955 1955 2038; x_wconf 90' lang='lat' dir='ltr'>qui</span> <span class='ocrx_word' id='word_1_100' title='bbox 2003 1953 2410 2019; x_wconf 80' lang='lat' dir='ltr'>continuavit</span> <span class='ocrx_word' id='word_1_101' title='bbox 2453 1952 2670 2015; x_wconf 86' lang='lat' dir='ltr'>metri-</span> 
     </span>
     <span class='ocr_line' id='line_1_17' title="bbox 377 2055 2672 2143; baseline 0.001 -24"><span class='ocrx_word' id='word_1_102' title='bbox 377 2078 604 2121; x_wconf 89' lang='lat' dir='ltr'>corum</span> <span class='ocrx_word' id='word_1_103' title='bbox 648 2055 934 2141; x_wconf 88' lang='lat' dir='ltr'>principi</span> <span class='ocrx_word' id='word_1_104' title='bbox 978 2057 1180 2120; x_wconf 90' lang='lat' dir='ltr'>talem</span> <span class='ocrx_word' id='word_1_105' title='bbox 1223 2058 1441 2122; x_wconf 72' lang='lat' dir='ltr'>rtistioi</span> <span class='ocrx_word' id='word_1_106' title='bbox 1483 2060 1673 2124; x_wconf 78' lang='lat' dir='ltr'>edunt</span> <span class='ocrx_word' id='word_1_107' title='bbox 1715 2059 1967 2125; x_wconf 59' lang='lat' dir='ltr'>libenter</span> <span class='ocrx_word' id='word_1_108' title='bbox 2000 2060 2262 2143; x_wconf 75' lang='lat' dir='ltr'>pedibus</span> <span class='ocrx_word' id='word_1_109' title='bbox 2309 2060 2483 2124; x_wconf 77' lang='lat' dir='ltr'>tritos</span> <span class='ocrx_word' id='word_1_110' title='bbox 2526 2078 2586 2122; x_wconf 85' lang='lat' dir='ltr'>a.</span> <span class='ocrx_word' id='word_1_111' title='bbox 2630 2058 2672 2122; x_wconf 78' lang='lat' dir='ltr'>i.</span> 
     </span>
     <span class='ocr_line' id='line_1_18' title="bbox 379 2162 2672 2247; baseline 0 -20"><span class='ocrx_word' id='word_1_112' title='bbox 379 2162 618 2227; x_wconf 85' lang='lat' dir='ltr'>accidit</span> <span class='ocrx_word' id='word_1_113' title='bbox 670 2167 746 2227; x_wconf 90' lang='lat' dir='ltr'>ut</span> <span class='ocrx_word' id='word_1_114' title='bbox 798 2162 1131 2247; x_wconf 82' lang='lat' dir='ltr'>dactylum</span> <span class='ocrx_word' id='word_1_115' title='bbox 1186 2163 1497 2230; x_wconf 85' lang='lat' dir='ltr'>vitiosum</span> <span class='ocrx_word' id='word_1_116' title='bbox 1560 2165 1848 2231; x_wconf 86' lang='lat' dir='ltr'>inferret.</span> <span class='ocrx_word' id='word_1_117' title='bbox 1940 2165 2246 2231; x_wconf 83' lang='lat' dir='ltr'>Ceterum</span> <span class='ocrx_word' id='word_1_118' title='bbox 2307 2167 2375 2229; x_wconf 91' lang='lat' dir='ltr'>in</span> <span class='ocrx_word' id='word_1_119' title='bbox 2434 2164 2672 2229; x_wconf 88' lang='lat' dir='ltr'>Lucilii</span> 
     </span>
     <span class='ocr_line' id='line_1_19' title="bbox 376 2267 2672 2355; baseline 0.001 -22"><span class='ocrx_word' id='word_1_120' title='bbox 376 2292 569 2334; x_wconf 83' lang='lat' dir='ltr'>versu</span> <span class='ocrx_word' id='word_1_121' title='bbox 634 2270 745 2354; x_wconf 90' lang='lat' dir='ltr'>qui</span> <span class='ocrx_word' id='word_1_122' title='bbox 810 2270 1136 2334; x_wconf 87' lang='lat' dir='ltr'>antecedit</span> <span class='ocrx_word' id='word_1_123' title='bbox 1191 2267 1562 2335; x_wconf 87' lang='lat' dir='ltr'>Charisium</span> <span class='ocrx_word' id='word_1_124' title='bbox 1618 2294 1680 2355; x_wconf 90' lang='lat' dir='ltr'>p.</span> <span class='ocrx_word' id='word_1_125' title='bbox 1733 2274 1812 2336; x_wconf 90' lang='lat'>77</span> <span class='ocrx_word' id='word_1_126' title='bbox 1871 2276 2120 2338; x_wconf 88' lang='lat' dir='ltr'>certum</span> <span class='ocrx_word' id='word_1_127' title='bbox 2183 2272 2437 2336; x_wconf 85' lang='lat' dir='ltr'>videtur</span> <span class='ocrx_word' id='word_1_128' title='bbox 2484 2291 2672 2353; x_wconf 77' lang='lat' dir='ltr'>prae-</span> 
     </span>
     <span class='ocr_line' id='line_1_20' title="bbox 377 2375 2672 2462; baseline 0 -22"><span class='ocrx_word' id='word_1_129' title='bbox 377 2381 617 2458; x_wconf 68' lang='lat' dir='ltr'>cmpaas</span> <span class='ocrx_word' id='word_1_130' title='bbox 670 2375 938 2460; x_wconf 83' lang='lat' dir='ltr'>legisse·</span> <span class='ocrx_word' id='word_1_131' title='bbox 982 2399 1137 2440; x_wconf 88' lang='lat' dir='ltr'>nam</span> <span class='ocrx_word' id='word_1_132' title='bbox 1178 2379 1519 2460; x_wconf 53' lang='lat' dir='ltr'>perserpsit</span> <span class='ocrx_word' id='word_1_133' title='bbox 1567 2376 2074 2462; x_wconf 78' lang='lat' dir='ltr'>Neapolitanus</span> <span class='ocrx_word' id='word_1_134' title='bbox 2125 2379 2431 2462; x_wconf 68' lang='lat' dir='ltr'>perserpit</span> <span class='ocrx_word' id='word_1_135' title='bbox 2488 2380 2672 2441; x_wconf 87' lang='lat' dir='ltr'>vetus</span> 
     </span>
     <span class='ocr_line' id='line_1_21' title="bbox 377 2481 1218 2569; baseline 0 -20"><span class='ocrx_word' id='word_1_136' title='bbox 377 2483 578 2550; x_wconf 85' lang='lat' dir='ltr'>codex</span> <span class='ocrx_word' id='word_1_137' title='bbox 621 2481 884 2549; x_wconf 89' lang='lat' dir='ltr'>Dousae</span> <span class='ocrx_word' id='word_1_138' title='bbox 930 2485 1218 2569; x_wconf 82' lang='lat' dir='ltr'>praebet.</span> 
     </span>
    </p>

    <p class='ocr_par' dir='ltr' id='par_1_8' title="bbox 374 2549 2672 2764">
     <span class='ocr_line' id='line_1_22' title="bbox 560 2549 2672 2678; baseline 0 -24"><span class='ocrx_word' id='word_1_139' title='bbox 560 2591 686 2657; x_wconf 89' lang='lat'>138</span> <span class='ocrx_word' id='word_1_140' title='bbox 745 2591 871 2657; x_wconf 75' lang='lat' dir='ltr'>ulis</span> <span class='ocrx_word' id='word_1_141' title='bbox 927 2591 1208 2657; x_wconf 87' lang='lat' dir='ltr'>formam</span> <span class='ocrx_word' id='word_1_142' title='bbox 1255 2591 1668 2658; x_wconf 88' lang='lat' dir='ltr'>Kochianam</span> <span class='ocrx_word' id='word_1_143' title='bbox 1728 2593 2103 2657; x_wconf 88' lang='lat' dir='ltr'>dubitanter</span> <span class='ocrx_word' id='word_1_144' title='bbox 2154 2549 2497 2678; x_wconf 79' lang='lat' dir='ltr'>proposuit</span> <span class='ocrx_word' id='word_1_145' title='bbox 2552 2590 2672 2657; x_wconf 82' lang='lat' dir='ltr'>Ed.</span> 
     </span>
     <span class='ocr_line' id='line_1_23' title="bbox 374 2697 1110 2764; baseline 0 -2"><span class='ocrx_word' id='word_1_146' title='bbox 374 2697 627 2763; x_wconf 86' lang='lat' dir='ltr'>Becker</span> <span class='ocrx_word' id='word_1_147' title='bbox 672 2699 838 2763; x_wconf 90' lang='lat' dir='ltr'>stud.</span> <span class='ocrx_word' id='word_1_148' title='bbox 883 2697 915 2762; x_wconf 97' lang='lat' dir='ltr'>I</span> <span class='ocrx_word' id='word_1_149' title='bbox 963 2699 1110 2764; x_wconf 86' lang='grc'>251.</span> 
     </span>
    </p>

    <p class='ocr_par' dir='ltr' id='par_1_9' title="bbox 371 2804 2672 4170">
     <span class='ocr_line' id='line_1_24' title="bbox 561 2804 2670 2892; baseline 0.001 -24"><span class='ocrx_word' id='word_1_150' title='bbox 561 2805 687 2869; x_wconf 83' lang='lat'>150</span> <span class='ocrx_word' id='word_1_151' title='bbox 736 2804 859 2881; x_wconf 87' lang='lat' dir='ltr'>Qui</span> <span class='ocrx_word' id='word_1_152' title='bbox 902 2827 1109 2890; x_wconf 89' lang='lat' dir='ltr'>nuper</span> <span class='ocrx_word' id='word_1_153' title='bbox 1152 2806 1224 2871; x_wconf 91' lang='lat' dir='ltr'>in</span> <span class='ocrx_word' id='word_1_154' title='bbox 1271 2806 1508 2870; x_wconf 79' lang='lat' dir='ltr'>annau.</span> <span class='ocrx_word' id='word_1_155' title='bbox 1553 2806 1808 2890; x_wconf 87' lang='lat' dir='ltr'>philoll.</span> <span class='ocrx_word' id='word_1_156' title='bbox 1862 2807 2031 2872; x_wconf 84' lang='grc'>1872</span> <span class='ocrx_word' id='word_1_157' title='bbox 2077 2830 2137 2892; x_wconf 91' lang='lat' dir='ltr'>p.</span> <span class='ocrx_word' id='word_1_158' title='bbox 2185 2806 2314 2872; x_wconf 85' lang='lat'>566</span> <span class='ocrx_word' id='word_1_159' title='bbox 2360 2806 2670 2871; x_wconf 85' lang='lat' dir='ltr'>Palmerii</span> 
     </span>
     <span class='ocr_line' id='line_1_25' title="bbox 377 2911 2670 2999; baseline 0.001 -24"><span class='ocrx_word' id='word_1_160' title='bbox 377 2911 820 2977; x_wconf 86' lang='lat' dir='ltr'>coniecturam</span> <span class='ocrx_word' id='word_1_161' title='bbox 849 2912 999 2976; x_wconf 73' lang='lat' dir='ltr'>belet</span> <span class='ocrx_word' id='word_1_162' title='bbox 1027 2913 1338 2978; x_wconf 85' lang='lat' dir='ltr'>acerrime</span> <span class='ocrx_word' id='word_1_163' title='bbox 1368 2912 1704 2977; x_wconf 82' lang='lat' dir='ltr'>damnavit</span> <span class='ocrx_word' id='word_1_164' title='bbox 1730 2911 2184 2999; x_wconf 87' lang='lat' dir='ltr'>Buechelerus‚</span> <span class='ocrx_word' id='word_1_165' title='bbox 2210 2936 2345 2979; x_wconf 89' lang='lat' dir='ltr'>non</span> <span class='ocrx_word' id='word_1_166' title='bbox 2383 2913 2670 2977; x_wconf 85' lang='lat' dir='ltr'>animad-</span> 
     </span>
     <span class='ocr_line' id='line_1_26' title="bbox 376 3018 2672 3104; baseline 0.001 -23"><span class='ocrx_word' id='word_1_167' title='bbox 376 3019 653 3082; x_wconf 83' lang='lat' dir='ltr'>vertisse</span> <span class='ocrx_word' id='word_1_168' title='bbox 674 3018 933 3083; x_wconf 85' lang='lat' dir='ltr'>videtur</span> <span class='ocrx_word' id='word_1_169' title='bbox 954 3018 1125 3103; x_wconf 88' lang='lat' dir='ltr'>quod</span> <span class='ocrx_word' id='word_1_170' title='bbox 1147 3019 1384 3083; x_wconf 85' lang='lat' dir='ltr'>additis</span> <span class='ocrx_word' id='word_1_171' title='bbox 1412 3020 1500 3083; x_wconf 80' lang='lat' dir='ltr'>sic</span> <span class='ocrx_word' id='word_1_172' title='bbox 1525 3021 1705 3084; x_wconf 78' lang='lat' dir='ltr'>dixin</span> <span class='ocrx_word' id='word_1_173' title='bbox 1731 3020 2014 3085; x_wconf 76' lang='lat' dir='ltr'>schema?</span> <span class='ocrx_word' id='word_1_174' title='bbox 2052 3021 2438 3087; x_wconf 88' lang='lat' dir='ltr'>insolentius</span> <span class='ocrx_word' id='word_1_175' title='bbox 2460 3023 2672 3104; x_wconf 85' lang='lat' dir='ltr'>atque,</span> 
     </span>
     <span class='ocr_line' id='line_1_27' title="bbox 377 3124 2671 3211; baseline 0 -23"><span class='ocrx_word' id='word_1_176' title='bbox 377 3130 454 3189; x_wconf 86' lang='lat' dir='ltr'>ut</span> <span class='ocrx_word' id='word_1_177' title='bbox 487 3124 659 3189; x_wconf 89' lang='lat' dir='ltr'>inter</span> <span class='ocrx_word' id='word_1_178' title='bbox 686 3124 1031 3190; x_wconf 84' lang='lat' dir='ltr'>Atellanae</span> <span class='ocrx_word' id='word_1_179' title='bbox 1058 3126 1237 3191; x_wconf 90' lang='lat' dir='ltr'>iocos</span> <span class='ocrx_word' id='word_1_180' title='bbox 1284 3148 1405 3210; x_wconf 86' lang='lat' dir='ltr'>par</span> <span class='ocrx_word' id='word_1_181' title='bbox 1434 3129 1592 3211; x_wconf 90' lang='lat' dir='ltr'>erat,</span> <span class='ocrx_word' id='word_1_182' title='bbox 1637 3126 1922 3192; x_wconf 86' lang='lat' dir='ltr'>fortasse</span> <span class='ocrx_word' id='word_1_183' title='bbox 1961 3129 2160 3193; x_wconf 89' lang='lat' dir='ltr'>etiam</span> <span class='ocrx_word' id='word_1_184' title='bbox 2204 3126 2547 3191; x_wconf 86' lang='lat' dir='ltr'>absurdius</span> <span class='ocrx_word' id='word_1_185' title='bbox 2577 3126 2671 3189; x_wconf 91' lang='lat' dir='ltr'>di-</span> 
     </span>
     <span class='ocr_line' id='line_1_28' title="bbox 379 3232 2667 3319; baseline -0 -22"><span class='ocrx_word' id='word_1_186' title='bbox 379 3233 567 3297; x_wconf 90' lang='lat' dir='ltr'>cendi</span> <span class='ocrx_word' id='word_1_187' title='bbox 612 3254 814 3319; x_wconf 85' lang='lat' dir='ltr'>genus</span> <span class='ocrx_word' id='word_1_188' title='bbox 844 3232 1240 3316; x_wconf 89' lang='lat' dir='ltr'>Pomponius</span> <span class='ocrx_word' id='word_1_189' title='bbox 1279 3233 1422 3317; x_wconf 89' lang='lat' dir='ltr'>ipse</span> <span class='ocrx_word' id='word_1_190' title='bbox 1456 3233 1736 3319; x_wconf 85' lang='lat' dir='ltr'>notavit,</span> <span class='ocrx_word' id='word_1_191' title='bbox 1774 3257 1965 3319; x_wconf 89' lang='lat' dir='ltr'>quem</span> <span class='ocrx_word' id='word_1_192' title='bbox 2012 3257 2125 3299; x_wconf 87' lang='lat' dir='ltr'>cur</span> <span class='ocrx_word' id='word_1_193' title='bbox 2158 3256 2292 3298; x_wconf 88' lang='lat' dir='ltr'>non</span> <span class='ocrx_word' id='word_1_194' title='bbox 2330 3232 2667 3296; x_wconf 88' lang='lat' dir='ltr'>credamus</span> 
     </span>
     <span class='ocr_line' id='line_1_29' title="bbox 376 3338 2669 3422; baseline -0 -21"><span class='ocrx_word' id='word_1_195' title='bbox 376 3339 538 3402; x_wconf 87' lang='lat' dir='ltr'>item</span> <span class='ocrx_word' id='word_1_196' title='bbox 584 3342 660 3402; x_wconf 91' lang='lat' dir='ltr'>ut</span> <span class='ocrx_word' id='word_1_197' title='bbox 686 3338 1048 3405; x_wconf 89' lang='lat' dir='ltr'>Varronem</span> <span class='ocrx_word' id='word_1_198' title='bbox 1097 3344 1273 3405; x_wconf 88' lang='lat' dir='ltr'>certo</span> <span class='ocrx_word' id='word_1_199' title='bbox 1303 3338 1577 3405; x_wconf 88' lang='lat' dir='ltr'>consilio</span> <span class='ocrx_word' id='word_1_200' title='bbox 1625 3340 1826 3404; x_wconf 88' lang='lat' dir='ltr'>etiam</span> <span class='ocrx_word' id='word_1_201' title='bbox 1857 3339 2156 3405; x_wconf 85' lang='lat' dir='ltr'>obsoleta</span> <span class='ocrx_word' id='word_1_202' title='bbox 2183 3338 2501 3422; x_wconf 87' lang='lat' dir='ltr'>quaedam</span> <span class='ocrx_word' id='word_1_203' title='bbox 2541 3359 2669 3400; x_wconf 89' lang='lat' dir='ltr'>ser-</span> 
     </span>
     <span class='ocr_line' id='line_1_30' title="bbox 377 3442 2672 3530; baseline -0.002 -22"><span class='ocrx_word' id='word_1_204' title='bbox 377 3444 683 3509; x_wconf 90' lang='lat' dir='ltr'>monibus</span> <span class='ocrx_word' id='word_1_205' title='bbox 712 3445 1265 3511; x_wconf 79' lang='lat' dir='ltr'>intermiscuisse?</span> <span class='ocrx_word' id='word_1_206' title='bbox 1310 3467 1516 3530; x_wconf 89' lang='lat' dir='ltr'>neque</span> <span class='ocrx_word' id='word_1_207' title='bbox 1545 3445 1780 3509; x_wconf 89' lang='lat' dir='ltr'>desunt</span> <span class='ocrx_word' id='word_1_208' title='bbox 1825 3444 2119 3528; x_wconf 86' lang='lat' dir='ltr'>profecto</span> <span class='ocrx_word' id='word_1_209' title='bbox 2147 3445 2319 3508; x_wconf 89' lang='lat' dir='ltr'>inter</span> <span class='ocrx_word' id='word_1_210' title='bbox 2363 3442 2577 3506; x_wconf 86' lang='lat' dir='ltr'>frusta</span> <span class='ocrx_word' id='word_1_211' title='bbox 2606 3446 2672 3505; x_wconf 82' lang='lat' dir='ltr'>et</span> 
     </span>
     <span class='ocr_line' id='line_1_31' title="bbox 374 3547 2664 3635; baseline -0.002 -20"><span class='ocrx_word' id='word_1_212' title='bbox 374 3551 739 3616; x_wconf 84' lang='lat' dir='ltr'>formarum</span> <span class='ocrx_word' id='word_1_213' title='bbox 768 3556 834 3616; x_wconf 91' lang='lat' dir='ltr'>et</span> <span class='ocrx_word' id='word_1_214' title='bbox 859 3553 1261 3618; x_wconf 89' lang='lat' dir='ltr'>locutionum</span> <span class='ocrx_word' id='word_1_215' title='bbox 1288 3555 1690 3617; x_wconf 87' lang='lat' dir='ltr'>vetustarum</span> <span class='ocrx_word' id='word_1_216' title='bbox 1732 3550 2041 3635; x_wconf 83' lang='lat' dir='ltr'>exempla.</span> <span class='ocrx_word' id='word_1_217' title='bbox 2097 3549 2293 3635; x_wconf 80' lang='lat' dir='ltr'>quid?</span> <span class='ocrx_word' id='word_1_218' title='bbox 2340 3548 2511 3635; x_wconf 89' lang='lat' dir='ltr'>quod</span> <span class='ocrx_word' id='word_1_219' title='bbox 2539 3547 2664 3612; x_wconf 90' lang='lat' dir='ltr'>Lu·</span> 
     </span>
     <span class='ocr_line' id='line_1_32' title="bbox 378 3655 2668 3744; baseline -0.002 -22"><span class='ocrx_word' id='word_1_220' title='bbox 378 3659 568 3723; x_wconf 86' lang='lat' dir='ltr'>cilius</span> <span class='ocrx_word' id='word_1_221' title='bbox 591 3660 809 3744; x_wconf 86' lang='lat' dir='ltr'>etiam,</span> <span class='ocrx_word' id='word_1_222' title='bbox 839 3664 912 3724; x_wconf 86' lang='lat' dir='ltr'>ut</span> <span class='ocrx_word' id='word_1_223' title='bbox 930 3660 1334 3725; x_wconf 88' lang='lat' dir='ltr'>coniecturas</span> <span class='ocrx_word' id='word_1_224' title='bbox 1356 3659 1637 3724; x_wconf 84' lang='lat' dir='ltr'>incertas</span> <span class='ocrx_word' id='word_1_225' title='bbox 1657 3661 2081 3742; x_wconf 83' lang='lat' dir='ltr'>praeteream,</span> <span class='ocrx_word' id='word_1_226' title='bbox 2111 3678 2238 3740; x_wconf 79' lang='lat' dir='ltr'>eOS,</span> <span class='ocrx_word' id='word_1_227' title='bbox 2268 3657 2379 3742; x_wconf 89' lang='lat' dir='ltr'>qui</span> <span class='ocrx_word' id='word_1_228' title='bbox 2407 3655 2668 3720; x_wconf 79' lang='lat' dir='ltr'>abbitere</span> 
     </span>
     <span class='ocr_line' id='line_1_33' title="bbox 378 3758 2665 3849; baseline -0.001 -21"><span class='ocrx_word' id='word_1_229' title='bbox 378 3764 737 3849; x_wconf 79' lang='lat' dir='ltr'>‘geminata</span> <span class='ocrx_word' id='word_1_230' title='bbox 772 3766 807 3830; x_wconf 84' lang='lat' dir='ltr'>b</span> <span class='ocrx_word' id='word_1_231' title='bbox 845 3767 1215 3832; x_wconf 86' lang='lat' dir='ltr'>maluerunt</span> <span class='ocrx_word' id='word_1_232' title='bbox 1250 3772 1307 3832; x_wconf 79' lang='lat' dir='ltr'>et</span> <span class='ocrx_word' id='word_1_233' title='bbox 1341 3767 1535 3830; x_wconf 83' lang='lat' dir='ltr'>dicere</span> <span class='ocrx_word' id='word_1_234' title='bbox 1570 3769 1628 3829; x_wconf 80' lang='lat' dir='ltr'>et</span> <span class='ocrx_word' id='word_1_235' title='bbox 1660 3764 1916 3830; x_wconf 68' lang='lat' dir='ltr'>scribere</span> <span class='ocrx_word' id='word_1_236' title='bbox 1953 3763 2324 3828; x_wconf 87' lang='lat' dir='ltr'>intermissa</span> <span class='ocrx_word' id='word_1_237' title='bbox 2359 3761 2429 3829; x_wconf 83' lang='lat' dir='ltr'>d’</span> <span class='ocrx_word' id='word_1_238' title='bbox 2459 3758 2548 3848; x_wconf 87' lang='lat' dir='ltr'>(V</span> <span class='ocrx_word' id='word_1_239' title='bbox 2554 3761 2665 3825; x_wconf 90' lang='lat' dir='ltr'>elii</span> 
     </span>
     <span class='ocr_line' id='line_1_34' title="bbox 376 3867 2665 3960; baseline -0.001 -25"><span class='ocrx_word' id='word_1_240' title='bbox 376 3870 591 3957; x_wconf 84' lang='lat' dir='ltr'>Longi</span> <span class='ocrx_word' id='word_1_241' title='bbox 618 3873 868 3957; x_wconf 80' lang='lat' dir='ltr'>p.2224</span> <span class='ocrx_word' id='word_1_242' title='bbox 894 3874 1096 3938; x_wconf 77' lang='lat' dir='ltr'>verba</span> <span class='ocrx_word' id='word_1_243' title='bbox 1126 3871 1321 3960; x_wconf 87' lang='lat' dir='ltr'>sunt),</span> <span class='ocrx_word' id='word_1_244' title='bbox 1348 3872 1627 3936; x_wconf 88' lang='lat' dir='ltr'>multum</span> <span class='ocrx_word' id='word_1_245' title='bbox 1658 3870 1914 3935; x_wconf 88' lang='lat' dir='ltr'>differre</span> <span class='ocrx_word' id='word_1_246' title='bbox 1943 3870 2164 3936; x_wconf 88' lang='lat' dir='ltr'>docuit</span> <span class='ocrx_word' id='word_1_247' title='bbox 2200 3869 2267 3935; x_wconf 77' lang='lat' dir='ltr'>‘d</span> <span class='ocrx_word' id='word_1_248' title='bbox 2301 3870 2426 3935; x_wconf 88' lang='lat' dir='ltr'>siet</span> <span class='ocrx_word' id='word_1_249' title='bbox 2462 3892 2547 3934; x_wconf 89' lang='lat' dir='ltr'>an</span> <span class='ocrx_word' id='word_1_250' title='bbox 2588 3867 2665 3933; x_wconf 84' lang='lat' dir='ltr'>b’.</span> 
     </span>
     <span class='ocr_line' id='line_1_35' title="bbox 376 3975 2668 4066; baseline -0.003 -21"><span class='ocrx_word' id='word_1_251' title='bbox 376 3978 683 4046; x_wconf 86' lang='lat' dir='ltr'>Ceterum</span> <span class='ocrx_word' id='word_1_252' title='bbox 727 3980 1038 4066; x_wconf 90' lang='lat' dir='ltr'>proponit</span> <span class='ocrx_word' id='word_1_253' title='bbox 1080 3978 1545 4044; x_wconf 88' lang='lat' dir='ltr'>Buechelerus:</span> <span class='ocrx_word' id='word_1_254' title='bbox 1589 3980 1648 4044; x_wconf 77' lang='lat' dir='ltr'>si</span> <span class='ocrx_word' id='word_1_255' title='bbox 1690 3977 1917 4043; x_wconf 75' lang='lat' dir='ltr'>valebit</span> <span class='ocrx_word' id='word_1_256' title='bbox 1947 3977 2158 4060; x_wconf 75' lang='lat' dir='ltr'>pulsu,</span> <span class='ocrx_word' id='word_1_257' title='bbox 2204 3977 2451 4042; x_wconf 71' lang='lat' dir='ltr'>buccam</span> <span class='ocrx_word' id='word_1_258' title='bbox 2465 3975 2668 4059; x_wconf 68' lang='lat' dir='ltr'>pallet</span> 
     </span>
     <span class='ocr_line' id='line_1_36' title="bbox 371 4087 946 4170; baseline 0.002 -19"><span class='ocrx_word' id='word_1_259' title='bbox 371 4088 648 4170; x_wconf 75' lang='lat' dir='ltr'>fidicinis</span> <span class='ocrx_word' id='word_1_260' title='bbox 688 4087 946 4154; x_wconf 77' lang='lat' dir='ltr'>schema.</span> 
     </span>
    </p>

    <p class='ocr_par' dir='ltr' id='par_1_10' title="bbox 560 4186 2665 4279">
     <span class='ocr_line' id='line_1_37' title="bbox 560 4186 2665 4279; baseline -0.004 -22"><span class='ocrx_word' id='word_1_261' title='bbox 560 4193 680 4259; x_wconf 89' lang='lat'>151</span> <span class='ocrx_word' id='word_1_262' title='bbox 731 4194 1040 4259; x_wconf 90' lang='lat' dir='ltr'>Pathicos</span> <span class='ocrx_word' id='word_1_263' title='bbox 1083 4193 1271 4279; x_wconf 81' lang='lat' dir='ltr'>tangi</span> <span class='ocrx_word' id='word_1_264' title='bbox 1315 4193 1505 4259; x_wconf 88' lang='lat' dir='ltr'>docet</span> <span class='ocrx_word' id='word_1_265' title='bbox 1547 4191 1750 4258; x_wconf 83' lang='lat' dir='ltr'>Novii</span> <span class='ocrx_word' id='word_1_266' title='bbox 1792 4213 1853 4256; x_wconf 70' lang='lat' dir='ltr'>V.</span> <span class='ocrx_word' id='word_1_267' title='bbox 1899 4191 1959 4256; x_wconf 84' lang='lat'>6.</span> <span class='ocrx_word' id='word_1_268' title='bbox 2048 4189 2361 4254; x_wconf 86' lang='lat' dir='ltr'>Inscitum</span> <span class='ocrx_word' id='word_1_269' title='bbox 2409 4192 2474 4251; x_wconf 92' lang='lat' dir='ltr'>et</span> <span class='ocrx_word' id='word_1_270' title='bbox 2518 4186 2665 4251; x_wconf 86' lang='lat' dir='ltr'>hor·</span> 
     </span>
    </p>
   </div>
   <div class='ocr_carea' id='block_1_3' title="bbox 373 4294 2663 4458">
    <p class='ocr_par' dir='ltr' id='par_1_11' title="bbox 373 4294 2663 4458">
     <span class='ocr_line' id='line_1_38' title="bbox 373 4294 2663 4386; baseline -0.004 -20"><span class='ocrx_word' id='word_1_271' title='bbox 373 4303 589 4366; x_wconf 88' lang='lat' dir='ltr'>ridum</span> <span class='ocrx_word' id='word_1_272' title='bbox 653 4301 931 4386; x_wconf 86' lang='lat' dir='ltr'>Hauptii</span> <span class='ocrx_word' id='word_1_273' title='bbox 1000 4302 1440 4366; x_wconf 88' lang='lat' dir='ltr'>commentum</span> <span class='ocrx_word' id='word_1_274' title='bbox 1514 4299 1674 4362; x_wconf 83' lang='lat' dir='ltr'>satis</span> <span class='ocrx_word' id='word_1_275' title='bbox 1750 4299 1912 4362; x_wconf 89' lang='lat' dir='ltr'>bene</span> <span class='ocrx_word' id='word_1_276' title='bbox 1986 4296 2297 4361; x_wconf 85' lang='lat' dir='ltr'>refutavit</span> <span class='ocrx_word' id='word_1_277' title='bbox 2368 4294 2663 4359; x_wconf 82' lang='lat' dir='ltr'>Andreas</span> 
     </span>
     <span class='ocr_line' id='line_1_39' title="bbox 481 4401 2250 4458; baseline -0.001 -3"><span class='ocrx_word' id='word_1_278' title='bbox 481 4417 597 4455; x_wconf 70' lang='lat' dir='ltr'>Con.</span> <span class='ocrx_word' id='word_1_279' title='bbox 626 4416 743 4458; x_wconf 61' lang='lat' dir='ltr'>Lar.</span> <span class='ocrx_word' id='word_1_280' title='bbox 769 4415 884 4457; x_wconf 63' lang='lat' dir='ltr'>Bm.</span> <span class='ocrx_word' id='word_1_281' title='bbox 2225 4401 2250 4453; x_wconf 69' lang='lat' dir='ltr'><strong>f</strong></span> 
     </span>
    </p>
   </div>
  </div>
 </body>
</html>
