3400 5075
1306 361 1416 412 cu.
1454 363 1770 414 nAl-:vws
2700 361 2740 423 9

1412 518 1792 584 ARIOLVS

1502 635 1535 700 Ι
1582 632 1682 720 (1)

502 752 587 816 20
633 750 964 833 Deprendi
1011 750 1166 814 item
1212 750 1383 814 leoni
1430 750 1485 813 si
1531 750 1734 815 obdas
1780 753 1962 815 oreas

1495 864 1560 929 Π
1608 862 1710 951 (2)

633 979 788 1055 Quis
833 979 972 1044 heri
1020 979 1189 1064 apud
1245 980 1356 1044 te‘?
1438 984 1471 1052 [Γ
1514 977 1921 1044 Praenestini
1976 984 2042 1044 et
2097 980 2373 1044 Lanuini
2433 981 2740 1065 h6spites.

454 1172 558 1221 que
584 1156 868 1222 singulare
904 1156 1167 1207 feminino
1204 1172 1404 1222 genere
1430 1157 1534 1207 hoe
1568 1161 1719 1207 reete
1743 1156 2040 1222 protulisse
2065 1158 2438 1208 inueniuntur.
2496 1157 2745 1208 Naeuius

453 1226 511 1274 in
555 1224 815 1289 Appellat
875 1214 950 1274 ut’
997 1241 1045 1275 e.
1092 1240 1145 1289 q.
1193 1240 1234 1280 s,
1318 1222 1596 1289 (Neuius
1648 1225 1778 1274 libri
1986 1241 2019 1275 a
2077 1224 2259 1290 pella
2314 1225 2441 1274 libri
2496 1223 2742 1289 plerique

397 1289 415 1304 .
453 1308 534 1410 ,ἐξ
546 1291 682 1409 {llqla
718 1292 1231 1409 {tegoqunonymus
1265 1293 1558 1374 Berpensis
1581 1293 1640 1341 in
1665 1293 1886 1356 Hageni
1922 1308 2029 1342 ana
2056 1293 2191 1343 eetis
2215 1292 2526 1343 Heluetieis
2550 1309 2600 1357 p.
2628 1294 2744 1355 106,

630 1375 851 1411 semus:
887 1376 904 1408 ι
954 1375 1040 1409 um
1063 1397 1076 1409 .
1096 1397 1110 1413 .
1130 1397 1142 1408 .
1166 1375 1227 1409 ee
1271 1375 1375 1409 am.

587 1426 841 1476 Amonvs
913 1426 998 1479 cf.
1022 1376 1280 1492 Ἀγύρτηῐίς
1305 1426 1668 1488 Philemoni8‚
1706 1422 2125 1492 Μητραγύρτης
2152 1433 2210 1477 et
2234 1422 2554 1491 Οἰωνιστής
2587 1427 2743 1476 Anti-

456 1494 677 1558 phanis,
728 1493 1121 1560 Δεισιδαίμων
1165 1494 1483 1556 Menandri,
1540 1489 1800 1551 Μάντεις
1848 1494 2111 1544 Alexidis,
2199 1494 2413 1544 Gellius
2455 1493 2543 1544 111
2585 1498 2644 1556 3,
2683 1496 2745 1544 15

453 1562 642 1613 ‘sicuti
678 1561 745 1612 de
770 1562 985 1612 Naeuio
1011 1577 1224 1627 quoque
1264 1562 1601 1627 accepimus,
1641 1561 1860 1611 fabulas
1899 1576 2020 1611 eum
2048 1563 2105 1611 in
2143 1578 2362 1612 earcere
2402 1562 2538 1611 duas
2575 1562 2745 1626 scrip-

374 1636 390 1652 ·
455 1631 621 1688 sisse,
671 1628 912 1680 Ariolum
959 1634 1014 1679 et
1050 1631 1314 1679 Leontem
1353 1668 1365 1682 .
1405 1666 1417 1680 .
1459 1665 1471 1679 .
1508 1629 1652 1679 unde
1699 1635 1827 1694 post
1872 1645 1905 1678 a
1953 1630 2191 1679 tribunis
2237 1628 2414 1693 plebis
2462 1634 2746 1692 exemptus

385 1724 396 1731 ·
457 1702 571 1758 est,
609 1713 729 1746 eum
766 1698 821 1746 in
856 1697 945 1746 his
982 1712 1118 1761 quas
1156 1712 1323 1761 supra
1350 1698 1463 1746 dixi
1492 1696 1699 1747 fabulis
1738 1695 1941 1759 delicta
1966 1712 2066 1746 sua
2093 1701 2148 1746 et
2185 1695 2531 1761 petulantias
2571 1696 2746 1745 dieto·

454 1779 599 1829 rum,
640 1765 837 1830 quibus
872 1764 1074 1815 multos
1111 1768 1239 1814 ante
1286 1764 1557 1827 laeserat,
1606 1754 1894 1814 diluisset.’
1966 1763 2209 1814 Ariolum
2260 1763 2530 1829 quendam
2565 1762 2748 1828 gentis

455 1830 747 1882 Corneliae
786 1831 1050 1882 ‘futuram
1091 1830 1525 1896 magnitudinem
1561 1836 1618 1881 et
1654 1830 2001 1897 splendorem
2038 1831 2339 1881 diuinando
2385 1822 2743 1896 praedixisse'

455 1898 729 1949 ariolatur
764 1899 1193 1961 Klussmannus,
1230 1915 1333 1949 nee
1370 1899 1689 1964 inprobauit
1716 1898 2020 1950 Grauertus
2043 1898 2241 1949 Philol.
2269 1900 2323 1949 11
2350 1900 2464 1949 218.
2539 1898 2747 1948 Proba·

455 1967 621 2017 bilius
659 1966 925 2017 adnotare
973 1973 1235 2032 poterant
1279 1969 1337 2016 in
1384 1968 1558 2032 primo
1594 1966 1898 2024 uersiculo‚
1949 1967 2041 2031 qui
2079 1967 2315 2016 fortasse
2354 1966 2570 2031 prologi
2608 1970 2744 2024 erat,

455 2038 673 2098 poetam
700 2033 765 2085 de
793 2050 853 2084 se
891 2036 1013 2099 ipso
1039 2033 1187 2100 loqui
1213 2034 1404 2084 uideri.
1478 2033 1735 2085 Ceterum
1764 2033 2100 2084 Philemonis
2119 2024 2386 2098 Ἀγύρτην
2422 2033 2528 2083 hae
2556 2033 2747 2083 fabula

457 2117 772 2166 expressam
799 2117 921 2152 esse
959 2102 1312 2153 coniecturae
1339 2102 1581 2160 aliquam
1621 2097 1862 2165 speeiem
1888 2101 2071 2151 adfert
2097 2101 2401 2152 uersiculus
2428 2102 2533 2150 ine.
2563 2101 2674 2150 fab.
2702 2100 2748 2160 Ι,

459 2170 616 2219 euius
653 2170 888 2220 similem
933 2168 1268 2220 Philemonis
1312 2171 1419 2220 ine.
1467 2170 1579 2218 fab.
1629 2168 1774 2217 XLV
1828 2168 2004 2219 locum
2051 2164 2303 2218 exhibuit
2349 2168 2747 2218 Klussmannus

455 2237 624 2287 hunc:
664 2228 770 2287 οὐκ
807 2225 880 2287 ἂν
917 2228 1125 2287 δύναιο
1160 2230 1237 2301 μὴ
1268 2230 1577 2300 γενέσθαι,
1617 2229 1896 2294 δεσπότα,
1922 2228 2252 2300 Ἀνθρωπος
2296 2225 2372 2285 ὢν
2410 2226 2746 2299 ἄνθρωπος·

458 2296 636 2362 ἄλλως
675 2291 780 2355 οὖν
816 2302 973 2369 βοᾷς.
1046 2298 1162 2355 Τὸν
1200 2296 1360 2366 ζῶντ’
1397 2296 1624 2368 ἀνάγκη
1662 2295 1820 2353 πόλλ’
1859 2298 2012 2367 ἔχειν
2050 2294 2202 2354 ἐστὶν
2239 2296 2408 2352 κακά.
2478 2304 2562 2351 Ea
2602 2304 2748 2353 enim

458 2386 785 2437 quamquam
824 2371 1107 2422 fatendum
1149 2378 1235 2422 est
1272 2372 1439 2421 etiam
1477 2370 1614 2420 alibi
1653 2371 1823 2421 inseri
1862 2372 2135 2435 potuisse,
2175 2370 2331 2421 uelut
2369 2371 2425 2418 in
2462 2367 2747 2437 Σικελικῷ

457 2439 548 2501 (ef.
583 2439 652 2503 1),
701 2445 885 2489 tamen
929 2438 1269 2489 memorabili
1313 2454 1445 2489 easu
1494 2438 1696 2502 optime
1748 2437 2021 2502 quadrant
2064 2440 2118 2487 in
2171 2453 2290 2488 eam
2337 2452 2477 2501 quae
2524 2437 2644 2487 sola
2682 2453 2748 2486 ex

454 2509 666 2585 Agyl-ta
701 2513 925 2559 seruata
962 2512 1047 2558 est
1083 2508 1161 2558 eri
1196 2506 1675 2557 lamentationem:
1714 2492 1757 2556 ὦ
1794 2500 1910 2564 πῶς
1945 2497 2198 2571 πονηρόν
2236 2496 2392 2556 ἔστιν
2430 2494 2749 2568 ἀνθρώπου

457 2589 631 2639 φυσις
661 2567 741 2625 Ta
779 2565 1047 2624 σύνολον·
1093 2566 1162 2625 οὖ
1199 2568 1305 2637 γὰρ
1342 2564 1416 2623 ἄν
1452 2566 1583 2624 ποτ’
1622 2565 1846 2639 ἐδεήθη
1884 2565 2079 2635 νόμου,
2154 2572 2286 2624 Οἴει
2323 2588 2377 2623 τι
2414 2571 2525 2623 τῶν
2564 2564 2750 2623 ἄλλων

457 2638 764 2707 διαφέρειν
799 2640 1026 2706 θηρίων
1049 2633 1409 2706 Ἀνθρωκονς
1451 2633 1589 2692 οὐδὲ
1630 2633 1837 2706 μικρὸν
1875 2633 2021 2690 ἀλλὰ
2061 2632 2330 2704 σχήματι·
2387 2632 2594 2705 Πλᾶγί
2631 2633 2747 2691 ἐστὶ

456 2702 662 2772 τᾶλλα,
707 2707 877 2760 τοῦτο
924 2699 983 2760 δ’
1031 2699 1216 2772 ὀρθὰν
1260 2709 1491 2774 θηρίον.
1655 2709 1681 2758 1
1721 2709 1921 2758 Festus
1967 2725 2016 2773 p.
2061 2710 2154 2759 182
2191 2708 2264 2757 M.
2304 2712 2436 2758 ‘ore
2456 2725 2556 2767 ae,
2607 2708 2749 2757 freni

458 2777 599 2842 quod
654 2778 734 2827 ori
788 2777 1117 2827 inferuntur.
1204 2777 1446 2826 Titinius
1497 2815 1508 2826 .
1551 2819 1563 2831 .
1603 2813 1615 2825 .
1654 2782 1712 2826 et
1756 2777 2003 2826 Naeuius
2050 2777 2105 2824 in
2153 2774 2415 2826 Hariolot'
2463 2767 2749 2839 deprandi'

459 2861 503 2898 e.
546 2861 597 2910 q.
638 2861 685 2897 s.
857 2844 911 2895 11
948 2844 1263 2894 Macrobius
1301 2843 1418 2895 Sat.
1459 2844 1540 2895 111
1581 2846 1662 2907 18,
1698 2846 1730 2893 6
1777 2848 1910 2893 ‘nux
1959 2843 2098 2893 haee
2135 2843 2411 2894 Abellana
2448 2858 2544 2895 seu
2579 2842 2751 2893 Prae-

462 3021 891 3080 CFWMuellcr
918 3026 958 3080 l.
991 3026 1030 3078 l.
1066 3021 1185 3079 591
1220 3021 1274 3077 di
1305 3022 1452 3077 servor*
1480 3023 1658 3077 Bern.
1691 3040 1764 3078 m.
1794 3038 1887 3092 pr.
1916 3020 1985 3076 dii
2021 3019 2190 3076 ferant
2216 3022 2355 3095 Req.
2391 3040 2461 3076 m.
2497 3020 2533 3076 2
2567 3022 2746 3076 Bern.

443 3151 527 3197 ἠι.
558 3141 595 3196 2
627 3141 873 3196 differant
904 3141 1047 3214 Req.
1082 3140 1282 3194 Bamb.
1317 3141 1531 3195 Amien.
1568 3140 1743 3195 Halb.
1793 3139 1969 3211 Sany.
2013 3096 2260 3197 :inierant
2294 3141 2455 3196 Grut.
2491 3139 2751 3194 dell'erant

460 3225 705 3281 Carolir.
738 3225 992 3280 deferunt
1023 3242 1196 3281 anon.
1231 3224 1413 3283 Bern.
1462 3222 1531 3278 dii
1581 3230 1756 3279 terant
1801 3225 2008 3280 Aldina
2054 3223 2107 3278 di
2155 3224 2347 3279 feriant
2383 3223 2585 3294 Mc‘ihly
2615 3239 2749 3278 ann.

454 3311 676 3382 philoll.
729 3309 886 3366 1861
940 3328 999 3381 p.
1051 3308 1168 3365 139
1343 3324 1448 3381 que
1487 3325 1678 3363 anon.
1744 3309 1919 3363 Bern.
2065 3307 2286 3380 primam
2344 3310 2557 3378 scripsi
2600 3300 2752 3382 [item

461 3394 889 3451 CFWMueller
925 3397 1406 3466 paralipomenon
1433 3407 1594 3463 pros.
1627 3393 1818 3448 Plaut.
1847 3409 1906 3463 p.
1944 3387 2052 3468 97]
2102 3393 2329 3464 primum
2374 3392 2509 3446 libri
2550 3392 2754 3463 primus

462 3477 707 3534 Bolbius
875 3477 1098 3543 boletar
1141 3478 1282 3551 Req.
1332 3476 1534 3532 holitus
1568 3476 1752 3549 Bonq.
1804 3476 1989 3531 holitf'r
2038 3473 2183 3550 (sup.
2239 3494 2308 3530 m.
2358 3477 2456 3530 alt.
2506 3478 2563 3530 in
2608 3474 2754 3546 ras.)

1850 3559 1880 3584 V

459 3597 634 3653 Halb.
685 3594 891 3650 holitur
936 3613 1109 3651 anon.
1145 3595 1325 3651 Bern.
1359 3595 1474 3651 olit'
1507 3596 1725 3650 Amien.
1760 3592 1888 3649 olitr
1920 3594 2122 3651 Bamb.
2298 3594 2529 3666 protulit
2561 3589 2754 3665 Cepam

461 3681 779 3736 Muellerus
845 3696 1027 3752 cepam
1084 3678 1284 3761 (cepam
1346 3678 1570 3749 Bamb.)
1632 3678 1862 3751 protulit
1924 3680 2059 3734 libri
2108 3679 2299 3734 Prisc.
2359 3693 2575 3749 cepam,
2645 3695 2749 3732 om.

460 3763 688 3842 protulit
708 3806 724 3833 ‚
771 3781 942 3820 anon.
977 3765 1157 3818 Bcrn.
1337 3757 1592 3838 [perdant
1624 3769 1679 3818 et
1711 3763 1914 3836 primus
1946 3764 2236 3837 Berylcius
2266 3777 2490 3836 quoque
2536 3764 2754 3816 annali.

453 3849 675 3919 pbiloll.
726 3847 891 3906 1870
925 3865 989 3919 p.
1039 3847 1160 3904 826
1201 3841 1434 3922 probat]
1652 3847 1736 3903 20
1779 3846 2035 3920 deprandi
2082 3849 2207 3902 item
2256 3847 2399 3902 leoni
2445 3847 2489 3900 si
2547 3849 2758 3917 scripsi

459 3930 721 4005 deprandi
763 3940 943 3987 autem
986 3932 1158 3987 leonis
1215 3934 1339 3987 cod.
1395 3930 1648 4004 deprandi
1707 3939 1885 4022 auwm
1941 3932 2084 3987 leoni
2130 3933 2177 3986 si
2242 3932 2478 3987 Vrsinus
2522 3929 2667 3985 leoni
2711 3931 2755 3984 si

461 4025 638 4071 autem
684 4015 941 4090 deprandi
987 4019 1116 4073 olim
1161 4017 1469 4071 edideram.
1559 4015 1629 4072 In
1676 4023 1853 4069 autem
1886 4021 2184 4088 scriptura
2234 4015 2343 4070 utei
2372 4017 2558 4070 latere
2585 4029 2756 4083 posse

462 4103 676 4158 monuit
721 4101 1148 4162 Buechelerus3
1185 4101 1437 4171 formam
1494 4106 1683 4154 aulem
1740 4098 1996 4171 deprandi
2055 4104 2272 4156 rectius
2326 4117 2360 4154 α
2408 4102 2755 4154 nominaliuo

461 4184 692 4258 deprans
749 4184 833 4256 (m
878 4180 1187 4257 ‘nefrcns')
1234 4186 1491 4240 deducas
1535 4200 1706 4256 quam
1751 4199 1877 4238 cum
1936 4188 2080 4240 uiris
2123 4185 2305 4240 cloelis
2350 4201 2386 4237 α
2432 4180 2754 4255 ‹leprandius

465 4272 556 4326 uel
599 4266 886 4341 deprandis
1017 4285 1171 4324 oreas
1235 4270 1472 4325 Vrsinus
1518 4274 1665 4322 orent
1714 4269 1840 4326 cod.
2016 4268 2088 4322 21
2140 4269 2232 4339 qui
2279 4266 2477 4322 Bamb.
2525 4285 2596 4321 m.
2633 4265 2669 4322 2

465 4352 708 4426 Lanuini,
754 4361 882 4409 utu
926 4369 1254 4410 consonans
1293 4356 1384 4422 sil,
1432 4352 1496 4408 L.
1531 4351 1780 4407 Mueller
1823 4353 1893 4408 de
1937 4367 2003 4406 re
2048 4371 2117 4409 m.
2154 4350 2273 4410 :252
2322 4349 2581 4405 Lanuuini
2625 4353 2758 4407 libri
