3400 5075
654 307 731 368 14
1558 308 1668 359 CN.
1708 307 2020 359 NAEVIVS

1513 542 1514 547 η
1619 463 1781 529 VIII
1830 462 1977 550 (11)

692 581 777 642 48
826 576 1002 641 Haec
1049 577 1374 641 demolitae!

1677 667 1773 731 IX
1822 665 1924 754 (1)

827 754 1168 817 diuidiaest

1694 843 1754 906 X
1804 840 1905 929 (2)

827 930 1168 994 confestim

1674 1035 1770 1099 XI
1819 1033 1921 1121 (8)

823 1125 940 1189 trit

1551 1211 2035 1276 DEMENTES

697 1328 1107 1392 49'Animae
1153 1327 1575 1409 pauxillulum
1623 1325 1692 1390 1'n
1741 1350 1841 1390 ine
1889 1327 2103 1390 habet.

1540 1484 2056 1549 DEMETRIVS

823 1575 1116 1659 persibus

1646 1660 1929 1727 DOLVS

828 1750 1146 1834 Caperata
1190 1751 1405 1814 fronte

646 1947 697 2010 p
734 1931 833 1979 214
871 1928 931 1979 P.
963 1918 1062 1975 st’
1102 1926 1205 1989 (ita
1242 1927 1535 1976 Fabricius
1574 1932 1629 1977 et
1657 1928 1971 1979 Putschius.
2012 1929 2065 1976 it
2102 1926 2242 2043 cod.)
2314 1928 2583 1979 ‘Naeuius
2620 1931 2674 1979 in
2699 1930 2938 1981 Corolla-

643 1998 750 2046 ria.
794 1999 830 2049 .’
923 1994 1054 2043 VIII
1090 1994 1386 2044 Diomedes
1422 1994 1449 2042 1
1485 2011 1536 2059 p.
1563 1997 1662 2045 395
1687 1996 1748 2044 P.
1778 1985 1945 2043 dem
1961 1995 2095 2045 olio
2132 1996 2510 2049 ..Naeuius
2546 1998 2600 2045 in
2630 1999 2939 2048 Corollaria

643 2065 697 2116 11.
727 2064 776 2113 (1.
806 2052 1016 2125 inquit?
1079 2061 1354 2123 (Neuius
1382 2062 1597 2113 Monac.
1622 2063 1881 2111 menius
1906 2062 2083 2113 Paris.
2110 2063 2150 2110 B
2273 2062 2643 2113 corollario
2670 2065 2845 2116 Paris.
2871 2066 2939 2128 Β)

780 2131 857 2178 ΙΧ
895 2130 1066 2178 Varro
1091 2128 1220 2182 del.
1244 2130 1309 2180 L.
1334 2128 1527 2178 v1160
1557 2122 1666 2182 M}
1675 2130 1734 2179 in
1760 2128 2065 2179 Mercatore
2094 2127 2268 2195 [615]:
2315 2146 2424 2180 non
2460 2131 2558 2180 tibi
2594 2132 2736 2182 istuc
2764 2135 2940 2196 magis

646 2197 1029 2247 diuidiaest
1054 2211 1213 2259 quam
1239 2198 1312 2244 mi
1337 2195 1500 2245 hodie
1529 2197 1648 2245 fuit.
1721 2196 1844 2247 hoc
1869 2196 2039 2246 idem
2068 2204 2173 2247 est
2197 2198 2264 2247 in
2292 2197 2681 2248 Corollaria
2707 2199 2935 2249 Naeui

643 2265 852 2314 diuidia
874 2265 942 2315 ab
965 2262 1262 2313 diuidendo
1282 2263 1453 2326 dicta,
1481 2264 1622 2327 quod
1645 2264 1847 2314 diuisio
1868 2264 2149 2314 distractio
2170 2270 2257 2314 est
2275 2258 2513 2315 doloris.’
2569 2267 2687 2316 hoc
2713 2283 2740 2316 e
2756 2268 2939 2316 adem

646 2339 750 2383 est
797 2333 863 2381 in
910 2329 1288 2380 corollaria
1332 2331 1581 2380 neuius
1626 2332 1775 2381 Flor.
1824 2346 1944 2380 cum
1992 2333 2193 2381 ceteris
2243 2333 2399 2381 libris
2435 2339 2497 2383 ut
2542 2333 2662 2382 hoc
2712 2335 2938 2384 eodem

644 2406 833 2450 usust
877 2396 1134 2447 uideatur
1181 2397 1562 2462 corrigendum
1609 2413 1751 2448 esse
1841 2399 1962 2447 hoc
2018 2399 2254 2449 itidem
2311 2406 2379 2449 et
2436 2402 2499 2449 in
2547 2400 2936 2450 Corolloria

641 2467 940 2516 Naeuius
968 2466 1032 2516 O.
1057 2464 1360 2514 Muellerus
1394 2470 1459 2515 et
1496 2472 1799 2529 praeeunte
1826 2465 2126 2529 Spengelio
2265 2467 2490 2516 eadem
2530 2469 2595 2516 in
2634 2468 2935 2517 corolla-

646 2528 742 2585 ria
776 2534 1078 2583 Naeuius
1104 2533 1376 2598 Bergkius
1402 2534 1575 2597 symb.
1606 2535 1629 2583 1
1659 2535 1755 2584 158
1792 2549 1899 2582 non
1928 2534 2243 2595 Varronem,
2285 2534 2384 2585 sed
2410 2534 2669 2585 lectorem
2697 2535 2934 2599 aliquem

645 2604 846 2654 statuit
883 2601 1269 2665 adscripsisse,
1307 2602 1428 2650 hoc
1467 2617 1500 2648 a
1537 2607 1847 2651 correctore
1884 2602 1940 2650 in
1976 2602 2224 2666 margine
2261 2602 2435 2652 uideri
2472 2603 2707 2666 positum
2746 2603 2935 2663 fuisse,

645 2687 751 2734 quo
800 2667 1207 2732 significaretur
1244 2668 1526 2718 hocedie
1563 2669 1621 2717 in
1657 2683 1821 2718 uersu
1859 2669 2216 2728 Mercatoris,
2259 2685 2368 2718 non
2404 2670 2605 2719 hodie
2644 2669 2934 2733 legendum

645 2754 796 2799 esse,
840 2736 1109 2785 Naeuium
1154 2751 1287 2785 uero
1332 2736 1494 2799 plane
1539 2735 1730 2785 eodem
1768 2736 2043 2786 uersiculo
2087 2751 2243 2786 usum
2293 2738 2485 2788 fuisse.
2557 2739 2709 2799 Quae
2755 2739 2936 2786 omnia

643 2820 803 2869 quam
850 2804 963 2852 sint
1005 2804 1218 2852 incerta
1262 2818 1422 2852 nemo
1468 2818 1578 2852 non
1622 2804 1845 2852 sentiet.
1916 2803 2005 2856 Cf.
2049 2803 2382 2867 Fulgentius
2427 2806 2541 2864 565,
2588 2807 2620 2853 3
2658 2803 2823 2866 ‘quid
2861 2804 2935 2854 sit

644 2872 891 2923 desiduo.
973 2870 1201 2919 desiduo
1247 2871 1446 2919 dicitur
1489 2869 1763 2924 diuturne.
1845 2870 1987 2921 unde
2037 2877 2092 2920 et
2138 2874 2311 2921 Varro
2368 2873 2423 2920 in
2472 2870 2782 2921 Corollaria
2828 2873 2933 2921 ait:

643 2941 889 2989 diuidiae
915 2938 1048 2987 mihi
1075 2939 1299 2987 fuerunt
1324 2943 1437 2987 tam
1464 2933 1693 2988 desiduo
1721 2938 1967 2988 abfuisse
1995 2941 2093 2988 te.‘
2232 2939 2280 2986 X
2316 2938 2598 2988 Charisius
2623 2940 2650 2988 Ι
2674 2955 2728 3003 p.
2760 2942 2852 2988 177
2877 2940 2935 2987 Ρ.

636 3002 1071 3056 confestim.
1141 3006 1422 3064 .Naeuius
1458 3006 1516 3054 in
1551 3005 1859 3055 Tarentilla
1885 3012 1942 3055 et
1979 3008 2035 3054 in
2063 2995 2398 3058 Corollaria
2539 3006 2616 3054 XI
2655 3006 2936 3056 Charisius

646 3076 696 3124 11
735 3092 785 3139 p.
821 3076 920 3122 213
958 3074 1018 3123 P.
1045 3065 1194 3122 trit
1228 3073 1471 3123 Naeuius
1507 3073 1565 3121 in
1602 3071 1925 3123 Corollaria.
1999 3072 2279 3137 significat
2317 3079 2529 3135 autem,
2568 3079 2629 3122 ut
2666 3076 2747 3123 ait
2772 3073 2935 3123 Plau-

642 3153 731 3193 tus
754 3142 811 3190 in
837 3140 1100 3205 quadam,
1140 3141 1405 3203 crepitum
1432 3138 1817 3204 polentariurn,
1843 3141 1900 3189 id
1924 3147 2008 3190 est
2031 3139 2315 3205 peditum.’
2391 3156 2430 3190 s.
2462 3145 2682 3189 autem
2710 3156 2934 3190 uocem

645 3224 885 3258 murum
925 3207 1010 3257 ed.
1049 3223 1152 3272 pr.,
1192 3209 1376 3256 nescio
1416 3223 1487 3255 an
1525 3213 1676 3256 recte
1715 3208 1811 3268 (cf.
1847 3209 2138 3258 quentius
2177 3224 2228 3258 u.
2268 3205 2348 3270 9),
2387 3213 2447 3256 ut
2484 3207 2663 3257 altera
2702 3208 2824 3266 illa,
2862 3207 2933 3255 ad

643 3292 804 3340 quarn
840 3275 1028 3326 Plauti
1064 3275 1121 3323 in
1158 3273 1486 3324 Curculione
1523 3273 1578 3322 11
1613 3278 1778 3336 3,16
1816 3275 2121 3340 adpellatio
2148 3275 2471 3338 quadraret,
2499 3275 2790 3324 exciderit.
2827 3276 2934 3323 fuit

643 3351 826 3393 autem
865 3343 1101 3392 fortasse
1141 3357 1296 3406 prox
1336 3339 1435 3401 (cf.
1475 3341 1672 3390 Pseud.
1717 3342 1873 3404 1279)
1987 3342 2072 3392 Cf.
2112 3348 2398 3406 praeterea
2436 3345 2543 3392 ine.
2581 3342 2693 3391 fab.
2735 3341 2867 3390 VIII

782 3411 1093 3460 Dnusn‘rss
1168 3407 1252 3461 Cf.
1289 3399 1659 3472 Μαινόμενος
1683 3410 1912 3472 Diphili
1984 3409 2332 3459 Diomedesl
2370 3426 2419 3474 p.
2459 3413 2558 3460 335
2595 3411 2656 3461 Ρ.
2695 3406 2933 3458 ‘habeo

645 3486 699 3528 et
734 3479 930 3527 habito
967 3477 1224 3530 dicimus
1263 3482 1324 3525 ut
1362 3476 1508 3553 apud
1544 3477 1815 3525 Naeuium
1855 3478 1911 3526 in
1948 3477 2329 3526 Dementibus:
2368 3479 2611 3526 animae’
2648 3492 2691 3528 e.
2735 3492 2786 3538 q.
2823 3493 2865 3526 3.

776 3546 1115 3594 Duum-runs
1188 3542 1276 3593 Cf.
1314 3536 1642 3609 Δημήτριος
1679 3532 1717 3607 ἢ
1754 3540 2085 3609 Φιλέταιρος
2118 3544 2387 3594 Alexidis.
2460 3546 2633 3593 Varro
2673 3544 2740 3592 de
2789 3544 2822 3596 l
2874 3545 2934 3596 L.

644 3615 744 3663 VII
785 3615 878 3663 107
916 3612 988 3660 Μ.
1027 3610 1199 3675 ‘apud
1242 3611 1509 3660 Naeuium
1557 3611 1613 3659 in
1659 3612 1941 3661 Hesiona.
1998 3614 2088 3662 ,in
2126 3611 2431 3661 Clastidio.
2487 3617 2576 3661 ‚in
2616 3611 2790 3661 Dolo.
2847 3613 2934 3660 ,in

643 3681 948 3730 Demetrio:
988 3677 1217 3743 persib
1234 3693 1308 3727 us
1348 3695 1381 3727 a
1417 3678 1619 3743 perite,
1658 3678 1848 3741 itaque
1876 3680 1977 3728 sub
2015 3679 2117 3727 hoc
2154 3679 2429 3743 glossema
2464 3675 2665 3728 callide
2700 3681 2936 3729 subscri-

644 3751 820 3797 bunt.'
860 3748 944 3800 Cf
967 3745 1330 3798 inc.fab.1X.
1370 3745 1529 3794 Pauli
1555 3745 1830 3809 Festusp.
1854 3746 2043 3796 336M.
2074 3745 2270 3810 ‘sibus,
2299 3746 2443 3795 calli
2448 3745 2553 3794 133
2557 3749 2676 3795 siue
2699 3750 2932 3796 acutus)

775 3816 964 3864 Dorus
1026 3808 1563 3865 Cf.Ad).covEub111i.
1606 3811 2033 3862 Klnssmannum
2061 3813 2709 3877 remtm1itM.11auptius
2733 3814 2932 3863 Philol.

643 3884 662 3931 1
701 3885 800 3933 375
940 3882 1113 3930 Varro
1161 3880 1227 3929 de
1274 3880 1309 3929 l.
1355 3881 1420 3929 L.
1458 3879 1562 3929 V11
1611 3882 1706 3929 107
1744 3880 1818 3929 Μ.
1868 3880 2067 3929 ‘multa
2115 3876 2260 3944 apud
2307 3886 2500 3945 poetas
2545 3880 2761 3944 reliqua
2809 3897 2930 3930 esse

642 3951 836 4014 uerba,
884 3963 1106 4012 quorum
1156 3949 1401 4010 origines
1440 3947 1654 4010 possint
1692 3947 1830 4007 dici,
1878 3963 1985 3998 non
2024 3948 2239 4009 dubitn,
2287 3955 2349 3998 ut
2386 3948 2532 4012 apud
2569 3947 2838 3997 Naeuium
2877 3949 2930 3995 in

637 4127 837 4182 Philet.
883 4127 921 4181 Ι
966 4125 1087 4182 376
1131 4124 1301 4180 331313
1344 4126 1466 4180 cod.
1511 4135 1564 4180 st
1597 4124 1699 4180 tale
1732 4127 2040 4182 Fabricius
2209 4126 2290 4181 48
2338 4126 2614 4181 (1313011113
2657 4126 2845 4179 Paris,
2880 4127 2929 4176 Α

805 4209 884 4266 49
933 4207 1091 4263 hahet
1137 4216 1385 4265 testatur
1413 4211 1715 4267 Diomedes
1760 4209 1961 4264 habitat
2002 4213 2139 4266 libri
2307 4204 2417 4266 49²
2460 4216 2731 4281 caperrata
2763 4207 2921 4261 Flor.

634 4295 711 4367 (u.
760 4293 980 4366 supra),
1031 4295 1185 4365 quod
1211 4297 1261 4348 si
1290 4311 1490 4349 uerum
1537 4302 1654 4365 est,
1700 4296 1958 4350 Naeuius
1988 4311 2037 4351 e.
2072 4312 2123 4349 e.
2166 4299 2277 4350 sic.-
2322 4293 2594 4365 caperrata
2625 4291 2714 4346 illc
2748 4287 2925 4344 fronte
