3400 5075
712 323 843 388 396
1187 328 1704 380 ANONYMORVM
1748 332 2098 383 MIMORVM
2134 332 2533 394 RELIQVIAE

715 506 790 548 eo
838 482 1073 548 Accius
1120 485 1501 549 iniuriarum
1548 487 1703 571 agit.
1760 487 1862 551 hic
1909 488 2073 552 nihil
2122 489 2293 553 aliud
2343 490 2630 553 defendit
2667 490 2793 554 nisi
2821 491 3007 555 licere

713 601 1034 663 nominari
1082 623 1254 685 911111,
1303 602 1482 666 cuius
1527 604 1790 667 nomine
1839 605 2079 688 scripta
2125 605 2357 668 dentur
2404 605 2693 690 agenda?

1824 719 1889 782 II

891 830 1111 897 Cicero
1159 834 1240 897 ad
1287 835 1437 898 fam.
1485 833 1580 898 IX
1619 836 1715 918 16,
1756 837 1791 898 7
1843 839 2038 900 ‘nunc
2083 837 2275 901 uenio
2324 837 2403 900 ad
2449 838 2805 902 iocationes
2843 842 3007 924 tuaS‚

637 977 646 984 ·
712 949 1020 1032 quoniam
1065 952 1135 1012 tu
1194 949 1543 1014 secundum
1593 949 1993 1014 Oenomaum
2040 950 2196 1014 Acci
2252 974 2387 1016 non
2433 956 2508 1016 ut
2553 954 2707 1018 olim
2756 956 3007 1019 solebat

713 1063 1110 1148 Atellanam,
1165 1064 1274 1128 sed
1331 1068 1403 1129 ut
1457 1087 1629 1129 nunc
1684 1067 1761 1129 fit
1815 1067 2081 1131 mimum
2136 1068 2566 1132 introduxisti.
2678 1093 2867 1154 quem
2934 1075 3004 1134 tu

708 1180 868 1242 mihi
931 1181 1312 1264 pompilum,
1378 1204 1567 1264 quem
1633 1181 1967 1245 denarium
2032 1185 2303 1246 narras?
2370 1206 2563 1268 quam
2628 1186 3005 1268 tyrotarichi

707 1295 1043 1379 patinam?
1116 1296 1440 1375 facilitate
1481 1319 1626 1361 mea
1680 1299 1807 1361 ista
1851 1298 2224 1362 ferebantur
2270 1303 2489 1382 antea,
2537 1322 2709 1364 nunc
2755 1304 3005 1365 mutata

707 1432 808 1474 res
857 1414 979 1475 est:
1024 1410 1311 1475 Hirtium
1358 1433 1479 1497 ego
1519 1418 1584 1477 et
1629 1412 2035 1478 Dolabellam
2082 1414 2334 1478 dicendi
2382 1414 2729 1499 discipulos
2777 1417 3004 1501 habeo,

708 1526 981 1590 cenandi
1028 1528 1373 1612 magistros
1404 1579 1418 1593 .
1449 1579 1463 1592 .
1492 1579 1506 1593 .
1537 1579 1550 1593 .
1581 1530 1753 1612 quod
1800 1530 1851 1594 si
1900 1553 2273 1613 perseueras
2304 1553 2405 1594 me
2454 1531 2533 1595 ad
2581 1533 2804 1595 matris
2852 1537 2999 1596 tuae

706 1665 928 1706 cenam
959 1665 1288 1727 reuocare,
1333 1646 1536 1709 feram
1583 1645 1646 1708 id
1695 1668 1967 1730 quoque.
2040 1648 2189 1711 uolo
2220 1647 2390 1710 enim
2433 1647 2648 1711 uidere
2696 1647 3000 1732 animum,

706 1760 816 1842 qui
862 1759 1020 1822 mihi
1079 1759 1312 1823 audeat
1366 1761 1491 1824 ista
1540 1783 1702 1845 quae
1750 1761 1974 1825 scribis
2022 1762 2342 1845 adponere
2392 1767 2506 1826 aut
2550 1763 2744 1826 etiam
2791 1786 2995 1846 pom-

704 1875 942 1959 pilum
999 1875 1305 1939 miniati
1362 1875 1579 1940 Iouis
1637 1878 1985 1942 similem.
2034 1928 2091 1942 ..
2125 1929 2138 1942 .
2176 1881 2246 1941 tu
2296 1900 2451 1942 uero
2500 1929 2513 1942 .
2545 1928 2602 1943 ..
2651 1879 2732 1942 ad
2788 1884 2995 1963 tyro·

701 1990 1088 2055 tarichum
1138 1992 1474 2074 antiquum
1521 1994 1655 2066 redi
1706 2044 1720 2057 .
1749 2045 1763 2057 .
1795 2043 1808 2057 .
1840 2045 1853 2058 .
1901 1993 2054 2058 salis
2101 1994 2270 2057 enim
2312 1994 2468 2058 satis
2508 1999 2637 2080 est,
2684 1996 2995 2060 sannio-

703 2128 877 2170 num
923 2112 1197 2191 parum.'
1293 2106 1388 2172 Cf.
1435 2107 1610 2172 XIV.
1805 2196 1904 2262 HI

822 2401 825 2404 Δ
880 2310 1102 2376 Cicero
1149 2312 1314 2375 Phil.
1360 2311 1426 2376 II
1466 2313 1570 2396 27,
1601 2314 1684 2377 66
1736 2313 1827 2376 ‘in
1873 2313 2009 2376 eius
2056 2314 2256 2397 igitur
2299 2315 2423 2379 uiri
2472 2316 2689 2399 copias
2736 2338 2879 2380 cum
2926 2339 2993 2381 se

705 2426 918 2491 subito
967 2428 1462 2512 ingurgitasset‚
1518 2429 1850 2492 exultabat
1905 2429 2168 2513 gaudio,
2221 2453 2553 2513 persona
2611 2431 2696 2494 de
2744 2432 2990 2497 mimo:

701 2543 920 2608 modo
970 2565 1230 2629 egen8‚
1274 2548 1595 2629 repente
1643 2546 1902 2622 diues?

1789 2660 1887 2726 IV

878 2775 1102 2840 Cicero
1149 2799 1267 2860 pro
1317 2774 1533 2840 Caelio
1574 2778 1677 2860 27,
1718 2778 1803 2840 6-1
1851 2777 2053 2841 ‘uelut
2095 2777 2256 2841 haec
2302 2781 2443 2841 tota
2490 2778 2711 2841 fabula
2758 2779 2983 2842 ueteris
3074 2782 3075 2785 ’

699 2894 765 2954 et
809 2892 1229 2974 plurimarum
1277 2892 1641 2956 fabularum
1686 2893 1973 2976 poetriae
2021 2917 2213 2976 quam
2261 2898 2359 2956 est
2406 2895 2542 2956 sine
2583 2896 2984 2979 argumento!

700 3029 893 3090 quam
938 3008 1190 3071 nullum
1234 3008 1526 3073 inuenire
1574 3008 1815 3071 exitum
1861 3011 2100 3092 potest!
2134 3059 2147 3073 .
2178 3060 2191 3073 .
2222 3060 2235 3073 .
2282 3010 2495 3073 mimi
2525 3030 2678 3095 ergo
2719 3014 2817 3074 est
2860 3011 2985 3073 iam

700 3201 787 3253 (Ο.
816 3201 1041 3252 Caelius
1066 3202 1227 3252 iudex
1255 3201 1497 3251 absoluit
1522 3203 1843 3252 iniuriarum
1872 3220 2012 3266 eum,
2040 3206 2132 3269 qui
2159 3205 2432 3253 Lucilium
2461 3210 2679 3268 poetam
2708 3206 2762 3253 in
2788 3220 2992 3254 scaena

697 3271 1017 3320 nominatim
1044 3270 1315 3330 laeserat,
1356 3272 1414 3319 P.
1443 3272 1657 3319 Mucius
1683 3286 1828 3332 911111,
1868 3273 1963 3336 qui
1990 3274 2051 3321 L.
2080 3274 2303 3321 Accium
2342 3279 2561 3335 poetam
2588 3274 2989 3336 nominauerat‚

696 3338 1120 3388 condemnauit.’
1257 3338 1311 3388 11
1339 3338 1560 3401 Repetii
1587 3338 1780 3393 locum,
1807 3341 2059 3403 quamuis
2086 3356 2419 3404 magnopere
2446 3340 2688 3389 dubitem
2715 3356 2839 3389 num
2870 3358 2990 3391 cer-

697 3411 814 3455 tum
849 3409 1066 3455 mimum
1104 3406 1410 3469 respexerit
1447 3404 1666 3456 Cicero:
1706 3407 1861 3455 nihili
1901 3414 1986 3457 est
2025 3408 2298 3456 Krahneri
2333 3409 2645 3456 coniectura
2681 3409 2737 3457 in
2774 3409 2985 3472 ephem.

697 3475 873 3523 Marb.
911 3476 1041 3523 1852
1078 3490 1129 3537 p.
1158 3475 1257 3523 396
1284 3489 1401 3537 sqq.
1432 3473 1676 3539 prolata,
1718 3473 2080 3538 Popilium,
2120 3476 2511 3536 Denarium,
2546 3476 2989 3537 Tyrotarichi

697 3543 994 3605 patinam
1033 3542 1346 3591 exodiorum
1386 3538 1770 3606 (Accianorum
1810 3542 2001 3601 adeol)
2040 3544 2258 3591 1101111119
2296 3558 2435 3595 esse.
2511 3542 2765 3592 Ceterum
2805 3544 2876 3592 cf.
2918 3545 2987 3594 ad

696 3611 809 3658 Att.
848 3610 922 3659 IV
960 3611 1055 3668 8a,
1099 3612 1142 3662 1.
1181 3609 1309 3657 XIV
1349 3612 1426 3669 16,
1470 3614 1514 3658 1.
1586 3609 1953 3674 pompilum
1990 3610 2228 3659 Rutilius
2267 3608 2433 3673 (idem
2461 3611 2608 3659 infra
2634 3611 2853 3676 scripsi,
2893 3612 2988 3660 ubi

698 3675 1017 3741 polypum
1043 3676 1210 3740 Med.)
1250 3676 1609 3740 popillium
1635 3678 1781 3727 Med.
1819 3679 2128 3742 polypum
2168 3677 2441 3727 Corradus
2480 3679 2819 3743 popellum
2848 3680 2988 3728 Bue-

697 3743 945 3794 chelerus
1085 3744 1518 3807 thynnarium
1555 3745 1814 3794 Rutilius.
1888 3746 2055 3794 Immo
2083 3761 2150 3794 ne
2183 3762 2343 3794 unum
2384 3746 2599 3810 quidem
2639 3746 2988 3795 denarium

695 3827 753 3861 se
792 3813 847 3860 in
886 3811 996 3860 olla
1032 3811 1239 3861 habere
1283 3811 1623 3861 lamentatus
1661 3818 1783 3861 erat
1818 3815 2027 3862 Pactus
2065 3812 2162 3875 (cf.
2205 3816 2283 3872 18,
2324 3813 2395 3874 4).
2546 3815 2626 3863 111
2665 3813 2749 3862 Cf.
2792 3813 2985 3864 Cicero

695 3895 792 3944 pro
831 3880 1089 3942 Quinctio
1131 3882 1209 3942 17,
1249 3882 1315 3930 55
1362 3884 1548 3930 ‘uetus
1595 3886 1681 3930 est
1725 3881 1792 3928 de
1839 3896 2034 3929 scurra
2079 3881 2248 3931 multo
2287 3881 2508 3930 facilius
2557 3882 2788 3931 diuitem
2826 3898 2986 3946 quam

696 3953 909 4012 patrem
946 3946 1189 3997 familias
1227 3948 1345 3998 fieri
1383 3952 1581 4011 posse)
1654 3949 1946 3997 Petronius
1987 3964 2031 4001 c.
2069 3951 2162 3999 80:

1104 4019 1262 4079 ‘grex
1299 4016 1418 4079 agit
1452 4016 1510 4064 in
1548 4030 1754 4065 scaena
1790 4016 2034 4064 mimum:
2074 4022 2264 4080 pater
2300 4016 2395 4065 ille
2433 4023 2681 4078 uocatur,

1169 4082 1361 4133 filius
1399 4083 1518 4143 hic,
1556 4099 1755 4133 nomen
1790 4084 2030 4134 diuitis
2070 4084 2161 4133 ille
2202 4090 2374 4136 tenet.

1102 4166 1226 4199 mox
1263 4150 1356 4201 ubi
1394 4150 1651 4200 ridendas
1687 4152 1913 4201 inclusit
1950 4153 2155 4217 pagina
2193 4157 2398 4218 1191193,

1167 4233 1303 4268 nera
1339 4218 1482 4268 redit
1521 4219 1725 4280 facieS,
1763 4219 1885 4267 dum
1924 4219 2182 4269 simulata
2222 4220 2403 4285 perit.’

696 4285 782 4351 (In
817 4300 871 4335 u.
909 4288 941 4336 3
977 4300 1077 4349 pro
1113 4287 1366 4351 pagina
1402 4292 1666 4351 expectes
1705 4287 2009 4352 capsula:
2050 4289 2461 4352 reponebantur
2499 4287 2642 4335 enim
2689 4287 2749 4335 in
2784 4301 2983 4350 capsu-

692 4354 804 4405 lam
831 4352 1085 4415 chartae,
1122 4368 1266 4419 quac
1290 4354 1526 4419 scriptas
1563 4359 1752 4421 partes
1781 4355 2132 4418 exhibebant,
2172 4371 2295 4406 cum
2320 4360 2551 4422 peracta
2577 4353 2767 4405 fabula
2795 4352 2981 4417 esset.)
