3400 5075
1228 336 1505 388 SEXTVS
1544 338 1934 389 TVRPILIVS
2648 340 2731 404 93

1432 491 1595 557 VIII
1674 495 1710 558 7

613 606 1136 672 Patr6cinantem
1182 607 1294 671 ubi
1339 607 1583 675 finctum
1632 492 1907 673 {ugierit
1953 584 2214 674 saucius·

1441 749 1535 813 IX
1585 748 1732 835 (11)

484 865 570 928 65
616 864 706 928 At
752 863 928 929 enim
975 865 1135 929 scies
1182 887 1258 928 ea
1304 867 1465 948 quac
1511 864 1692 929 fuisti
1740 866 2011 931 ncscius.

1482 1006 1542 1070 X
1592 1003 1693 1093 (6)

704 1120 816 1185 861:
863 1122 1005 1205 quis
1052 1125 1150 1185 cst
1196 1123 1304 1205 qui
1352 1121 1770 1208 interrumpit
1817 1127 2174 1189 sermoncm
2223 1148 2433 1190 meum

689 1232 925 1307 sobitu*
965 1237 1127 1300 suo?

1435 1341 1530 1407 XI
1579 1339 1723 1428 (10)

611 1456 733 1521 Sc-§d
780 1460 929 1522 uolo
978 1461 1050 1522 ut
1094 1456 1349 1522 familia
1394 1462 1618 1521 nostra
1664 1456 1878 1522 officia
1923 1459 2235 1544 fungatur
2282 1485 2414 1527 sua.

1418 1598 1546 1663 XII
1593 1597 1739 1685 (13)

612 1711 1014 1778 Currdndum
1044 1715 1134 1777 sic
1177 1717 1301 1796 est,
1350 1713 1444 1778 sse
1492 1716 1706 1798 datur,
1752 1716 2023 1780 nimium
2061 1718 2171 1782 fibi
2219 1721 2435 1802 sopori
2483 1714 2724 1785 scruius

480 1829 564 1892 70
609 1828 835 1893 Potius
884 1851 1076 1911 quam
1125 1828 1411 1912 domino,
1459 1834 1523 1893 et
1570 1831 1680 1895 tibi
1729 1853 1951 1895 seuero
1999 1833 2267 1917 impcrio
2315 1857 2477 1918 quae
2524 1836 2720 1919 impc-

1709 1948 1853 2010 rae'ita
1899 1951 2051 2011 sunt

430 2172 729 2236 Bentinus)
868 2173 1003 2224 VIII
1045 2174 1259 2225 Nonius
1302 2175 1427 2234 398,
1481 2176 1512 2224 5
1558 2176 1814 2225 ‘saucii
1865 2175 2119 2226 dicuntur
2162 2179 2381 2242 proprie
2429 2179 2725 2239 uulnerati,

431 2257 538 2290 non
573 2242 766 2304 mesti,
804 2242 968 2292 sicuti
992 2242 1112 2293 uult
1138 2241 1540 2292 consuetudo..
1564 2245 1607 2291 .'
1682 2243 1788 2292 Sed
1826 2242 1933 2293 huc
1960 2259 2093 2293 sane
2122 2246 2315 2294 maesti
2340 2248 2490 2296 notio
2528 2246 2724 2297 melius

429 2309 699 2372 quadrare
744 2308 965 2358 uidetur
1133 2309 1211 2359 IX
1247 2309 1458 2359 Nonius
1494 2312 1608 2371 501,
1649 2312 1710 2359 17
1756 2311 2239 2362 ‘nominatiuus
2285 2328 2380 2377 pro
2419 2315 2722 2378 genetiu0.’

565 2377 615 2425 X
651 2377 860 2427 Nonius
908 2378 1034 2439 357,
1080 2380 1146 2427 23
1201 2378 1465 2427 ‘obitus
1510 2392 1697 2427 rursus
1743 2377 2148 2428 aduentus...’
2388 2381 2465 2429 XI
2512 2382 2723 2432 Nonius

427 2446 555 2508 497,
608 2448 668 2495 13
716 2445 1193 2495 ‘accusatiuns
1239 2445 1453 2509 positus
1499 2460 1597 2510 pro
1640 2444 1945 2496 ablatino..
1977 2449 2052 2496 ..’
2257 2446 2366 2496 XII
2404 2448 2723 2499 Priscianus

430 2511 497 2562 dc
543 2512 733 2562 metris
774 2528 825 2578 p.
873 2514 1005 2562 1326
1052 2515 1113 2563 Ρ.
1163 2512 1471 2577 ‘Turpilius
1555 2526 1731 2578 noque
1779 2513 1832 2562 in
1878 2513 1994 2564 suis
2038 2513 2180 2564 idem
2229 2513 2363 2565 facit
2410 2516 2725 2580 comoediis„

427 2584 488 2629 ut.
525 2583 582 2630 in
616 2580 821 2630 Lindia
846 2620 859 2634 .
884 2621 897 2634 .
925 2622 937 2634 .
964 2580 1110 2631 idem
1145 2581 1203 2630 in
1239 2581 1493 2645 Epiclero
1555 2579 1601 2646 Ι]
1642 2580 1785 2630 idem
1825 2582 1880 2630 in
1917 2582 2108 2632 cadem
2146 2586 2486 2635 tetrametris
2522 2586 2721 2635 utitur:

599 2811 677 2869 64
724 2812 1132 2867 latrocinantem
1182 2813 1560 2884 Kiesslinyius
1688 2830 1765 2868 an
1813 2812 1990 2868 facto?
2130 2812 2359 2870 audierit
2390 2814 2724 2886 Stephanus

427 2896 693 2951 audiuerit
733 2898 871 2952 libri
1038 2898 1275 2951 saucium
1321 2897 1550 2967 Lipsius
1596 2897 1781 2968 Epist.
1829 2915 1923 2969 qu.
1986 2897 2034 2952 V
2074 2896 2144 2968 2,
2190 2902 2290 2970 qui
2332 2906 2518 2955 tamen
2563 2901 2721 2955 initio

426 2997 636 3037 uersus
678 2979 984 3035 Patroclum
1040 2989 1217 3036 autem
1273 2990 1622 3037 commentus
1665 2987 1750 3037 est
1923 2981 2001 3038 65
2048 2981 2111 3036 ad
2170 2983 2310 3037 enim
2358 2983 2562 3040 Bamb.

426 3066 643 3120 nescius
690 3063 1058 3136 Gruutoffius
1100 3065 1304 3120 inscius
1347 3065 1483 3121 libri
1649 3073 1705 3119 at
1749 3067 1888 3120 enim
1935 3068 2037 3121 iam
2082 3065 2243 3121 scibis
2285 3084 2344 3121 ca
2391 3084 2527 3140 quac
2573 3066 2722 3123 suisti

426 3150 626 3205 inscius
659 3150 787 3205 olim
828 3153 1114 3221 proposui
1123 3173 1141 3212 ,·
1185 3151 1244 3205 in
1276 3151 1482 3222 quibus
1514 3153 1684 3205 etiam
1713 3166 1868 3205 nunc
1912 3158 1966 3205 at
2010 3152 2151 3206 enim
2181 3152 2282 3205 iam
2314 3150 2472 3206 scibis
2504 3155 2720 3207 initium

420 3237 635 3305 placet.
729 3234 1054 3307 BerylciuS,
1103 3237 1203 3306 qui
1242 3237 1301 3289 in
1333 3235 1553 3290 annali.
1595 3235 1819 3305 philoll.
1856 3234 2018 3291 1870
2057 3252 2117 3306 p.
2151 3234 2274 3290 828
2310 3237 2446 3290 scics
2488 3236 2721 3306 probat,

424 3337 555 3374 num
599 3320 816 3375 hiatum
861 3332 1083 3391 quoque
1115 3326 1251 3374 cmle
1293 3319 1491 3374 inscius
1522 3323 1760 3374 seruari
1787 3320 1921 3375 uelit
1965 3336 2078 3375 non
2109 3322 2474 3390 siqnificauit.
2565 3318 2722 3375 Gom-

423 3404 698 3458 mendare
742 3405 912 3458 nolim
957 3403 1299 3474 acephalum
1344 3405 1566 3459 scilicet
1595 3406 1888 3459 senarium
1935 3404 2134 3459 talem.-
2178 3445 2190 3457 .
2238 3404 2292 3457 int
2337 3405 2478 3459 enim
2523 3402 2637 3474 (uel
2667 3412 2720 3458 at

423 3486 563 3542 cuim
623 3485 703 3558 tu)
749 3488 849 3542 iam
906 3486 1044 3542 scics
1089 3503 1149 3542 ea
1195 3503 1330 3560 quac
1389 3487 1538 3542 suisti
1582 3486 1784 3542 inscius
2000 3486 2079 3543 66
2137 3485 2392 3544 Creticus
2447 3490 2723 3559 discripsi

423 3573 684 3643 quamuis
727 3574 914 3627 minus
943 3574 1235 3644 eleqantes
1373 3579 1426 3626 et
1473 3572 1593 3644 quis
1624 3580 1711 3627 cst
1751 3573 1888 3627 libri
1929 3571 2112 3642 ecquis
2159 3570 2246 3625 hic
2291 3579 2373 3626 est
2421 3571 2720 3627 Bentleius

424 3657 502 3711 ad
548 3656 677 3711 Ter.
723 3656 849 3711 hec.
902 3656 946 3710 V
973 3654 1033 3726 4,
1085 3655 1159 3711 19
1192 3660 1523 3726 septenario
1570 3657 1887 3712 trochaico.
1987 3662 2072 3709 sct
2117 3656 2237 3727 quis
2284 3655 2369 3710 hic
2414 3664 2497 3710 est
2532 3656 2748 3711 Grau-⁴

423 3739 649 3811 lefsius,
696 3743 798 3812 qui
825 3746 918 3795 sat
954 3741 1333 3811 probabiliter
1363 3756 1537 3795 mcum
1568 3756 1873 3796 sermonem
1915 3741 2286 3810 transpositis
2326 3744 2717 3810 septenarium

422 3824 706 3896 confecit,·
741 3831 979 3895 poterat
1023 3825 1189 3880 etiam
1234 3823 1316 3879 sct
1363 3823 1484 3896 quis
1515 3832 1601 3879 cst
1630 3827 1722 3898 qui
1754 3825 1840 3880 hic
1870 3826 2177 3881 ordinare.-
2221 3825 2362 3880 nihil
2406 3829 2543 3880 noui
2584 3841 2716 3881 con—

423 3911 548 3964 tulit
594 3908 1023 3965 CFWMueller
1063 3912 1103 3964 l.
1150 3912 1189 3965 l.
1237 3907 1361 3964 458
1536 3907 1614 3965 68
1659 3909 1756 3964 sed
1803 3908 1930 3964 uolo
1969 3909 2215 3965 Bolbius
2257 3908 2353 3964 sed
2400 3908 2523 3964 nola
2567 3910 2713 3977 libri,

420 3994 573 4065 quod
612 3993 852 4065 defendi
882 4008 1059 4064 posse
1104 3996 1231 4050 olim
1276 3995 1483 4048 monui.
1542 3992 1733 4048 sedulo
1781 3994 2114 4049 Gulielmius
2161 3993 2340 4050 Veris.
2387 3994 2458 4048 II
2499 3992 2578 4050 23

422 4077 500 4133 69
533 4077 856 4133 currendum
889 4080 965 4133 sic
995 4085 1078 4133 cst
1100 4076 1343 4135 Botkius
1365 4076 1633 4132 currendo
1656 4077 1737 4132 sic
1767 4084 1851 4132 est
1878 4079 2034 4147 libri,
2067 4080 2181 4133 nisi
2208 4079 2362 4150 quod
2385 4077 2458 4132 ἐἷο
2488 4077 2644 4133 Leid.
2675 4075 2725 4131 V

421 4160 653 4215 exhibet
741 4162 897 4217 Conl.
950 4162 1146 4218 Plduli
1184 4164 1396 4218 Pseud.
1438 4159 1555 4217 154
1602 4168 1655 4216 et
1693 4161 1927 4217 Trucul.
1963 4160 2120 4231 118,
2151 4161 2189 4215 4
2238 4157 2389 4236 (uide
2431 4162 2609 4235 symb.
2639 4161 2721 4216 ud

414 4251 575 4314 part.
607 4245 735 4300 Lat.
768 4243 868 4318 31)
904 4250 1160 4302 conicias
1189 4245 1584 4302 currendumst.
1618 4246 1716 4316 sic,
1749 4262 1831 4300 cm
1864 4247 1943 4301 sic
1985 4245 2145 4301 (latur
2174 4261 2223 4302 e.
2257 4265 2310 4319 q.
2343 4262 2390 4302 s.
2552 4245 2633 4302 70
2663 4253 2718 4300 ct

421 4327 509 4383 ubi
552 4329 690 4384 libri
730 4329 829 4384 etsi
883 4329 1154 4393 Botbius;
1207 4332 1312 4386 sed
1349 4346 1462 4385 non
1510 4336 1595 4385 est
1636 4332 1802 4402 finita
1850 4334 2167 4386 sententia.-
2212 4329 2580 4405 negleguntur
2625 4333 2718 4386 uel
