3400 5075
1428 331 1789 385 ADDENDA
2527 336 2723 392 CXXX
2735 342 2760 393 I

459 518 621 580 quae
684 516 816 559 non
877 515 1044 579 nego
1108 495 1348 558 habere
1414 516 1539 577 quo
1603 494 1860 578 placere
1925 498 2183 580 possint
2238 494 2332 584 (et
2384 504 2558 565 recte
2621 502 2749 584 ipsi

317 626 322 629 ·
447 601 757 679 Charisio
804 602 944 666 huic
986 622 1106 683 pro
1154 599 1422 684 vulgato
1468 601 1566 666 hic
1610 603 1986 667 restitutum
2042 600 2194 691 est),
2248 608 2470 671 tamen
2516 607 2597 672 ad
2645 609 2747 673 de-

456 709 818 773 finitionem
865 709 1110 793 figurae
1159 705 1298 790 ‘per
1344 708 1708 792 epitropen'
1754 732 1899 774 mea
1936 733 2188 795 quoque
2217 713 2534 796 quadrare
2560 719 2746 799 puta-

457 816 677 882 verim.
769 815 1066 899 displicet
1109 814 1179 877 in
1223 813 1387 900 istis,
1439 838 1601 900 quae
1648 838 1846 901 supra
1890 818 2100 903 posui,
2156 819 2326 903 quod
2378 820 2749 887 herrandum

458 927 524 987 et
567 923 949 1000 mesen-anda,
1005 942 1168 1004 quae
1224 924 1512 985 veterum
1570 944 1604 987 e
1660 923 2119 989 consuetudine
2181 924 2484 1009 copulata
2530 926 2745 1012 aliquo
2814 990 2821 999 ,

457 1030 647 1094 modo
702 1030 900 1093 fuisse
956 1026 1294 1111 probabile
1350 1031 1474 1114 est,
1531 1029 1600 1092 in
1655 1029 1779 1094 duo
1837 1031 2130 1095 membra
2184 1031 2508 1115 discerpta
2569 1036 2746 1117 sunt3

457 1137 818 1221 praeferam
867 1135 1069 1221 igitur
1107 1135 1452 1199 coniuncta
1479 1133 1807 1201 ‘Imma
1834 1140 2191 1203 miseranda
2218 1138 2348 1203 ista
2376 1139 2510 1203 sive
2540 1144 2642 1203 est
2669 1139 2745 1205 c’.

633 1244 765 1308 220
812 1265 902 1327 sq.
975 1242 1291 1306 Varronis
1319 1242 1534 1306 locum
1562 1241 1883 1327 Bergkius
1912 1242 2143 1309 Philol.
2171 1244 2454 1309 XXXJH
2492 1247 2617 1310 311
2652 1247 2759 1311 sie

455 1350 761 1415 constitui
806 1350 1011 1414 iubet:
1061 1348 1099 1413 Σ
1148 1399 1162 1412 .
1210 1399 1224 1413 .
1268 1350 1525 1431 aqrestis
1579 1348 1663 1413 ab
1712 1369 1879 1434 agro
1919 1349 2124 1416 dictas
2174 1353 2461 1435 apparet.
2553 1352 2741 1433 Infu-

454 1459 614 1523 latas
645 1457 894 1539 Ῐιοείίαθ,
941 1455 1111 1539 quod
1149 1455 1515 1519 velamenta
1541 1455 1646 1518 his
1677 1477 1711 1518 e
1739 1454 1891 1519 lana
1920 1476 2082 1539 quae
2114 1457 2451 1542 adduntur,
2482 1457 2741 1522 infulae.

450 1565 677 1648 Itaque
712 1567 853 1628 tum
901 1563 1071 1646 quod
1108 1562 1189 1626 ad
1219 1562 1581 1644 sepulcrum
1608 1561 1839 1649 ferunt,
1854 1561 2147 1627 frondem
2178 1586 2254 1629 ac
2280 1564 2490 1648 floreS,
2538 1564 2741 1628 addit:

814 1692 945 1734 non
991 1670 1196 1753 lanaS,
1245 1668 1354 1733 sed
1401 1668 1651 1733 velatas
1699 1668 2058 1733 frondentis
2107 1668 2368 1759 comas'7

453 1776 663 1861 Supra
709 1780 926 1841 autem
972 1776 1041 1840 in
1086 1777 1318 1841 lacuna
1365 1775 1578 1840 locum
1621 1773 1929 1840 habuisse
1976 1776 2208 1840 statuit
2247 1776 2483 1863 tragici
2508 1779 2740 1861 poetae

451 1884 732 1947 frustum

1009 2039 1023 2053 .
1071 2038 1085 2053 .
1132 1988 1428 2073 agrestis,
1473 1986 1784 2052 insulatas
1832 1989 2106 2054 hostias

449 2096 662 2180 Atque
710 2096 776 2159 in
821 2095 924 2159 his
973 2094 1217 2179 aliquid
1263 2116 1414 2159 sane
1461 2094 1596 2159 veri
1644 2099 2024 2160 consecutus
2073 2099 2174 2161 est
2199 2095 2535 2181 Bergkius,
2577 2088 2739 2162 m'ihi

451 2203 620 2267 enim
667 2203 793 2286 ipsi
837 2223 1006 2266 nunc
1049 2223 1430 2285 persuasum
1479 2204 1596 2286 est,
1643 2202 1876 2288 tragici
1924 2205 2155 2286 poetae
2200 2203 2363 2268 haec
2410 2226 2575 2267 esse:

1510 2307 1822 2373 insulatas
1867 2308 2119 2374 hostias

871 2438 1004 2481 non
1047 2415 1217 2501 lana,
1265 2415 1376 2479 sed
1422 2415 1669 2480 velatas
1716 2415 2041 2481 frondenti
2089 2438 2291 2481 coma.

624 2523 753 2588 238
801 2522 1130 2588 Baccheos
1186 2525 1252 2587 et
1305 2522 1577 2588 creticos
1625 2522 2022 2607 compositos
2070 2544 2210 2586 esse
2258 2521 2492 2587 statuit
2536 2522 2732 2610 Berg-

447 2629 591 2693 kius
628 2631 756 2695 ind.
790 2630 1157 2695 scholarum
1195 2629 1576 2694 Halensium
1628 2630 1861 2714 1862)ss
1910 2652 1970 2713 p.
2015 2629 2138 2694 III:
2183 2633 2412 2697 amieos
2458 2633 2545 2697 ad
2575 2631 2736 2698 hanc

446 2758 597 2815 rem,
651 2740 713 2802 si
761 2739 943 2817 voles,
989 2738 1231 2802 ddvoca.

619 2949 688 3014 P.
762 2952 890 3016 28ss
963 2952 1032 3014 in
1093 2948 1516 3014 ΡΟΜΡΟΝΠ
1578 2949 1791 3014 frusto
1856 2970 2053 3033 reyem
2115 2949 2435 3037 Bergkius
2498 2949 2731 3016 Philol.

443 3055 724 3121 XXXIII
769 3058 916 3143 292,
962 3061 1152 3122 reete.

625 3163 801 3239 Quae
859 3187 898 3228 a
947 3160 1253 3228 Cicerone
1309 3162 1496 3227 Tusc.
1555 3161 1718 3247 disp.
1760 3162 1810 3227 I·
1842 3163 1909 3246 5,
1969 3165 2051 3228 10
2103 3163 2454 3229 laudantur
2497 3169 2730 3249 poetae

444 3270 642 3334 verba
689 3270 987 3352 Sisyphzffi
1031 3276 1232 3334 versat
1272 3290 1495 3335 saxu-m
1521 3272 1755 3335 sudans
1781 3271 2028 3334 nitendo
2054 3290 2243 3352 neque
2254 3273 2508 3354 proficit
2532 3272 2730 3338 hilum

443 3377 611 3439 inter
664 3374 896 3440 Lucilii
953 3376 1309 3460 dactylicos
1364 3376 1778 3442 hexametros
1835 3376 1917 3441 ab
1972 3376 2210 3440 Iacobo
2267 3375 2553 3443 Beckero
2620 3379 2725 3443 ad-

441 3482 705 3545 modum
756 3483 1185 3565 probabiliter
1237 3483 1447 3548 relata
1497 3505 1706 3566 nuper
1760 3482 2112 3547 extiterunt
2168 3482 2276 3566 qui
2329 3505 2462 3549 non
2514 3485 2726 3550 minus

442 3611 634 3672 quam
679 3590 970 3671 proxime
1018 3589 1463 3655 antecedentia
1509 3590 1615 3676 (cf.
1661 3593 1829 3675 trag.
1875 3590 1996 3654 inc.
2044 3590 2164 3654 inc.
2217 3588 2370 3677 111)
2418 3590 2494 3654 de
2529 3596 2726 3674 poeta

441 3696 658 3779 aliquo
713 3696 963 3781 tragico
1013 3699 1273 3780 sumpta
1318 3718 1458 3761 esse
1506 3699 1867 3761 statuerent
1909 3697 2137 3780 hisque
2184 3696 2552 3783 anapaestis
2600 3697 2725 3762 dis-

437 3802 614 3886 pesci
656 3802 1020 3867 suaderent:

954 3905 1263 3994 Sisjphu'
1312 3911 1529 3974 versat
1575 3913 1805 3974 saxum
1850 3910 2087 3975 sudans

950 4015 1214 4080 nitendo
1259 4038 1465 4101 neque
1509 4014 1776 4100 proficit
1816 4015 2040 4082 hilum.

441 4119 561 4187 Cui
609 4122 900 4205 opinioni
945 4121 1088 4186 ideo
1136 4123 1414 4188 maxime
1461 4122 1704 4208 diffido,
1749 4123 1919 4207 quod
1965 4127 2032 4188 et
2077 4125 2357 4201 alienum
2396 4149 2435 4190 a
2470 4127 2721 4212 tragico

438 4227 592 4293 stilo
648 4229 1037 4294 vocabulum
1097 4229 1294 4294 hilum
1358 4232 1458 4294 est
1513 4232 1579 4293 et
1630 4230 1776 4294 tota
1831 4231 2153 4295 sententia
2206 4232 2320 4296 illa
2375 4232 2456 4298 ad
2518 4232 2722 4300 risum

433 4334 653 4424 potius
701 4357 894 4421 quam
941 4335 1021 4402 ad
1067 4336 1549 4405 miserationem
1592 4336 1915 4424 pertinere
1953 4337 2224 4405 videtur.

2235 4441 2295 4501 i*
