3400 5075
639 358 765 420 380
1297 358 1666 408 APPENDIX
1706 356 2274 407 SEN·1·EN'1·1ARVM

827 517 1167 580 Minimum
1215 516 1456 578 malum
1503 515 1578 577 fit
1623 513 2096 578 contemnendo
2143 515 2530 578 msxumum.

817 691 1052 758 Amici
1099 708 1336 757 mores
1382 687 1708 773 ιιὸιιονίε,
1756 707 1898 755 non
1946 688 2207 756 oderis,
2860 715 2928 761 20

819 808 1081 874 Malum
1128 806 1515 872 consilium
1562 803 1966 871 consultori
2014 806 2500 889 pessimumst.

649 928 771 991 180
819 924 1032 1010 Aegre
1079 899 1428 1007 reprendas
1477 923 1647 1006 quod
1695 922 1871 986 sinas
1919 925 2352 987 consuescere.
2896 943 2925 991 ‘1

820 1101 1154 1167 Sordidius
1201 1101 1405 1164 multo
1454 1098 1739 1164 uiuimus
1787 1123 1978 1184 quam
2025 1101 2368 1164 nascimur.
2826 1121 2927 1170 748
2974 1147 2985 1156 ·

817 1219 946 1283 Res
976 1219 1210 1303 parant
1239 1215 1553 1280 secundae
1583 1217 1824 1280 amicos
1846 1217 2105 1302 optime,
2134 1216 2440 1281 aduersae
2468 1216 2804 1300 probant.*
2827 1237 2926 1285 785

816 1332 978 1398 Noh'
1020 1337 1229 1397 tacere
1277 1331 1447 1416 quod
1495 1332 1654 1396 uelis
1702 1332 2011 1417 inte'llegi.

775 1532 871 1581 177
900 1530 1194 1594 inscriptus
1219 1530 1273 1578 in
1300 1529 1514 1594 pariete
1534 1528 1892 1593 Pompeiana,
1917 1529 1975 1577 in
1997 1529 2431 1592 Zangerneisteri
2456 1528 2668 1593 sylloge
2695 1544 2746 1576 n.
2778 1530 2924 1589 1811,

635 1600 816 1650 editus
863 1614 896 1646 a
932 1596 1275 1646 Buechelero
1323 1611 1537 1659 quoque
1583 1597 1638 1644 in
1683 1595 1891 1645 anthol.
1941 1597 2064 1649 Lat.
2112 1613 2260 1661 spec.
2298 1597 2323 1644 1
2369 1612 2421 1645 n.
2462 1597 2592 1646 xm
2643 1613 2691 1660 p.
2731 1598 2780 1648 7.
2863 1596 2925 1644 In

636 1668 815 1718 altero
845 1665 1143 1729 exemplari
1180 1681 1232 1714 n.
1264 1666 1394 1714 1870
1431 1665 1590 1728 sequi
1626 1663 1888 1714 uersiculi
1917 1665 2132 1714 initium
2160 1663 2923 1714 MENEDEMERVMENVS

635 1734 804 1800 (quod
843 1733 988 1783 redit
1024 1748 1077 1783 n.
1119 1735 1266 1782 1211.
1307 1735 1450 1790 1913.
1478 1731 1633 1794 2100)
1661 1733 2079 1797 Zangemeister
2105 1732 2236 1782 bun.
2276 1733 2401 1782 inst.
2437 1732 2584 1781 arch.
2627 1734 2754 1782 1867
2782 1748 2832 1796 p.
2859 1733 2925 1782 54

635 1808 904 1864 testatur,
943 1800 1086 1865 quod
1125 1801 1533 1861 Menedemo,
1575 1800 1935 1851 aeruminis
1975 1799 2265 1865 legendum
2292 1816 2416 1851 esse
2442 1801 2681 1850 obscura
2706 1804 2923 1851 senten·

634 1873 717 1921 tia
754 1870 993 1920 coniecit
1037 1868 1101 1918 G.
1139 1867 1390 1917 Wolffius
1439 1868 1666 1931 epheta·
1696 1884 1929 1923 monum,
1977 1869 2126 1918 arch.
2170 1869 2295 1919 1867
2334 1885 2386 1934 p.
2425 1871 2508 1932 56,
2556 1868 2926 1932 Kiesslingius

632 1955 765 1989 uero
791 1940 903 1989 ioci
929 1951 1099 1987 eausa
1123 1953 1156 1986 a
1180 1936 1515 1986 Terentiano
1535 1932 2126 1987 Hautontimorumeno
2151 1937 2422 1988 detortum
2446 1952 2567 1987 esse
2589 1937 2922 2001 suspicatur.

772 2075 1058 2124 178-180
1116 2071 1498 2122 Proverbia
1544 2071 1874 2135 quaedam
1922 2080 2223 2123 veterum
2273 2073 2676 2136 scriptorum
2725 2074 2921 2121 testi-

561 2147 564 2150 ’
635 2143 874 2193 moniis
912 2141 1218 2207 probata.
1395 2142 1492 2192 178
1529 2140 1829 2205 Porphyrio
1867 2142 1937 2191 ad
1973 2141 2105 2190 Hor.
2146 2156 2305 2190 serm.
2342 2141 2368 2192 1
2405 2145 2452 2202 3,
2488 2143 2554 2191 29
2602 2140 2924 2190 ‘secundum

634 2209 769 2260 illud
818 2208 962 2274 quod
1000 2208 1338 2273 praecipitur
1375 2224 1473 2274 per
1510 2209 1879 2272 prouerbium:
1930 2210 2118 2259 amici’
2160 2226 2205 2259 e.
2246 2225 2296 2274 q.
2330 2226 2371 2261 s,
2447 2208 2632 2257 Codex
2671 2207 2923 2259 Cusanus

632 2297 683 2346 p.
729 2281 824 2329 109
863 2276 949 2327 ΚΙ.
1020 2276 1222 2326 Fronto
1262 2292 1345 2339 ep.
1381 2294 1434 2342 p.
1463 2278 1562 2326 239
1596 2276 1740 2324 Nab.
1776 2268 1811 2341 ἡ
1852 2271 1917 2328 δὲ
1956 2275 2070 2328 τῶν
2094 2271 2389 2340 Ῥωμαίων
2426 2276 2709 2340 παροιμία
2746 2276 2925 2341 φίλου

632 2342 846 2413 τρόπον
882 2337 959 2411 μὴ
987 2347 1176 2408 μισεῖν
1203 2337 1325 2395 ἀλλ’
1364 2341 1755 2423 εἰδέναιηφησὶ
1792 2343 1934 2398 δεῖν.
2005 2345 2294 2394 Menandri
2328 2349 2559 2396 monost.
2599 2346 2700 2395 535
2736 2344 2926 2408 φίλων

631 2409 876 2480 τρόπους
901 2413 1156 2478 γίνωσκε.
1193 2405 1270 2477 μή
1308 2412 1461 2478 μίσει
1491 2403 1545 2462 δ’
1570 2412 1744 2471 ολως,
1785 2427 1927 2478 quae
1966 2412 2107 2462 conl.
2136 2414 2233 2462 742
2272 2418 2328 2463 et
2365 2412 2600 2477 append.
2636 2427 2788 2478 prou.
2816 2416 2863 2468 3,
2893 2417 2924 2463 4

630 2482 921 2533 Nauckius
958 2478 1081 2529 me'l.
1120 2480 1210 2530 Gr.
1249 2480 1308 2535 R.
1350 2481 1403 2532 11
1440 2482 1538 2530 338
1563 2496 1681 2561 sqq.
1721 2481 1806 2532 111
1846 2482 1941 2531 188
1978 2496 2059 2545 sq.
2096 2481 2177 2530 sic
2217 2481 2417 2545 corrigi
2458 2481 2644 2530 iussit:
2682 2477 2922 2543 φαύλων

630 2544 875 2616 τρόπους
912 2548 1184 2614 γίνωσκε,
1221 2541 1438 2614 μιμήσῃ
1477 2544 1542 2599 δὲ
1580 2565 1676 2614 μη.
1800 2552 1893 2600 179
1930 2548 2147 2600 Gellius
2182 2549 2258 2598 IV
2294 2552 2326 2599 5
2362 2550 2531 2613 ‘quod
2567 2549 2624 2598 in
2660 2549 2921 2600 Etruscos

632 2620 918 2682 aruspices
955 2616 1098 2665 male
1138 2617 1481 2667 consulentis
1519 2617 1958 2667 animaduersum
1996 2617 2443 2683 uindicahtumque
2483 2617 2694 2679 fuerat,
2732 2633 2922 2667 uersus

629 2688 723 2736 hic
750 2686 887 2735 scite
915 2686 1096 2733 factus
1124 2689 1489 2747 cantatusque
1515 2699 1641 2736 esse
1670 2702 1703 2734 a
1729 2686 1914 2751 pueris
1940 2688 2061 2734 tota
2087 2685 2219 2734 urbe
2248 2686 2449 2734 fertur:
2476 2684 2702 2735 malum'
2729 2701 2776 2735 e.
2804 2700 2854 2748 q.
2874 2701 2917 2735 s.

636 2759 727 2803 ‘ea
764 2753 999 2803 historia
1036 2751 1101 2801 de
1141 2752 1490 2816 aruspicibus
1539 2767 1605 2802 ac
1642 2753 1710 2803 de
1760 2768 1922 2803 uersu
1959 2753 2067 2802 isto
2105 2754 2326 2803 senario
2364 2754 2571 2817 scripta
2609 2758 2694 2801 est
2730 2754 2783 2802 in
2822 2769 2917 2803 an·

632 2822 852 2871 nulibus
899 2820 1148 2869 maximis
1194 2819 1334 2869 libro
1379 2819 1669 2871 undecimo
1717 2825 1774 2870 et
1823 2822 1879 2869 in
1915 2822 2075 2870 Verri
2110 2821 2303 2871 Flacci
2352 2821 2493 2870 libro
2537 2821 2706 2884 primo
2744 2837 2921 2871 rernm

610 2891 893 2965 ,memoria
938 2887 1242 2952 dignarum.
1321 2888 1546 2938 uidetur
1590 2893 1773 2939 autem
1821 2903 2013 2938 uersus
2059 2889 2150 2940 hic
2187 2890 2256 2939 de
2296 2889 2510 2937 Graeco
2554 2888 2650 2937 illo
2690 2889 2922 2939 Hesiodi

629 2974 794 3008 uersu
822 2970 1138 3022 expressus:
1176 2946 1213 3021 ἡ
1242 2950 1308 3006 δὲ
1336 2947 1485 3017 κακὴ
1513 2949 1690 3020 βουλὴ
1720 2954 1799 3021 τῷ
1825 2953 2161 3014 βουλεύοντι
2188 2955 2476 3019 naulum)
2609 2959 2703 3006 180
2727 2957 2922 3008 Hiero·

630 3041 823 3091 nymus
860 3025 1024 3089 epist.
1053 3023 1123 3072 ad
1152 3024 1382 3073 Laetam
1413 3026 1505 3074 107
1544 3024 1593 3086 (Ι
1617 3026 1718 3075 679
1748 3024 1915 3088 vall.)
1954 3024 2086 3089 ‘legi
2126 3025 2396 3088 quondum
2436 3025 2491 3073 in
2527 3024 2730 3075 scholis
2758 3041 2920 3090 puer:

632 3098 820 3159 aegre’
861 3108 910 3143 e.
948 3107 996 3156 q.
1036 3106 1079 3143 s.
1119 3091 1330 3154 Recepi
1365 3091 1494 3140 olim
1534 3108 1652 3141 cum
1691 3093 1927 3142 Grnoero
1966 3098 2022 3143 et
2060 3092 2314 3142 Bentleio
2350 3093 2497 3141 inter
2530 3091 2760 3142 Publilii
2798 3094 2921 3157 Syri

630 3162 966 3219 sententias,
1005 3159 1190 3209 omisit
1226 3158 1605 3220 Woelfflinus‚
1644 3161 1773 3224 quia
1810 3161 1864 3209 in
1904 3161 2187 3211 codicibus
2224 3162 2339 3210 eius
2376 3161 2552 3220 deest,
2591 3176 2919 3224 quamquam

628 3230 747 3294 ipse
785 3227 1038 3278 concedit
1072 3226 1319 3276 redolere
1359 3226 1681 3276 Publiliumz
1723 3228 1794 3278 cf.
1831 3228 2079 3294 prolegg.
2124 3230 2241 3278 eius
2293 3228 2361 3278 ad
2411 3228 2707 3278 Publilium
2747 3246 2797 3294 p.
2838 3232 2917 3279 14.

634 3297 974 3361 comparant
1011 3294 1136 3357 Syri
1173 3312 1224 3347 u.
1259 3297 1342 3346 85.

767 3433 858 3481 181
893 3433 1067 3484 --210.
1127 3429 1472 3480 versiculi
1508 3431 1620 3493 qui
1658 3446 1733 3480 ex
1771 3431 1825 3479 M
1873 3430 2108 3481 hausti
2153 3436 2308 3481 sunt
2344 3428 2590 3497 (praeter
2627 3447 2792 3496 supra
2829 3448 2919 3481 ex-

628 3496 890 3564 cerptos).
1034 3499 1125 3548 181
1168 3497 1382 3548 Seneca
1418 3498 1484 3548 de
1524 3499 1739 3563 prouid.
1779 3500 1828 3561 6,
1865 3502 1896 3549 6
1933 3504 2116 3549 ‘nemo
2164 3505 2275 3548 tam
2325 3515 2534 3565 pauper
2581 3500 2723 3549 uiuit
2757 3515 2918 3563 quam

626 3573 789 3616 natus
826 3570 950 3617 est!
1091 3567 1187 3615 182
1225 3565 1309 3615 cf.
1336 3567 1611 3616 Ausonius
1648 3572 1787 3630 sept.
1826 3582 1943 3630 sap.
1971 3570 2018 3630 2,
2045 3569 2076 3615 6
2114 3566 2324 3632 ‘plures
2354 3570 2557 3617 amicos
2584 3584 2639 3617 re
2680 3566 2919 3617 secunda

625 3651 927 3701 compares.
978 3634 1194 3684 Paucos
1231 3635 1436 3684 amicos
1473 3636 1638 3684 rebus
1673 3634 1925 3685 aduersis
1962 3635 2202 3700 probas.’

802 3848 918 3906 178
965 3849 1114 3904 amici
1161 3849 1289 3904 uitia
1331 3848 1466 3903 libri
1509 3848 1851 3907 Gruter-iani
1892 3866 2071 3906 mores
2116 3851 2270 3907 amici
2317 3844 2560 3907 Bolhius

798 4021 913 4079 181
965 4037 996 4078 e
1041 4014 1327 4078 Palatinis
1371 4024 1541 4078 edidit
1573 4024 1877 4079 Gruterus.
1955 4041 2062 4079 non
2111 4032 2163 4080 te
2217 4023 2383 4097 pudel
2413 4022 2684 4080 sordidius
2732 4026 2917 4079 uiuere

625 4122 784 4183 quam
831 4106 1011 4162 nasci?
1057 4106 1120 4161 M
1163 4106 1238 4162 19
1461 4105 1577 4163 182
1625 4110 1826 4165 amicos
1871 4108 2138 4164 secundae
2184 4126 2270 4165 res
2315 4110 2515 4183 optime
2561 4115 2775 4181 parant,
2824 4108 2913 4162 ad·

626 4209 816 4249 uersae
861 4200 1038 4247 autem
1083 4192 1382 4248 certissime
1428 4191 1676 4264 probant.
1732 4194 1795 4249 M
1824 4192 1932 4261 51,
1965 4192 2004 4268 β
2049 4195 2273 4250 amicum
2318 4195 2529 4267 opimae
2575 4205 2660 4249 res
2706 4202 2915 4267 parant,

627 4279 809 4334 tristes
867 4275 1097 4350 probant
1155 4279 1300 4332 coni.
1363 4276 1646 4335 Erasmus
1864 4278 2025 4336 ’183
2074 4280 2202 4334 mira
2260 4280 2396 4334 ratio
2452 4286 2568 4351 est,
2624 4294 2761 4353 quae
2806 4294 2914 4333 non

625 4362 743 4418 uult
789 4360 1082 4434 praedicari
1128 4359 1271 4434 quod
1319 4360 1519 4434 gaudet
1567 4362 1812 4438 intellegi
1856 4363 1920 4420 M
1963 4363 2042 4422 53
