3400 5075
654 336 829 391 LVIII
1525 335 2054 391 COROLLARIVM

828 501 913 563 48
972 503 1173 583 ynam?
1217 500 1573 582 Puteanus,
1627 500 1799 583 quod
1857 500 1924 563 in
1978 499 2104 565 hoc
2160 500 2383 566 ordine
2436 500 2782 565 verborum
2838 501 2942 566 ho-

650 608 842 672 minis
880 610 1074 689 ynavi
1118 608 1391 689 officium
1432 607 1703 687 functu's
1748 606 1851 669 vel
1893 605 2145 686 functus
2188 627 2250 671 es
2297 609 2522 690 aptum
2570 611 2754 671 esset.

829 715 911 778 57
958 736 1072 780 nos
1118 713 1569 790 Quicheratius
1608 734 1862 796 quoque
1908 712 2196 777 inseruit.

830 821 914 886 58
987 822 1089 886 sin
1161 821 1298 885 odio
1366 819 1575 900 forma
1647 839 1787 884 sum
1854 817 2140 884 Guietus.
2231 820 2452 884 Verba
2516 823 2665 884 sunt
2734 844 2943 887 novae

650 929 886 1011 uxoris,
934 928 1069 992 eius
1116 928 1420 1008 fortasse,
1467 948 1624 1009 quas
1670 948 1770 989 res
1820 948 1965 988 suas
2014 926 2137 989 sibi
2187 926 2429 989 habere
2475 926 2701 992 iubens
2750 928 2942 994 domo

651 1035 919 1117 expellit
971 1035 1242 1099 maritus
1295 1033 1375 1097 fr.
1422 1032 1516 1096 XI
1562 1030 1670 1118 (cf.
1718 1031 1932 1118 XIII):
1990 1032 2298 1116 obsequio
2347 1036 2412 1096 et
2465 1034 2788 1117 patientia
2843 1058 2941 1099 su-

652 1162 880 1222 perare
934 1141 1270 1205 fastidium
1326 1140 1450 1203 viri
1508 1140 1797 1204 animum
1857 1139 2121 1204 inducit.
2214 1140 2559 1204 absurdam
2616 1143 2833 1204 autem
2891 1140 2941 1204 C

647 1246 1153 1312 FWMuellerus
1221 1247 1605 1311 sententiam
1682 1246 2050 1330 proposuit,
2123 1247 2306 1330 quasi
2370 1268 2503 1311 non
2562 1269 2726 1331 quae
2795 1246 2939 1310 aliis

649 1353 865 1418 forma
911 1354 1270 1438 displiceat,
1319 1354 1558 1418 eisdem
1604 1356 1829 1417 tamen
1873 1354 2130 1436 placere
2178 1353 2386 1436 possit
2430 1375 2683 1417 morum
2731 1355 2941 1421 suavi-

651 1463 786 1523 tate
834 1461 935 1524 vel
983 1460 1323 1545 displicere
1369 1461 1583 1524 forma
1630 1459 1867 1523 marito
1916 1480 2185 1542 quoque.
2278 1462 2561 1523 ceterum
2615 1461 2750 1524 sine
2796 1483 2942 1526 cum

650 1566 1063 1632 coniunctivo
1122 1567 1192 1631 iu
1256 1566 1594 1631 enuntiato
1660 1565 2033 1639 concessivo
2097 1569 2171 1628 ut
2229 1564 2585 1649 ‘quamvis'
2627 1567 2941 1651 usurpari

647 1673 827 1736 nullo
875 1674 1170 1755 exemplo
1218 1675 1732 1738 demonstratum
1782 1672 1986 1736 video.
2075 1694 2229 1735 nam
2286 1673 2542 1736 diversa
2587 1677 2736 1737 sunt
2782 1671 2940 1737 Cae-

650 1779 782 1842 cilii
831 1802 886 1843 v.
939 1780 1021 1843 72
1069 1784 1134 1843 et
1183 1781 1283 1844 73.

824 1886 908 1949 59
964 1907 1086 1967 pro
1152 1909 1276 1951 om.
1342 1909 1456 1949 ms.
1522 1885 1722 1949 Fabri
1840 1885 2113 1949 moribus
2176 1908 2291 1949 ms,
2357 1884 2557 1950 Fabri
2629 1886 2941 1951 mamvhus

647 2014 961 2075 suprascr.
1033 1994 1061 2055 i
1132 1992 1308 2056 Leid.
1381 1992 1721 2056 maioribus
1791 1990 1974 2056 Harl.
2047 1992 2134 2056 W
2207 1992 2353 2056 Par.
2425 1992 2478 2056 P
2551 1996 2713 2057 teste
2789 1991 2940 2068 Qui-

518 2138 521 2139 ν
648 2099 957 2164 cheratio.

825 2206 910 2270 63
941 2229 1031 2289 sq.
1079 2207 1255 2271 Inter
1300 2207 1620 2272 formulae
1668 2227 1832 2271 nunc
1874 2208 2024 2271 adeo
2071 2206 2384 2289 exempla,
2423 2228 2587 2290 quae
2637 2205 2935 2270 Handius

647 2312 915 2377 Tursell.
954 2313 984 2376 I
1030 2313 1155 2377 146
1203 2313 1487 2398 collegit,
1535 2313 1616 2376 ad
1663 2313 1972 2376 amussim
2018 2312 2144 2376 huc
2183 2313 2459 2396 quadrat
2493 2312 2710 2377 Plauti
2747 2334 2938 2376 merc.

646 2419 775 2482 329
822 2439 989 2484 nunc
1031 2420 1180 2485 ddco
1227 2420 1324 2485 ibo
1369 2420 1535 2483 illue.
1605 2419 1684 2482 In
1730 2419 2145 2501 sequentibus
2192 2419 2384 2502 idem,
2420 2420 2590 2502 quod
2619 2418 2935 2482 Herman-

644 2547 783 2608 nus,
810 2524 1210 2602 ¹Duebnerus
1259 2548 1509 2610 quoque
1557 2528 2003 2608 proposuerat.
2095 2525 2174 2589 V.
2223 2526 2310 2590 64
2354 2530 2443 2590 set
2486 2526 2695 2609 magis
2743 2547 2937 2607 quam

643 2636 703 2695 et
758 2632 1204 2698 consuetudini
1268 2633 1501 2698 horum
1567 2654 1936 2697 sermonum
1997 2633 2339 2698 convenire
2398 2632 2652 2695 monuit
2711 2629 2935 2694 Stude-

645 2739 937 2804 mundus.

824 2845 910 2908 65
958 2847 1076 2927 ted]
1117 2852 1174 2910 et
1204 2846 1345 2911 Par.
1375 2846 1446 2911 Ο.
1495 2846 1818 2912 consentit
1855 2868 2105 2911 mecum
2143 2847 2221 2909 de
2259 2867 2448 2909 versu
2487 2843 2933 2910 constituendo

648 2949 724 3014 A.
772 2950 986 3015 Luchs
1035 2952 1197 3016 stud.
1243 2951 1277 3016 I
1324 2953 1426 3018 68.

825 3058 908 3121 68
955 3079 1071 3139 que
1112 3058 1324 3142 Bem,
1368 3081 1503 3125 non
1548 3060 1695 3125 Bas.

825 3164 908 3227 69
965 3165 1313 3230 nobitarent
1354 3165 1500 3230 Par.
1546 3167 1623 3231 P:
1681 3171 1966 3232 ceterum
2021 3167 2099 3231 cf.
2144 3164 2364 3229 Plauti
2418 3164 2579 3228 Rud.
2627 3165 2757 3230 619
2807 3164 2935 3230 ‘in-

642 3274 992 3335 nocentum
1038 3272 1149 3355 qui
1196 3294 1262 3336 se
1310 3274 1547 3337 scelere
1594 3275 1733 3338 fieri
1779 3274 2012 3339 nolunt
2054 3269 2349 3338 nobiles'.

825 3377 909 3441 70
957 3377 1025 3440 in
1070 3378 1265 3443 titulo
1302 3379 1548 3461 proelia
1594 3380 1734 3444 Par.
1783 3381 1834 3444 P

825 3485 909 3547 74
972 3483 1314 3550 Moecham
1381 3487 1567 3571 argui
1623 3486 2004 3552 Postumam
2068 3487 2279 3551 minus
2347 3486 2506 3550 bene
2572 3485 2932 3568 composito

646 3592 996 3654 stratorum
1046 3591 1112 3654 in
1158 3591 1328 3656 lecto
1377 3593 1598 3657 ordine
1644 3593 1965 3658 maledica
2002 3595 2068 3656 et
2113 3592 2410 3675 suspicax
2457 3592 2690 3656 mulier
2735 3591 2930 3676 signi-

643 3696 812 3758 ficat.
880 3696 1092 3760 obiter
1156 3719 1387 3762 moneo
1444 3699 1513 3762 in
1576 3700 1794 3764 Plauti
1849 3699 2227 3764 Trinummo
2282 3722 2341 3762 v.
2393 3699 2546 3782 130,
2611 3698 2721 3762 ubi
2785 3700 2938 3780 quid

642 3801 889 3866 sectiust
938 3800 1332 3868 Ritschelius
1399 3805 1710 3887 restituit,
1774 3805 2094 3868 librorum
2143 3803 2344 3870 BGD
2402 3805 2791 3887 scripturam
2845 3826 2933 3869 se·

643 3912 816 3972 ovatus
861 3913 951 3972 est
992 3909 1189 3992 paulo
1237 3909 1512 3974 fortasse
1560 3910 1760 3974 etiam
1819 3911 2181 3975 accuratius
2239 3911 2334 3975 ita
2378 3911 2931 3995 interpretandam

644 4037 798 4097 esse,
843 4018 918 4079 ut
959 4016 1229 4080 secitinst
1274 4016 1619 4081 scribatur:
1658 4017 1738 4080 cf.
1777 4017 1853 4080 de
1893 4017 2201 4081 adverbio
2237 4018 2455 4083 sceibus
2480 4016 2930 4081 Fleckeisenus

643 4144 802 4208 mus.
848 4121 1053 4186 Rhen.
1083 4121 1243 4186 VIII
1290 4123 1438 4186 226.

823 4230 902 4291 77
973 4226 1245 4294 Cascam
1309 4252 1506 4312 quam
1562 4228 1964 4293 Luebbertus
2030 4230 2331 4294 reducere
2387 4230 2594 4295 voluit
2650 4228 2929 4293 formam

646 4334 971 4399 &vallaviso
1044 4355 1440 4419 magnopere
1503 4359 1710 4420 nuper
1772 4336 2252 4402 commendavit
2315 4334 2800 4418 Savelsbergius
2864 4334 2935 4398 in
