3400 5075
1299 321 1685 374 CAECILIVS
1723 321 2029 374 STATIVS
2732 319 2811 384 37

1493 478 1843 545 ANDRIA

702 592 1302 691 Conducitvnauem
1348 595 1673 678 putridam
1724 646 1735 657 .
1785 645 1797 657 .
1847 646 1859 658 .
1912 646 1922 657 .

1368 707 1918 774 ANDROGYNO

1574 824 1605 887 I
1654 821 1756 910 (1)

694 922 1123 1022 Sepulchrum
1170 940 1433 1023 plenum
1481 940 1873 1022 taeniarum,
1919 939 2012 1003 ita
2057 940 2131 1002 ut
2177 939 2356 1003 solet.

1562 1053 1627 1118 Π
1675 1051 1776 1138 (2)

700 1166 824 1233 Sed
871 1189 993 1254 ego
1041 1169 1338 1234 stolidus:
1387 1170 1784 1254 gratulatum
1830 1169 1977 1233 med
2024 1169 2366 1253 oportebat
2410 1171 2608 1253 prius,

1502 1282 1838 1348 ASOTVS

1573 1399 1606 1462 1
1653 1397 1751 1483 (7)
2092 1489 2103 1501 ,

1799 1527 1954 1569 nam
1999 1525 2121 1590 ego

574 1623 653 1686 10
699 1621 967 1687 Duabus
1013 1617 1257 1706 uigiliis
1302 1621 1649 1684 transactis
1695 1620 1859 1685 duco
1909 1620 2202 1685 desubito
2251 1620 2530 1686 domum.

1562 1735 1628 1798 ΙΙ
1675 1733 1775 1820 (4)

694 1851 798 1915 Ad
847 1849 1091 1915 amicos
1140 1853 1352 1915 curret
1396 1853 1781 1914 mutuatum.
1874 1846 1904 1918 [Γ
1953 1852 2204 1915 mutuet

693 1965 841 2030 Mea
887 1970 1099 2031 causa.

646 2159 872 2209 Asnam
943 2158 1158 2209 Caecili
1183 2174 1309 2209 num
1347 2165 1488 2211 recte
1528 2161 1742 2210 feratur
1767 2160 2355 2225 dubitatssitsehelins
2384 2161 2607 2226 Parerg.
2645 2164 2671 2213 1
2701 2165 2814 2225 133,

519 2228 661 2292 quod
699 2242 817 2278 cum
855 2243 920 2276 ex
959 2228 1189 2278 Graecis
1224 2228 1559 2277 Menandria
1606 2228 1727 2277 sola
1772 2231 1907 2277 nota
1943 2228 2046 2289 sit,
2091 2228 2140 2276 si
2178 2228 2435 2290 eandem,
2474 2244 2637 2293 quam
2673 2230 2815 2279 Cae-

515 2295 676 2345 cilius
714 2294 843 2345 olim
881 2294 1136 2356 dederat,
1185 2300 1436 2359 repetere
1485 2305 1651 2346 ausus
1698 2300 1850 2344 esset
1884 2295 2204 2357 Terentius,
2253 2296 2347 2346 uix
2384 2297 2436 2345 ei
2481 2299 2538 2344 in
2586 2297 2812 2362 prologo

513 2363 578 2413 de
617 2378 685 2413 ea
730 2378 789 2412 re
835 2368 1022 2412 tacere
1070 2360 1340 2412 licuisset.
1413 2363 1485 2412 Et
1529 2364 1586 2411 in
1632 2368 1887 2427 promptu
1932 2377 2066 2412 sane
2114 2368 2200 2412 est
2247 2361 2548 2412 ‘Andreae’
2596 2364 2813 2414 titulum

516 2432 749 2481 sortasse
789 2445 856 2480 ex
893 2428 1212 2495 compendio
1249 2429 1468 2483 ‘Audin'
1505 2436 1681 2480 ortum
1718 2429 2026 2497 mutare‘in
2052 2428 2505 2495 ‘Androgynum’.
2569 2429 2680 2481 Sed
2705 2447 2813 2481 non

516 2497 970 2550 dissimulandum
1010 2501 1098 2548 est
1133 2497 1503 2549 necessariam
1530 2512 1651 2548 eam
1678 2497 2033 2547 mutationem
2065 2511 2172 2547 non
2211 2497 2401 2549 uideri.
2473 2497 2610 2549 Nam
2647 2503 2708 2548 ut
2745 2515 2812 2551 ex

513 2566 723 2617 Andria
770 2571 828 2616 et
873 2565 1155 2616 Perinthia
1202 2581 1357 2616 suam
1402 2565 1643 2617 fabulam
1689 2566 1976 2616 contexuit
2021 2565 2341 2627 Terentius,
2400 2566 2485 2615 ita
2529 2567 2814 2618 Caecilius

514 2634 643 2684 aliis
679 2632 901 2682 aliunde
937 2632 1191 2697 partibus
1226 2632 1535 2698 adsumptis
1570 2634 1711 2684 satis
1745 2633 2021 2683 diuersum
2047 2638 2427 2697 argumentum
2457 2635 2810 2700 proposuisse

513 2701 645 2766 fingi
692 2707 902 2765 potestt
949 2715 1020 2750 ne
1068 2699 1474 2766 deperditarum
1532 2701 1843 2751 fabularum
1890 2700 2203 2750 memoriam
2260 2701 2512 2752 excitem.
2602 2703 2810 2753 Nonius

519 2772 633 2833 152,
675 2770 736 2819 17
775 2768 1141 2832 ‘putidum‚
1180 2774 1372 2832 putre.
1398 2804 1412 2817 .
1441 2805 1452 2816 .
1492 2766 1775 2818 Caecilius
1810 2766 2108 2816 Andreae
2150 2783 2197 2818 c.
2238 2783 2290 2821 11.
2330 2773 2402 2833 p.’

644 2835 1029 2886 Asnuooruos
1067 2833 1438 2901 (Menandri?)
1511 2838 1537 2887 1
1576 2836 1776 2886 Festus
1813 2851 1865 2900 p.
1902 2837 2003 2886 360
2040 2835 2111 2885 Μ.
2194 2837 2496 2886 ‘taenias
2532 2833 2804 2887 Graecam

511 2919 702 2955 uocem
739 2904 822 2953 sic
857 2904 1255 2969 interpretatur
1279 2902 1532 2966 Verrius,
1572 2908 1633 2952 ut
1668 2902 1822 2953 dicat
1847 2908 2222 2954 ornamentum
2253 2918 2373 2953 esse
2406 2903 2624 2954 laneum
2652 2905 2804 2970 capi-

511 2973 584 3021 tis
619 2971 900 3034 honorati,
938 2975 1001 3020 ut
1036 2970 1111 3019 sit
1146 2969 1291 3035 apud
1329 2971 1633 3021 Caecilium
1677 2971 1734 3019 in
1772 2966 2135 3036 Androgyno:
2184 2970 2552 3035 sepulchrum’
2589 2986 2634 3022 e.
2674 2987 2723 3036 q.
2764 2988 2809 3022 s.

511 3037 838 3099 (lucilium
875 3037 1136 3087 Vaticani
1175 3034 1290 3103 RS)
1440 3038 1492 3088 11
1529 3040 1731 3088 Festus
1767 3054 1817 3102 p.
1858 3039 1957 3089 317
1996 3041 2066 3089 Μ.
2125 3038 2463 3100 ‘stolidus,
2502 3039 2703 3089 stultus
2740 3066 2805 3075 —

511 3133 576 3140 --
613 3105 889 3157 Caecilius
922 3104 982 3155 iu
1017 3105 1453 3170 Hypobolimaeo
1491 3131 1553 3141 —
1591 3111 1650 3155 et
1685 3105 1741 3154 in
1778 3105 2192 3158 Andronico:
2231 3106 2351 3156 sed’
2389 3122 2437 3156 e.
2468 3121 2518 3170 q.
2547 3121 2589 3156 s.
2650 3105 2796 3169 (Au-

513 3173 629 3223 dro
642 3189 814 3238 gyno
851 3172 1215 3238 Augustinus)

644 3241 882 3290 Asorvs.
952 3240 1223 3301 Amicam,
1260 3241 1318 3290 ui
1357 3240 1549 3302 fallor,
1586 3245 1754 3290 noctu
1781 3241 2093 3292 clanculum
2119 3257 2152 3290 a
2178 3255 2237 3290 se
2274 3241 2330 3289 in
2371 3240 2584 3290 domum
2620 3246 2802 3305 pater-

511 3323 634 3357 nam
673 3308 891 3358 ductam
928 3322 1048 3358 esse
1085 3315 1274 3359 narrat
1311 3307 1637 3358 adulescens
1674 3314 1864 3362 asotus
1910 3308 1977 3360 fr.
2017 3309 2069 3368 Ι,
2117 3307 2186 3357 de
2225 3307 2416 3358 eodem
2461 3309 2527 3356 fr.
2568 3309 2621 3358 II
2661 3310 2807 3373 patri

429 3381 434 3386 '
511 3390 689 3425 sermo
726 3381 817 3424 est
852 3374 942 3424 uel
980 3390 1101 3424 cum
1139 3390 1268 3426 sene
1304 3375 1478 3426 amico
1503 3374 1595 3426 uel
1620 3390 1742 3425 cum
1779 3390 1954 3425 seruo.
2027 3375 2366 3425 Obsonantis
2403 3381 2649 3439 sumptus
2686 3380 2804 3425 tan-

509 3447 712 3507 guntur
757 3443 823 3492 fr.
870 3443 972 3493 111.
1047 3442 1360 3492 Parasitum
1413 3443 1728 3508 loquentem
1778 3443 1950 3493 habes
2009 3443 2073 3495 fr.
2121 3443 2171 3491 V
2215 3448 2273 3491 et
2323 3442 2398 3491 VI
2536 3443 2564 3493 1
2598 3443 2806 3492 Nonius

509 3511 629 3573 517,
671 3513 730 3560 13
778 3509 1132 3560 ‘desubito
1162 3547 1173 3559 .
1204 3548 1255 3559 ..
1295 3509 1575 3562 Caecilius
1620 3510 1816 3560 Asoto:
1864 3512 2012 3559 nam'
2053 3524 2099 3558 e.
2137 3523 2188 3572 q.
2225 3524 2266 3560 s.
2313 3508 2542 3566 (Asato
2594 3508 2805 3573 Bamb.)

645 3577 699 3626 11
743 3577 955 3627 Nonius
1000 3579 1126 3637 474,
1173 3580 1198 3626 1
1249 3582 1631 3629 ‘mutumet’
1688 3574 1969 3638 (mutuet
2012 3574 2230 3639 Bamb.)
2287 3580 2561 3625 ‘mutuum
2607 3584 2802 3629 sumat.

510 3643 791 3695 Caecilius
840 3646 1036 3695 Asoto:
1100 3644 1193 3694 ad'
1250 3661 1295 3694 e.
1352 3661 1402 3710 q.
1455 3661 1498 3694 s.
1552 3646 1789 3709 (Asato
1840 3639 2057 3703 Bamb.)
2467 3643 2552 3693 111
2597 3644 2805 3695 Nonius

507 3713 633 3774 471,
683 3714 743 3761 16
800 3712 1120 3777 ‘populat
1165 3717 1250 3762 est
1304 3717 1361 3762 et
1415 3715 1693 3777 passiuum
1741 3712 2038 3778 populatur
2088 3750 2100 3762 .
2146 3752 2157 3763 .
2203 3752 2215 3764 .
2270 3709 2553 3761 Caecilius
2606 3713 2803 3762 Asoto:

679 3891 714 3946 6
762 3889 999 3963 putidam
1064 3890 1254 3946 Vrbin.
1305 3889 1448 3960 307,
1494 3892 1619 3946 edd.
1795 3890 1829 3946 7
1879 3891 1958 3945 uti
1999 3895 2269 3961 praestat
2307 3889 2569 3961 fortasse
2726 3891 2799 3944 ita

508 3983 566 4029 ιιι
597 3974 807 4031 adsolet
830 3976 950 4047 fue‘t
980 3976 1081 4048 qui
1103 3983 1485 4047 proponeret,
1534 3990 1642 4030 nee
1686 3977 1835 4031 male
1988 3973 2024 4030 8
2072 3973 2191 4028 med
2238 3972 2526 4046 oportebat
2560 3974 2804 4030 Botln'us

507 4075 592 4113 me
637 4067 887 4132 oporteat
931 4061 1054 4120 cod.
1103 4058 1194 4114 tibi
1242 4075 1325 4115 me
1371 4056 1655 4132 oportebat
1710 4058 2192 4131 Umpfenbackius
2250 4060 2432 4113 metet.
2482 4057 2673 4113 Plane.
2721 4059 2804 4115 30

678 4143 714 4199 9
762 4160 845 4198 me
891 4151 1026 4200 ante
1083 4160 1190 4217 ego
1246 4145 1477 4217 quidam
1520 4147 1702 4198 inseri
1756 4146 1935 4199 uoluit
2110 4143 2190 4199 10
2232 4140 2402 4197 ducor
2465 4145 2557 4198 uir
2600 4144 2804 4198 doctus

507 4231 566 4283 in
600 4227 882 4299 Stephani
910 4229 1242 4298 exemplari
1399 4227 1471 4283 11
1522 4243 1607 4301 sq.
1651 4229 2039 4299 septenarium
2071 4229 2413 4282 continuare
2444 4229 2643 4282 maluit
2674 4244 2801 4283 cum

517 4311 718 4368 Bomio
764 4311 1104 4384 Spenyeh‘us
