3400 5075
647 333 773 404 20ss
1563 328 1628 390 1..
1665 331 2030 391 Armmvs

1689 496 1753 562 V
1834 498 1869 561 7

827 655 842 671 .
889 655 902 670 .
950 603 1144 669 uiden
1191 607 1263 667 tu
1308 601 1525 668 lauere
1572 495 1853 668 lacrimis
1875 495 2003 668 >me
2048 608 2231 669 tuum
2278 603 2542 689 collum,
2592 593 2821 688 pater?

1674 719 1771 783 VI
1821 717 1922 805 (6)

825 826 977 891 Non
1025 831 1410 912 amatorem,
1458 828 1613 890 olim
1661 826 2063 890 defensorem
2112 829 2208 892 uti
2255 828 2518 912 perdam
2568 828 2758 891 uolet.

1661 941 1791 1006 VII
1840 939 1942 1028 (3)

827 1058 921 1124 Vt
968 1081 1069 1122 me
1117 1059 1256 1122 esse
1302 1059 1373 1122 in
1418 1058 1540 1121 hac
1586 1064 1655 1121 re
1702 1057 1897 1120 diicat
1943 1058 2058 1121 abs
2104 1062 2170 1121 te
2217 1061 2583 1124 extrarium.

1617 1172 1784 1236 VIII
1830 1170 1977 1259 (10)

656 1291 787 1355 325
833 1290 1017 1354 Adeo
1066 1294 1139 1354 iit
1184 1295 1248 1354 te
1297 1290 1494 1354 satias
1542 1289 1802 1372 caperet
1844 1288 1970 1354 toti
2016 1288 2316 1354 familiae.

1673 1403 1770 1468 IX
1820 1401 1922 1491 (4)

831 1520 1038 1584 Tuam
1084 1521 1488 1584 maiestatem
1537 1524 1603 1583 et
1647 1520 1931 1583 nominis
1977 1522 2318 1584 matronae
2360 1519 2859 1584 sanctitudinem

1697 1634 1759 1697 X
1807 1633 1907 1720 (5)

831 1803 845 1816 .
893 1752 961 1816 in
1007 1751 1322 1816 Hortinos
1369 1752 1498 1814 iam
1545 1753 1862 1834 quantum
1908 1755 2061 1835 pote
2100 1751 2438 1835 explodam
2483 1751 2831 1837 hominem,
2876 1756 2949 1816 ut

1933 1864 2251 1932 ussicetur.

654 2008 1015 2074 appellabant
1040 2046 1051 2057 .
1080 2047 1091 2058 .
1119 2046 1132 2058 .
1159 2047 1170 2058 .
1197 2008 1458 2060 Afranius
1495 2009 1795 2074 Suspecta:
1843 2009 1980 2059 noli’
2021 2025 2068 2059 e.
2106 2026 2155 2075 q.
2194 2025 2239 2059 s.
2388 2010 2432 2058 V
2472 2008 2680 2060 Nonius
2715 2012 2847 2072 466,
2885 2012 2950 2060 29

595 2137 598 2140 ¹
655 2079 915 2126 ‘lauare
955 2092 1077 2124 cum
1114 2078 1190 2125 sit
1226 2077 1414 2127 eluere
1454 2083 1510 2126 et
1547 2080 1862 2127 emaculare
1890 2083 1947 2127 et
1983 2079 2140 2141 aquis
2164 2076 2387 2126 sordida
2414 2093 2667 2141 quaeque
2692 2093 2950 2142 purgare,

655 2145 961 2194 uetustatis
986 2146 1292 2194 auctoritas
1320 2145 1503 2208 posuit
1529 2147 1695 2194 etiam
1724 2146 1968 2210 polluere
1995 2187 2007 2199 .
2031 2183 2044 2197 .
2069 2183 2080 2194 .
2103 2182 2116 2194 .
2143 2146 2404 2194 Afranius
2425 2149 2729 2210 Suspecta:
2766 2146 2956 2194 uident

654 2217 735 2260 ut’
776 2227 823 2260 e.
862 2227 913 2276 q.
953 2226 994 2261 s.
1065 2211 1218 2261 Idem
1255 2215 1376 2272 504,
1415 2215 1478 2261 15
1527 2214 1795 2262 ‘lauere
1834 2213 1961 2261 inde
2001 2219 2239 2261 tractum
2282 2218 2368 2261 est
2402 2250 2413 2262 .
2439 2248 2452 2262 .
2484 2249 2497 2261 .
2523 2214 2787 2262 Afranius
2824 2213 2954 2262 Sus-

658 2285 856 2344 pecta:
894 2279 1109 2328 uident'
1148 2295 1197 2328 e.
1235 2296 1284 2343 q.
1324 2296 1366 2332 s,
1539 2280 1614 2330 VI
1652 2281 1862 2330 Nonius
1899 2283 2015 2341 358,
2052 2282 2084 2327 6
2122 2279 2305 2328 ‘olim
2342 2282 2608 2345 temporis
2657 2281 2866 2329 futuri.
2898 2316 2908 2328 .
2938 2319 2950 2331 .

655 2347 921 2396 Afranius
961 2349 1265 2410 Suspecta:
1305 2351 1435 2396 non'
1477 2363 1526 2399 e.
1563 2362 1614 2410 q.
1650 2363 1695 2397 s.
1866 2348 1971 2397 VII
2008 2347 2216 2396 Nonius
2256 2351 2368 2407 103,
2407 2351 2471 2397 10
2517 2348 2953 2409 ‘extrui-ium,

659 2415 821 2478 quasi
859 2412 1137 2467 alienum.'
1278 2414 1410 2464 VIII
1447 2415 1768 2464 Priscianus
1795 2415 1871 2464 VI
1908 2417 1936 2463 ‘1
1974 2430 2025 2478 p.
2061 2417 2161 2464 694
2187 2416 2249 2469 Ρ,
2287 2416 2420 2478 ‘ipsi
2458 2430 2554 2479 pro
2593 2416 2765 2479 ipsius
2791 2415 2954 2464 Afra-

660 2483 787 2530 nius
825 2482 881 2529 in
919 2481 1154 2530 Homine
1182 2520 1195 2534 .
1225 2519 1238 2531 .
1266 2519 1278 2531 .
1307 2479 1458 2531 toti’
1499 2482 1709 2545 (totae
1752 2483 2000 2543 Vossius)
2037 2487 2157 2547 ‘pro
2197 2484 2366 2531 totius
2393 2482 2535 2532 idem
2574 2482 2629 2530 in
2658 2481 2951 2547 Suspecta:

657 2550 820 2599 adeo’
869 2565 916 2599 e.
962 2565 1014 2612 q.
1059 2566 1104 2598 s.
1198 2550 1346 2599 Idem
1396 2551 1468 2599 VI
1521 2552 1580 2599 16
1629 2568 1680 2614 p.
1735 2552 1830 2600 717
1874 2551 1933 2599 P.
1981 2555 2334 2615 ‘quamquam
2392 2551 2747 2609 inueniuntur
2806 2550 2952 2615 apud

656 2624 878 2666 ueteres
917 2626 972 2665 et
1009 2618 1285 2666 nominum
1313 2618 1472 2667 modo
1510 2618 1812 2667 declinata'
1851 2618 2013 2679 (unus
2042 2617 2186 2666 ullus
2221 2616 2406 2668 nullus
2430 2618 2580 2667 solus
2616 2623 2764 2667 totus
2791 2616 2954 2678 alius)

659 2684 734 2731 ‘id
772 2692 859 2732 est
905 2686 1220 2746 genetiuum
1258 2686 1316 2733 in
1365 2686 1411 2745 i,
1465 2690 1520 2733 et
1568 2685 1812 2734 datiuum
1858 2687 1915 2733 in
1954 2702 1984 2734 ο
2032 2686 2362 2734 desinentia.
2435 2686 2548 2734 Nec
2584 2686 2761 2734 solum
2798 2685 2953 2743 haec,

658 2751 754 2800 sed
783 2756 965 2800 omnia
991 2767 1134 2815 quae
1161 2753 1328 2801 simili
1349 2753 1725 2802 declinatione
1755 2752 2138 2816 proferuntur,
2178 2752 2323 2813 sicut
2349 2755 2455 2800 iam
2485 2754 2539 2800 iu
2577 2754 2955 2816 superioribus

657 2818 1002 2868 ostendimus
1036 2859 1049 2872 .
1086 2859 1097 2869 .
1136 2856 1149 2868 .
1181 2816 1447 2869 Afranius
1495 2820 1552 2868 in
1597 2822 1895 2884 Suspecta:
1952 2821 2092 2868 adeo
2129 2858 2139 2869 .
2176 2857 2189 2869 .
2226 2857 2239 2869 .
2275 2820 2548 2878 familiae,
2598 2835 2695 2883 pro
2741 2820 2952 2872 totius,²

659 2886 1034 2947 (affranius
1080 2888 1247 2951 Saug.
1295 2886 1527 2940 Carolir.
1670 2895 1912 2950 specta
1962 2888 2172 2947 Bamb.)
2378 2886 2455 2935 lx
2504 2888 2712 2937 Nonius
2762 2889 2883 2948 174,
2921 2888 2953 2936 8

605 2966 618 2975 ·
659 2953 1086 3003 ‘sanctitudo
1126 2970 1221 3018 pro
1258 2956 1531 3004 sanctitas
1559 2997 1571 3008 .
1601 2992 1615 3006 .
1644 2991 1657 3004 .
1684 2955 1945 3004 Afranius
1984 2954 2278 3019 Suspecta:
2316 2957 2489 3004 tuam'
2529 2970 2576 3003 e.
2614 2970 2666 3017 q.
2705 2970 2748 3003 s.

658 3021 708 3069 X
745 3022 954 3071 Nonius
992 3022 1106 3083 186,
1130 3025 1163 3072 3
1202 3022 1504 3071 ‘uilicari
1541 3029 1627 3072 est
1664 3023 1924 3071 rusticari
1958 3022 2051 3071 uel
2077 3021 2245 3072 uillae
2282 3037 2542 3085 praeesse
2568 3059 2581 3072 .
2607 3057 2623 3073 .
2650 3063 2661 3073 .
2690 3022 2954 3071 Afranius

668 3094 967 3153 Suspecta:
1004 3088 1083 3137 in’
1123 3105 1170 3139 e.
1209 3106 1259 3154 q.
1300 3105 1342 3139 e.
2108 3098 2125 3120 ⁶

658 3222 838 3285 tuate,
898 3234 1010 3288 quo
1056 3222 1222 3271 carel
1266 3215 1423 3271 Leia.
1474 3215 1591 3271 116
1824 3215 1944 3271 322
1994 3215 2153 3270 uiden
2209 3224 2269 3270 tu
2315 3214 2624 3271 Mercerus
2667 3215 2851 3270 uident
2896 3224 2956 3268 ut

656 3301 793 3356 libri
830 3303 1092 3371 plerique
1132 3319 1193 3370 p.
1238 3299 1359 3355 466
1411 3301 1594 3354 uident
1637 3302 1776 3356 libri
1820 3304 2082 3372 plerique
2132 3318 2195 3371 p.
2245 3300 2366 3356 504
2415 3300 2572 3354 uiden
2628 3316 2731 3355 ms.
2778 3299 2961 3354 Fabri

659 3394 905 3457 utroque
958 3388 1114 3454 loco,
1153 3386 1368 3454 probat
1414 3385 1475 3440 L.
1524 3385 1774 3442 Mueller
1819 3388 2039 3440 anrmll.
2085 3386 2300 3455 plziloll.
2352 3385 2510 3441 1868
2551 3401 2613 3454 p.
2658 3377 2814 3440 431:
2872 3383 2955 3454 cf.

659 3473 718 3524 in
764 3472 931 3524 Accii
983 3486 1040 3523 u.
1089 3468 1210 3525 303
1260 3469 1459 3525 Bamb.
1634 3480 1789 3525 tuum
1833 3471 2036 3525 Aldina
2094 3479 2206 3523 tum
2262 3470 2397 3525 libri
2432 3487 2494 3541 p.
2543 3467 2664 3524 504
2714 3478 2770 3522 tu
2824 3469 2961 3522 libri

658 3572 717 3624 p.
765 3553 889 3609 466
1064 3552 1186 3609 323
1232 3569 1375 3609 nunc
1422 3554 1731 3611 Mercerus
1899 3553 2243 3608 defensorem
2300 3556 2425 3609 edd.
2482 3552 2768 3608 defensore
2824 3554 2961 3607 libri

831 3639 910 3692 uti
955 3637 1173 3711 perdam
1230 3642 1446 3708 scripsi
1499 3648 1560 3693 ut
1614 3656 1711 3713 per
1757 3655 1878 3693 eum
1921 3640 2058 3693 libri
2098 3646 2155 3692 et
2207 3646 2492 3710 patronum
2553 3636 2855 3693 Mercerus
2898 3644 2958 3690 ut

661 3724 922 3796 reperiam
969 3723 1206 3795 Muelely
1377 3722 1499 3779 3⁶25
1549 3725 1804 3778 utesatias
1847 3725 2062 3779 Amien.
2103 3741 2164 3795 p.
2197 3721 2319 3778 694
2367 3730 2431 3790 ut⁴
2472 3730 2525 3775 te
2570 3722 2734 3776 sacies
2780 3722 2957 3776 Hulb.

658 3859 719 3912 p.
756 3841 878 3898 694
927 3849 985 3896 ut
1033 3849 1085 3895 te
1129 3810 1260 3897 satis
1308 3843 1448 3915 Rey.
1488 3858 1552 3912 p.
1602 3841 1722 3898 717
1772 3852 1831 3897 ut
1876 3851 1930 3897 te
1975 3841 2102 3895 satis
2150 3840 2322 3913 Suny.
2373 3835 2534 3898 Vinu’.
2570 3840 2733 3894 Grul.
2784 3839 2956 3894 Halb.

666 3926 909 3982 Gurolir.
963 3945 1023 3996 p.
1074 3926 1192 3983 717
1295 3962 1298 3969 ·
1369 3925 1581 3998 caperet
1624 3925 1683 3996 (t.
1731 3943 1859 3998 sup.
1908 3944 1979 3981 m.
2025 3922 2147 3997 all.)
2215 3926 2370 3981 Vind.
2416 3933 2659 3997 caperet,
2706 3940 2832 3994 sup.
2883 3930 2955 3991 et,

665 4012 829 4066 Grul.
871 4029 931 4082 p.
967 4009 1089 4066 694
1220 4012 1390 4066 toti}
1437 4011 1617 4066 Barb.
1644 4028 1710 4082 p.
1744 4011 1863 4068 717
1901 4018 2014 4065 tote
2047 4010 2296 4067 Carolir.
2331 4012 2481 4065 aller
2522 4017 2667 4063 Iotae
2701 4009 2955 4063 Durmsl.

665 4112 697 4151 c
735 4113 798 4166 p.
848 4094 988 4164 694,
1040 4095 1285 4151 Carolir.
1329 4115 1387 4167 p.
1436 4095 1554 4152 717
1603 4112 1731 4152 cum
1788 4097 1918 4151 aliis
1972 4097 2186 4149 deterr.
2237 4095 2338 4149 toti
2386 4095 2632 4148 calidius
2687 4095 2958 4147 reiecisse

683 4181 936 4237 Vossium
978 4182 1134 4235 anal.
1166 4181 1199 4235 1
1219 4181 1262 4235 V
1295 4181 1336 4236 6
1358 4199 1420 4252 p.
1455 4178 1576 4236 202
1609 4185 1823 4237 monuit
1853 4181 1955 4235 Fr.
1994 4179 2253 4246 Haasius
2287 4182 2345 4234 in
2377 4180 2567 4234 adnot.
2601 4178 2692 4232 ad.
2726 4178 2963 4248 Reisiyii

665 4266 895 4321 scholas
920 4282 981 4336 p.
1007 4264 1156 4327 187:
1187 4264 1267 4336 cf.
1302 4280 1454 4321 nunc
1486 4269 1656 4321 elium
1691 4265 1912 4320 Neuius
1938 4282 2179 4336 yrumm.
2206 4265 2333 4319 Lat.
2368 4263 2437 4318 ΙΙ
2468 4261 2584 4318 185
2618 4269 2672 4316 et
2696 4259 2959 4315 Bueche-

664 4352 826 4410 lerus
881 4352 1026 4407 decl.
1082 4352 1184 4408 lat.
1226 4368 1288 4423 p.
1330 4349 1414 4407 40
1670 4348 2124 4423 32ῚΡΗοιίἰηυε,
2182 4349 2336 4422 quod
2380 4346 2693 4421 Berqlcium
2738 4346 2959 4402 annali.
3011 4390 3023 4400 .
