3400 5075
1524 357 1844 412 TITINIVS
2716 357 2833 419 147

1564 512 1664 579 VI
1742 515 1785 578 4

719 631 840 696 Die
886 629 1090 715 istud,
1137 651 1406 714 quaeso:
1454 630 1617 712 qu6r
1662 510 1740 691 te(
1774 511 2119 693 gumists‘?
2166 628 2291 691 mei
2336 624 2613 709 fastidis,

722 746 906 810 Meae
954 745 1260 811 deliciae?
1417 772 1430 784 ·

1501 857 1886 934 QVINTVS

795 1037 803 1046 .
1601 973 1632 1037 I
1711 974 1750 1038 6

583 1095 671 1160 95
1678 973 1718 1153 ξι
1755 973 2041 1154 >stultitia
2086 1087 2408 1173 cupidinis

718 1208 960 1274 Petunt
1005 1208 1378 1291 eonsilium,
1424 1206 1599 1270 bona
1643 1205 1964 1269 bonorum
2012 1205 2224 1290 grstia

724 1324 920 1388 Parui
965 1327 1040 1388 fit
1083 1324 1377 1387 saciatur.

1583 1427 1650 1493 H
1725 1429 1767 1491 4

719 1546 822 1611 Ita
868 1546 1041 1610 enim
1086 1545 1181 1609 titi
1229 1567 1376 1609 eum
1409 1504 1682 1628 ¹oportet
1697 1425 2123 1628 (li)bertatem,
2169 1542 2287 1628 qui
2329 1544 2515 1628 sapit.

535 1742 805 1792 Psaltria:
844 1739 1228 1804 contemplari'
1267 1755 1313 1789 e.
1351 1753 1402 1802 q.
1439 1754 1482 1792 s.
1622 1737 1698 1788 vl
1735 1739 1945 1789 Nonius
1981 1739 2100 1801 496,
2141 1740 2204 1788 13
2242 1738 2636 1803 ‘genetinus
2675 1755 2839 1791 casus

536 1811 749 1875 positus
786 1824 883 1874 pro
919 1809 1262 1858 accusatiuo:
1330 1806 1573 1856 Titinius
1609 1805 1884 1856 Psaltria:
1933 1806 2072 1855 dicis
2106 1809 2192 1864 ‚tu’
2233 1822 2282 1860 e.
2321 1822 2370 1871 q.
2410 1822 2454 1861 s.
2493 1804 2732 1871 (altria
2767 1809 2836 1857 W

545 1878 802 1929 saltria
840 1876 1015 1926 ceteri
1050 1874 1180 1924 libri
1215 1873 1526 1925 Psaltria
1562 1874 1787 1935 Aldina)

671 1946 928 2007 va‘rvs
1000 1944 1025 1993 1
1061 1942 1272 1994 Nonius
1307 1943 1435 2005 507,
1476 1943 1538 1991 16
1584 1941 1882 1992 ‘facitur
1928 1957 2027 2007 pro
2073 1940 2133 1990 fit
2169 1982 2181 1995 .
2212 1979 2223 1990 .
2254 1980 2267 1993 .
2307 1943 2553 1994 Titinius
2602 1944 2836 2007 Quinto:

537 2013 804 2064 stultitia’
852 2027 899 2061 e.
940 2027 990 2076 q.
1030 2025 1073 2063 8.
1146 2010 1470 2060 Priscianus
1507 2010 1553 2058 V
1589 2013 1621 2061 3
1668 2026 1719 2074 p.
1758 2008 1956 2061 789-12.
2007 2009 2296 2060 ‘facitur
2341 2027 2557 2077 qnoque
2606 2028 2640 2062 a
2689 2012 2839 2063 facio

536 2097 633 2147 pro
669 2081 731 2132 fit
777 2078 1123 2145 protulerunt
1169 2082 1426 2127 auctores
1465 2116 1476 2128 .
1506 2114 1552 2129 ..
1588 2077 1834 2127 Titinius
1884 2076 1940 2125 in
1976 2077 2211 2138 Quinto:
2267 2081 2578 2144 consilinm’
2618 2097 2666 2131 e.
2707 2095 2757 2144 q.
2796 2094 2838 2129 s.

537 2149 956 2212 (Tintinnius
1005 2144 1170 2195 Halb.
1323 2147 1579 2208 Quinto
1627 2144 1925 2195 Putschius
1972 2170 1986 2183 ·
2025 2146 2066 2194 V
2106 2170 2116 2181 ·
2169 2146 2293 2195 libri
2347 2149 2587 2211 quinto
2634 2147 2840 2197 Aldina

535 2214 773 2280 Veneta)
820 2215 969 2267 Idem
1005 2213 1139 2263 VIII
1175 2215 1207 2263 6
1243 2229 1292 2277 p.
1320 2214 1416 2264 801
1446 2213 1506 2264 P.
1544 2214 1593 2262 ‘l'
1600 2213 1778 2274 acio,
1818 2212 2069 2277 quamuis
2092 2215 2459 2264 uetustissimi
2498 2217 2671 2265 etiam
2710 2230 2838 2280 pas-

534 2285 656 2334 sius
681 2284 784 2334 hoc
813 2281 1110 2347 protulisse
1137 2280 1508 2332 inueniuntur.
1581 2280 1825 2330 Titinius
1852 2281 1908 2329 in
1936 2281 2171 2342 Quinto:
2198 2281 2395 2332 bonum
2423 2283 2628 2347 gratia*
2651 2299 2697 2333 e.
2720 2289 2770 2348 q.
2794 2297 2840 2333 s.

538 2352 813 2415 (Quinto
859 2348 1151 2400 Putschius
1189 2350 1234 2397 V
1285 2348 1412 2397 libri
1460 2348 1696 2413 quinto
1734 2348 1953 2398 Veneta
1989 2348 2041 2411 2)
2248 2349 2304 2399 11
2340 2350 2552 2400 Nonius
2589 2352 2724 2413 481,
2777 2352 2838 2400 19

537 2420 967 2470 ‘libertatem
1028 2417 1126 2467 uti
1180 2432 1278 2482 pro
1333 2416 1414 2465 uti
1469 2416 1745 2469 libertate.
1832 2416 2069 2466 Titinius
2114 2414 2227 2466 lib.
2275 2417 2347 2467 V:
2405 2417 2559 2468 item’
2610 2434 2655 2468 o.
2706 2434 2756 2482 q.
2796 2433 2839 2468 s.

534 2599 686 2655 iubet
730 2614 815 2654 me
865 2600 1081 2669 potuit,
1137 2600 1250 2653 nisi
1297 2596 1459 2669 forte
1515 2595 1895 2670 contemplaui·
1934 2597 2300 2653 scribendum
2345 2604 2431 2653 cst
2630 2597 2709 2654 93
2755 2597 2841 2653 dic

535 2684 680 2740 istud
715 2682 1138 2754 NeulcirchiuS‚
1184 2684 1284 2755 qui
1326 2688 1515 2738 tamen
1546 2685 1813 2737 senarios
1849 2684 2065 2753 posuit.
2141 2680 2274 2737 dicis
2323 2690 2380 2737 ιιι
2409 2683 2560 2738 libri.
2638 2682 2837 2739 Prima

535 2769 761 2842 syllaba
793 2784 1056 2823 mancum
1079 2769 1475 2838 septenarium
1506 2764 1544 2836 (.
1571 2764 1657 2822 dic
1678 2761 1845 2837 istud)
1872 2769 1998 2822 olim
2023 2772 2360 2822 statueram.
2448 2768 2546 2824 Vel
2573 2770 2841 2823 senarios

537 2853 622 2909 dic
651 2851 798 2908 istud
829 2893 844 2907 .
880 2894 894 2907 .
933 2893 944 2904 .
978 2852 1081 2906 mei
1113 2850 1375 2922 masticis,
1420 2868 1492 2911 m.
1525 2848 1579 2903 d.
1614 2866 1742 2907 esse
1774 2853 1867 2907 uel
1898 2854 2257 2907 octonarium
2288 2853 2664 2923 trochaicum,
2713 2853 2765 2908 si
2786 2858 2840 2906 te

536 2939 860 3006 deleretur,
910 2935 1204 3009 Berylcius
1250 2938 1472 2992 annall.
1514 2934 1734 3006 philoll.
1786 2934 1950 2993 1870
1987 2953 2049 3008 p.
2098 2934 2221 2993 826
2268 2938 2379 2992 sibi
2414 2940 2712 3008 persuasit

537 3039 676 3096 quor
721 3024 960 3093 scripsi,
1006 3027 1069 3076 ut
1099 3022 1480 3094 Kiesslinyius
1525 3022 1745 3076 annall.
1787 3021 2011 3091 philoll.
2057 3019 2220 3078 1868
2262 3038 2327 3093 p.
2373 3022 2496 3079 630
2542 3025 2599 3076 in
2648 3022 2844 3078 Plauti

442 3116 447 3121 ’
543 3107 894 3163 Truculento
923 3105 991 3162 11
1021 3103 1082 3177 4,
1116 3105 1149 3160 7
1184 3106 1238 3160 et
1270 3121 1397 3161 cum
1427 3106 1810 3162 Fleckeiseno
1841 3108 1900 3161 in
1930 3106 2209 3178 Amphitr.
2243 3104 2364 3163 899
2399 3109 2628 3162 restitui
2654 3110 2836 3164 iussit.

537 3208 646 3266 quo
693 3191 900 3248 Bamb.
947 3205 1088 3263 quoa
1134 3193 1315 3246 ceteri
1354 3183 1512 3246 tibri‘
1658 3190 1909 3246 suot-listi
1955 3190 2167 3247 Aldina
2214 3189 2464 3245 abortisti
2508 3192 2671 3259 libri,
2729 3195 2845 3248 nisi

538 3277 691 3348 quod
733 3274 1023 3330 obuertisti
1067 3274 1259 3334 Palat.
1438 3274 1644 3331 fastidis
1693 3275 1898 3332 Bamb.
1944 3274 2172 3330 fastidisi
2232 3275 2305 3330 W
2344 3274 2600 3330 fastidissi
2660 3281 2842 3333 ceteri

538 3362 674 3416 libri
717 3358 971 3415 fastidisti
1016 3359 1280 3415 Rothius.
1369 3358 1536 3414 Latet
1574 3360 1838 3432 fortasse
1893 3363 1953 3415 in
1993 3360 2273 3415 librorum
2327 3362 2627 3430 scriptura
2673 3376 2841 3431 repe-

538 3448 696 3501 titum
728 3446 971 3500 atterius
1001 3458 1210 3500 uersus
1237 3447 1395 3500 initio
1426 3443 1542 3499 dic.-
1585 3462 1662 3500 an
1692 3446 1771 3500 sic
1802 3442 2008 3499 fastidis
2054 3444 2417 3499 scribendum
2436 3448 2463 3498 ?
2634 3443 2713 3500 94
2746 3445 2838 3501 de-

537 3529 690 3586 liciae
747 3528 952 3584 Bamb.
1011 3526 1224 3583 delitiae
1283 3531 1465 3585 ceteri
1513 3530 1653 3585 libri
1837 3526 1916 3584 95
1975 3543 2003 3581 a
2058 3531 2301 3599 scripsi,
2359 3546 2465 3607 om.
2520 3530 2680 3598 libri,
2737 3532 2844 3585 sed

539 3622 738 3687 quanta
791 3612 1022 3668 stultitia
1067 3613 1310 3685 Aldina,
1356 3613 1736 3670 Hermannus
1779 3614 1815 3668 l.
1862 3614 1902 3667 l.
1952 3610 2075 3668 273
2123 3609 2328 3687 (Τίιίιι.)
2378 3620 2575 3685 quanta
2633 3621 2699 3669 st.
2749 3617 2837 3670 ed.

531 3703 727 3770 princ.
772 3697 923 3768 (Tit.)
975 3698 1029 3752 in
1077 3696 1168 3751 Vl:
1222 3704 1422 3770 quanta
1465 3706 1534 3753 st.
1584 3700 1670 3757 ed.
1722 3696 1883 3753 1476
2058 3696 2137 3754 96
2186 3694 2327 3752 bona
2369 3695 2639 3753 bonorum
2686 3700 2840 3755 Her-

539 3799 784 3839 mannus
839 3780 979 3837 bona
1027 3782 1276 3853 Nonius,
1334 3782 1676 3839 Priscianus
1722 3781 1985 3838 Putschii
2019 3798 2082 3853 p.
2131 3780 2251 3838 801
2300 3781 2499 3837 bonum
2546 3782 2845 3839 Prisciani

541 3869 706 3924 codd.
750 3870 879 3923 loco
927 3874 1170 3938 utroque
1344 3866 1422 3923 97
1468 3869 1621 3940 parui
1668 3874 1730 3935 ut
1760 3868 2053 3923 Prisciani
2097 3868 2259 3922 codd.
2300 3870 2567 3939 plerique
2608 3884 2668 3938 p.
2714 3868 2834 3926 801

541 3954 690 4026 parui
750 3959 842 4023 ut,
897 3952 1080 4007 deleto
1139 3960 1199 4005 ιιι
1254 3969 1327 4007 m.
1384 3954 1506 4022 alt„
1566 3951 1745 4025 Sany.
1816 3952 2017 4007 ibidem
2076 3958 2136 4006 ut
2199 3953 2353 4024 parui
2412 3952 2632 4007 Nonius
2686 3955 2838 4025 parui

539 4036 834 4094 Prisciani
875 4037 1039 4092 codd.
1078 4053 1141 4107 p.
1192 4035 1313 4092 789
1361 4030 1492 4103 (nisi
1533 4039 1686 4109 quod
1740 4052 1908 4110 parua
1954 4034 2176 4109 Bamb.)
2226 4042 2282 4091 et
2324 4036 2509 4109 Bonq.
2545 4034 2665 4092 801

541 4120 801 4177 saciantur
831 4119 1006 4193 Sanq.
1040 4120 1184 4193 Περ.
1216 4139 1286 4175 m.
1327 4121 1357 4175 1
1394 4120 1596 4176 Bamb.
1631 4119 1806 4178 Halb.
1838 4135 1911 4177 m.
1954 4122 1979 4175 1
2018 4121 2262 4178 Carolir.
2297 4122 2598 4176 Prisciani
2620 4139 2682 4192 p.
2715 4121 2833 4179 801

708 4205 790 4263 98
834 4205 906 4259 ila
938 4206 1079 4259 enim
1110 4208 1325 4276 scripsi
1352 4207 1479 4261 ilem
1508 4206 1645 4261 libri
1815 4222 1936 4260 eum
1971 4199 2216 4280 oportet]
2250 4222 2373 4260 cum
2419 4212 2605 4278 portet
2636 4205 2841 4262 Bamb.

708 4291 779 4345 ita
826 4297 886 4344 ιιι
915 4304 1039 4344 eum
1085 4297 1307 4362 oportet
1351 4290 1627 4347 Bothius:
1684 4307 1760 4345 an
1818 4291 1891 4345 ita
1937 4306 2059 4345 eum
2117 4288 2195 4345 ιἰιί
2252 4290 2507 4363 oportet?
2678 4290 2841 4347 liber·

542 4382 704 4430 tatem
753 4371 848 4446 qni
902 4375 1043 4446 sapit
1093 4373 1333 4430 Botkius
1378 4378 1669 4447 coniunyit

2338 4469 2435 4522 10*
