3400 5075
1353 381 1463 437 cN.
1501 382 1820 435 NAnvlvs
2648 384 2721 446 17

835 584 845 596 .
1419 536 1757 602 NAGIDO

609 627 966 690 elucidatus

1370 714 1785 781 NAVTAE?

610 826 924 887 supparus

1293 890 1873 957 NERVOLARIA

477 1008 562 1070 65
610 1058 621 1069 .
669 1007 1026 1090 praecisum
1074 1006 1365 1070 omasum
1412 1028 1681 1090 pernam
1727 1008 1928 1071 callus
1977 1008 2157 1093 glisis
2205 1008 2468 1093 glandia

759 1116 765 1122 ’
1406 1138 1760 1203 PAELEX

606 1252 847 1317 Desine
895 1255 1059 1318 socri
1107 1258 1251 1337 tu0‚
1297 1255 1483 1317 fratri
1528 1253 1813 1338 patrueli
1855 1278 1997 1318 meo

1307 1376 1832 1443 PERSONATA

606 1493 837 1557 Festus
893 1516 952 1576 p.
1009 1494 1135 1557 217
1195 1492 1279 1556 M.
1356 1492 1809 1557 ‘Personata
1863 1493 2085 1556 fabula
2140 1493 2453 1577 quaedam
2510 1494 2718 1559 Naeui

430 1609 827 1691 inscribitur,
887 1630 1079 1691 quam
1145 1611 1379 1691 putant
1434 1607 1694 1693 quidam
1751 1607 2029 1691 primum
2090 1606 2347 1710 [actam]
2408 1632 2447 1672 a
2511 1633 2725 1693 perso-

564 1805 821 1866 NAGmO,
870 1803 909 1851 i.
958 1819 1007 1850 e.
1048 1795 1321 1867 Ναγιδῶ,
1367 1802 1425 1850 ni
1472 1799 1660 1863 fallor,
1711 1802 1820 1851 nisi
1868 1800 2191 1865 praeplacet
2227 1802 2554 1867 Nagidio,
2604 1806 2638 1852 i.
2679 1820 2725 1858 e.

432 1869 735 1935 Ναγιδίων
784 1870 905 1919 siue
955 1861 1266 1934 Ναγιὸεὖς.
1342 1869 1512 1918 Varro
1548 1869 1615 1918 de
1663 1868 1697 1917 1.
1747 1869 1810 1917 L.
1862 1869 1961 1918 VII
2001 1872 2093 1919 107
2131 1868 2203 1919 M.
2258 1870 2424 1934 ‘apud
2460 1870 2728 1921 Naeuium

429 1939 486 1987 in
521 1938 792 1988 Hesiona.
815 1974 826 1986 .
847 1938 929 1987 .in
955 1935 1249 1986 Clastidio.
1272 1974 1282 1984 .
1309 1937 1389 1985 .in
1425 1934 1591 1986 Dolo.
1612 1973 1624 1985 .
1646 1937 1728 1986 .in
1765 1936 2071 1986 Demetrio,
2093 1975 2106 1987 .
2126 1974 2139 1987 .
2155 1938 2209 1985 in
2233 1937 2650 2002 'Lampadione.
2672 1977 2683 1989 .
2707 1977 2719 1988 .

428 2007 483 2053 in
521 2005 839 2069 Nagidone:
880 2004 1300 2059 elucidatas.
1339 2004 1554 2065 suauis,
1592 2005 1819 2053 tametsi
1858 2020 1891 2052 a
1916 2005 2195 2068 magistris
2232 2008 2538 2070 accepimus
2575 2022 2725 2055 man-

429 2074 686 2122 suetum?
870 2070 1235 2135 (nagidone
1284 2071 1433 2120 Flor.
1514 2072 1883 2135 nagidione
1929 2069 2089 2121 Goth.
2174 2072 2493 2135 agidione
2540 2073 2726 2124 Haun.

429 2139 715 2204 agidone
753 2139 930 2189 Paris.
977 2155 1038 2200 a,
1087 2154 1188 2189 om.
1233 2138 1409 2190 Paris.
1459 2138 1510 2187 b.
1583 2136 1799 2187 Certum
1849 2146 1934 2187 est
1981 2138 2170 2188 littera
2205 2135 2269 2189 N
2300 2140 2547 2205 incipere
2585 2141 2726 2191 hunc

429 2207 677 2271 titulum,
727 2205 870 2270 quod
917 2221 1038 2255 cum
1089 2205 1309 2270 fugeret
1353 2206 1504 2255 uiros
1550 2204 1743 2255 doctos
1788 2211 1919 2254 ante
1967 2206 2033 2254 Ο.
2081 2205 2436 2268 Muellerum,
2493 2208 2727 2258 incredi-

429 2274 564 2323 bilia
597 2274 892 2322 commenti
918 2269 1087 2336 sunt.)
1158 2271 1244 2322 Cf.
1274 2273 1561 2323 Philoxeni
1587 2271 1756 2336 gloss.
1797 2272 2229 2336 εςίοοίᾱειῑιιε,
2268 2265 2437 2338 ἡδύς’
2476 2272 2727 2340 (glodi-

430 2341 626 2391 datus
664 2340 805 2402 cod„
846 2355 985 2389 corr.
1020 2339 1347 2403 Vulcanius)

563 2409 796 2457 Nav‘rss.
869 2407 1068 2457 Festus
1116 2422 1166 2471 p.
1202 2410 1303 2457 310
1340 2408 1410 2458 M.
1452 2412 1813 2471 ‘supparus
1861 2404 2181 2473 [dicebatur
2227 2405 2500 2475 puellare]
2555 2412 2727 2459 uesti-

429 2473 699 2543 men[tum
758 2472 986 2540 lineum]
1038 2502 1102 2511 -
1155 2501 1217 2509 -—
1274 2473 1592 2541 puni[ceum
1645 2475 2037 2525 uestimentum
2090 2476 2170 2525 ita
2223 2470 2422 2540 uo]cat
2461 2479 2620 2526 neni
2660 2478 2725 2526 de

432 2544 601 2610 [bello
647 2540 900 2609 Puni]co.
990 2548 1046 2593 et
1101 2543 1162 2590 in
1210 2548 1440 2593 nautis
1492 2540 1685 2609 [uocat
1732 2544 1986 2607 Neptuno
2039 2559 2074 2592 u
2107 2547 2277 2592 estem
2325 2542 2728 2609 consec[ratam

428 2627 739 2676 supparum.
815 2608 893 2674 at]
939 2625 1082 2659 nunc
1131 2625 1402 2675 supparos
1454 2607 1818 2675 [appellamus
1865 2609 1990 2659 uela
2038 2609 2074 2658 li
2107 2626 2213 2659 nea
2260 2612 2313 2659 in
2362 2627 2573 2662 crucem
2615 2610 2726 2677 [ex-

429 2677 650 2744 pansa]’
690 2694 735 2726 e.
775 2694 823 2742 q.
860 2693 903 2726 s.
986 2677 1384 2742 supplementa
1429 2679 1616 2727 Ursini
1664 2678 2033 2727 incertissima
2079 2683 2233 2739 sunt3
2283 2694 2383 2728 uec
2431 2680 2725 2744 quidquam

429 2753 527 2796 aut
564 2747 631 2795 de
670 2745 862 2795 sabula
885 2749 984 2793 aut
1008 2745 1075 2794 de
1103 2745 1286 2794 uerbis
1310 2745 1506 2795 Naeuii
1543 2744 1821 2794 adfirmari
1858 2749 2059 2809 potest.
2131 2744 2215 2797 Cf.
2244 2745 2438 2796 Festus
2464 2763 2515 2811 p.
2544 2751 2644 2798 340
2670 2764 2722 2798 u.

428 2815 711 2878 siparium.
783 2812 1024 2861 Isidorus
1071 2813 1208 2875 orig.
1257 2814 1384 2862 XIX
1432 2815 1481 2876 3,
1526 2814 1558 2860 4
1598 2813 1864 2877 ‘siparum
1910 2827 2085 2876 genus
2130 2812 2270 2875 ueli,
2316 2829 2481 2864 unuin
2529 2815 2723 2879 pedem

425 2881 662 2931 habens’
701 2897 750 2929 e.
782 2895 832 2943 q.
855 2894 898 2933 s.

563 2949 935 2998 Nsnvomnu
1004 2946 1213 2997 Nonius
1244 2949 1357 3008 151,
1398 2949 1423 2996 1
1462 2947 1867 3011 ‘praecisum
1907 2952 1963 2995 et
1999 2961 2286 2996 omasum
2326 2954 2515 3012 partes
2541 2951 2726 2999 earnis

431 3022 485 3065 et
529 3017 820 3067 uiscerum.
902 3014 1148 3064 Naeuius
1193 3014 1549 3064 Neruolaria:
1598 3015 1925 3079 praecisum'
1974 3030 2021 3063 e.
2067 3030 2116 3078 q.
2165 3031 2210 3067 s.
2294 3014 2571 3077 (Ennius
2624 3032 2722 3067 ms.

427 3083 611 3140 Junii,
652 3083 720 3131 de
760 3082 1006 3132 Plauto
1044 3082 1332 3145 cogitabat
1369 3081 1705 3131 Ritschelius
1744 3082 1967 3145 Parerg.
2013 3082 2040 3130 Ι
2084 3084 2151 3132 96
2322 3082 2726 3146 Neruolaria

431 3150 769 3200 Ritschelius
804 3149 1172 3199 Hernlaria
1207 3164 1306 3200 ms.
1347 3148 1640 3199 Gandcnse
1682 3147 2005 3198 Erularia
2050 3150 2225 3199 ceteri
2276 3149 2400 3199 libri
2446 3150 2724 3200 Aulula-

431 3219 532 3267 ria
569 3223 699 3267 ante
736 3217 1040 3266 Mercerum
1079 3216 1402 3266 Ecularia
1440 3215 1579 3265 conl.
1622 3215 1868 3266 Alexidis
1897 3207 2191 3275 Ἰππίσκος
2229 3223 2326 3265 aut
2360 3217 2724 3268 Ferularia

434 3301 588 3350 prop.
627 3282 1019 3348 Buechelerus)

566 3353 793 3402 Pannax
843 3352 932 3414 (de
959 3353 1234 3416 scriptura
1260 3352 1497 3402 nominis
1521 3350 1843 3400 testimonia
1880 3349 2109 3415 collegit
2132 3349 2525 3400 Fleckeisenus
2562 3352 2721 3414 quin-

429 3435 589 3484 quag,
616 3419 759 3471 titul.
786 3433 838 3483 p.
863 3418 950 3482 23)
1001 3418 1085 3472 cf.
1114 3411 1391 3484 Παλλακή
1417 3417 1663 3469 Alexidis
1689 3417 1979 3467 Menandri
2003 3417 2230 3482 Diphili.
2279 3419 2493 3467 Nonius
2517 3421 2635 3481 223,
2657 3423 2743 3468 21-

430 3491 689 3536 ‘socrus
736 3491 793 3535 et
836 3487 1143 3536 masculino
1189 3502 1393 3550 genero
1439 3492 1659 3536 ueteres
1714 3484 1826 3534 dici
1872 3500 2032 3549 posse
2079 3485 2389 3537 uoluerunt.
2476 3485 2724 3536 Naeuius

427 3553 669 3604 Pellicez
709 3554 923 3603 desine’
963 3569 1009 3602 e.
1048 3569 1098 3617 q.
1135 3569 1176 3609 s.
1248 3552 1534 3619 (Pelliee
1571 3552 1803 3603 Bothius
1839 3552 2096 3616 pellico
2133 3551 2283 3616 libri)

563 3623 920 3675 Pansons'm.
993 3637 1136 3670 cum
1184 3628 1333 3685 post
1379 3621 1624 3671 multos
1673 3634 1885 3670 annos
1933 3625 2090 3669 acta
2126 3620 2220 3669 sit
2255 3634 2722 3684 qnam...coe-

430 3694 674 3762 per-unt
710 3688 1085 3753 (‘coeperunt’
1123 3686 1266 3753 cod.)
1304 3690 1367 3739 Ο.
1406 3688 1730 3747 Muellerus,
1770 3686 1931 3751 quod,
1969 3687 2014 3735 si
2053 3690 2280 3751 propter
2312 3702 2578 3751 personas
2616 3704 2723 3737 uon

598 3866 678 3924 63
723 3865 1055 3938 elucidatuS,
1099 3871 1136 3922 i.
1186 3883 1235 3921 e.
1284 3865 1589 3940 glucidatus
1636 3866 1903 3940 Spaliyer
1946 3864 2202 3920 caudatus
2253 3865 2424 3920 Paris
2469 3867 2502 3920 b
2560 3866 2719 3921 Vina.

433 3949 611 4007 Basil.
642 3949 903 4005 naudaeus
935 3951 1097 4008 Flor.
1131 3968 1260 4007 cum
1292 3954 1501 4008 celeras
1601 3949 1679 4008 65
1714 3950 1897 4007 Nolim
1928 3949 2225 4024 praecisum
2255 3958 2417 4023 atque
2448 3950 2718 4006 omasum:

430 4053 561 4090 nam
615 4038 801 4091 uariis
845 4037 1022 4091 modis
1064 4038 1283 4091 initium
1323 4050 1536 4090 uersus
1575 4037 1841 4106 supplem·
1886 4041 2104 4105 polest,
2158 4049 2205 4089 e.
2252 4050 2302 4089 c,
2350 4050 2434 4089 em
2479 4033 2577 4091 uel
2619 4036 2719 4088 iam

423 4122 843 4190 praemittendo
1024 4119 1191 4175 callus
1247 4119 1551 4175 Mer-cerus
1604 4118 1780 4192 gallus
1832 4121 1969 4175 libri
2009 4117 2203 4174 callum
2248 4120 2331 4174 ed.
2390 4116 2552 4175 1526

427 4202 559 4258 clifis
617 4204 769 4259 Leia.
845 4200 945 4278 (cf.
1003 4203 1304 4259 elucidatas
1370 4201 1575 4276 supra)
1634 4202 1816 4277 glissis
1891 4203 2084 4259 Urbin.
2143 4202 2264 4258 307
2332 4199 2475 4276 glifis
2541 4207 2725 4258 ceteri

428 4287 560 4342 libri
601 4289 767 4362 glires
813 4290 899 4344 ed.
953 4287 1112 4344 1526
1287 4287 1499 4361 glandia
1543 4289 1667 4343 edd.
1717 4286 1939 4360 grandia
1979 4288 2116 4344 libri
2242 4286 2322 4344 66
2364 4286 2579 4358 desine,
2634 4303 2718 4347 sc.

430 4374 576 4427 male
630 4376 841 4429 (licere.
905 4372 1072 4428 desim
1123 4373 1364 4428 Bolhius
1414 4372 1451 4427 2
1581 4387 1741 4427 socro
1792 4371 2028 4436 Bollu'us
2069 4374 2251 4428 socrui
2295 4371 2723 4428 Klussmannus

536 4477 648 4516 eon.
676 4478 790 4516 Lar.
822 4478 934 4517 Rex..
2258 4474 2290 4520 2
