3400 5075
1255 22 1639 76 CAECILIVS
1676 21 1980 73 STATIVS
2685 20 2763 83 51

1520 178 1581 242 V
1658 180 1697 242 3

522 296 609 359 90
655 295 809 379 Ere,
858 295 1150 379 obsecro,
1196 295 1407 359 hercle
1455 178 1781 364 desiniei)ss'
1826 316 2014 357 mane
2063 295 2368 378 coepiam

965 475 981 482 ,
1507 408 1595 472 VI
1645 406 1748 495 (1)
2479 502 2482 507 Ι

656 525 840 601 Quod
889 525 1283 609 prolubium,
1331 525 1494 607 quae
1524 524 1852 607 Uolupiae,
1899 527 2061 608 quae
2098 529 2162 588 te
2208 526 2408 588 lactat
2454 521 2769 607 largitas?

971 664 1720 731 HYPOBOLIMAEVS
1780 665 2275 732 AESCHINVS

652 781 797 866 Ego
846 781 1009 846 illud
1057 783 1269 846 minus
1315 783 1449 847 nilo
1498 782 1721 865 exigor
1765 783 2140 865 portorium.

1476 904 1769 970 IMBRH

1531 1020 1563 1084 Ι
1611 1019 1711 1106 (1)

976 1186 987 1199 .
1081 1139 1145 1198 et
1190 1135 1440 1199 homini
1486 1139 1552 1200 et
1596 1135 1882 1220 peeubus
1931 1135 2230 1199 omnibus

1523 1250 1590 1313 II
1639 1248 1742 1337 (2)

1600 1394 1601 1397 ¹
1757 1370 1930 1430 nunc
1977 1370 2120 1429 uter

521 1483 608 1545 95
655 1479 930 1545 Crescit:
979 1503 1111 1545 non
1160 1483 1375 1564 polest
1420 1482 1629 1545 celari.

1371 1595 1472 1660 III
1519 1593 1775 1680 (Vmbr.
1822 1593 1894 1681 2)

1402 1708 1407 1713 ’
1852 1710 2011 1774 mihi
2060 1711 2275 1775 sobrio

528 1828 612 1890 96
660 1827 1026 1890 Dormitum
1048 1831 1121 1890 ut
1149 1849 1290 1890 eam
1312 1823 1654 1911 quisquam
1675 1825 1945 1889 suadet?
1994 1828 2059 1889 et
2089 1826 2142 1889 si
2163 1846 2284 1910 ego
2305 1824 2777 1910 obdormiuem,

479 2026 669 2072 narrat
701 2022 904 2071 ,Iunius
940 2020 1229 2074 Animadn.
1268 2020 1343 2069 VI
1383 2019 1469 2084 10)
1606 2020 1653 2070 V
1689 2021 1900 2072 Nouius
1926 2022 2008 2083 89,
2036 2022 2099 2070 16
2136 2025 2476 2084 ‘coepere,
2514 2021 2777 2085 incipere.

478 2088 758 2139 Caecilius
803 2088 1141 2139 Periboea
1186 2088 1577 2138 Rastraria:
1627 2092 1755 2139 ere'
1812 2104 1859 2139 e.
1897 2103 1949 2151 q.
1990 2103 2034 2138 s.
2111 2087 2672 2152 (Hypobolimaea
2710 2090 2775 2141 R.

476 2156 749 2221 Scaliger)
891 2155 965 2205 vl
1001 2156 1211 2206 Nonius
1250 2159 1332 2217 16,
1372 2158 1438 2207 20
1475 2156 1769 2206 ‘lactare
1809 2161 1896 2207 est
1928 2155 2190 2205 inducere
2227 2155 2320 2205 uel
2360 2155 2624 2222 mulgere,
2661 2154 2777 2204 uel-

476 2224 619 2286 lere,
656 2223 1000 2287 decipere..
1029 2264 1041 2275 .
1068 2221 1341 2273 Caelius
1367 2222 1914 2288 Hypobolimaea
1949 2223 2336 2273 Rastraria:
2377 2223 2545 2287 quod’
2572 2239 2619 2273 e.
2648 2239 2699 2288 q.
2728 2239 2775 2274 s.

476 2290 859 2357 (Caecilius
894 2289 1464 2355 Hypobolimaeo:
1501 2305 1637 2340 mea
1673 2290 2013 2341 rastraria
2047 2291 2297 2340 Muretus
2344 2290 2469 2343 Var.
2510 2291 2663 2346 Lect.
2702 2290 2777 2340 lV

479 2357 562 2425 13)
601 2358 849 2407 Terentii
888 2358 1104 2422 adelph.
1140 2360 1240 2409 985
1276 2357 1407 2408 hinc
1443 2362 1718 2423 sumptum
1754 2358 1933 2408 uideri
1966 2363 2153 2408 monet
2186 2358 2433 2423 Muretus

610 2427 1098 2488 Hrponommmvs
1124 2425 1446 2475 Anscmnvs
1519 2424 1737 2476 Gellius
1760 2426 1857 2475 XV
1881 2428 1961 2488 14,
1988 2427 2020 2476 5
2045 2430 2186 2475 ‘sese
2220 2426 2485 2490 pecunias
2511 2425 2777 2486 maximas

474 2499 700 2545 exactos
737 2508 857 2543 esse
885 2531 897 2544 .
926 2533 939 2547 .
963 2530 975 2544 .
1004 2493 1059 2542 id
1097 2492 1257 2543 nobis
1292 2492 1592 2543 uidebatur
1626 2492 1845 2544 Graeca
1880 2492 2057 2559 figura
2091 2493 2299 2543 dictum
2326 2529 2338 2542 .
2367 2531 2379 2544 .
2410 2529 2420 2541 .
2462 2492 2604 2557 quod
2639 2493 2684 2543 si
2723 2492 2779 2542 id

481 2561 590 2611 dici
627 2565 835 2626 potest,
874 2561 1039 2611 etiam
1078 2565 1309 2612 exactus
1348 2577 1468 2612 esse
1506 2560 1709 2626 aliquis
1745 2562 2038 2627 pecuniam
2077 2561 2192 2612 diei
2236 2566 2432 2626 potest.
2473 2560 2778 2611 Caecilius-

479 2644 583 2692 que
634 2629 824 2678 eadem
870 2628 1046 2693 figura
1091 2629 1149 2677 in
1193 2629 1738 2694 Hypobolimaeo
1793 2626 2135 2679 Aeschino
2189 2643 2321 2678 usus
2365 2628 2612 2679 uidetur:
2673 2644 2777 2692 ego

477 2696 637 2745 illud'
677 2712 723 2746 e.
761 2712 811 2760 q.
850 2710 895 2746 s.
969 2697 1046 2745 ‘id
1086 2701 1194 2745 est:
1232 2696 1406 2745 nihilo
1445 2697 1621 2746 minus
1658 2697 1901 2760 exigitur
1935 2696 2001 2747 de
2038 2711 2122 2747 me
2161 2697 2507 2761 portorium)
2565 2695 2778 2746 Nonius

478 2765 593 2825 106,
631 2767 697 2814 23
734 2766 1005 2829 ‘exigor
1048 2779 1147 2829 pro
1192 2781 1227 2814 a
1271 2779 1357 2813 me
1403 2765 1659 2828 exigitur.
1733 2763 2005 2814 Caecilius
2044 2765 2322 2815 Excino:
2374 2768 2500 2827 ego'
2553 2779 2602 2813 e.
2643 2779 2692 2828 q.
2731 2778 2773 2812 s.

609 2832 803 2881 Inuum
853 2830 1231 2895 (Menandri?)
1322 2830 1406 2880 Ad
1455 2837 1833 2897 argumentum
1882 2832 2013 2897 quid
2069 2832 2247 2882 faciat
2293 2832 2360 2884 fr.
2410 2832 2464 2880 11
2512 2835 2775 2896 apparet;

479 2898 666 2948 ebrius
705 2900 894 2949 nescio
933 2900 1054 2964 quis
1093 2913 1217 2948 eum
1252 2899 1428 2949 sodali
1465 2899 1616 2964 loqui
1654 2890 1878 2949 uidetur
1917 2900 1977 2949 fr.
2017 2899 2132 2961 111,
2171 2900 2347 2950 frater
2381 2898 2656 2949 sollicitus
2694 2904 2779 2947 est

480 2966 546 3018 fr.
586 2967 709 3017 VII.
854 2968 881 3017 1
915 2966 1127 3016 Nonius
1164 2969 1289 3028 159,
1328 2969 1392 3016 15
1431 2971 1679 3031 ‘pecua
1729 2971 1786 3015 et
1829 2966 2048 3031 pecuda
2095 2967 2176 3015 ita
2212 2971 2274 3015 ut
2319 2981 2522 3030 pecora
2558 2972 2779 3016 ueteres

478 3033 736 3084 dixerunt
770 3070 782 3083 .
810 3071 823 3085 .
852 3070 864 3083 .
891 3032 1169 3084 Caecilius
1206 3034 1535 3084 Himbris=
1573 3039 1629 3084 et
1665 3034 1900 3083 homini’
1940 3050 1986 3082 e.
2029 3048 2079 3097 q.
2118 3048 2162 3083 s.
2234 3033 2524 3095 (Imbriis
2562 3029 2777 3097 Iunius)

612 3102 670 3152 11
709 3101 921 3151 Nonius
950 3103 1063 3164 188,
1094 3104 1156 3152 15
1182 3107 1363 3153 ‘uter
1391 3117 1487 3165 pro
1512 3105 1689 3154 utero.
1760 3100 2044 3151 Caecilius
2069 3101 2338 3150 Imbris:
2376 3105 2545 3150 nunc’
2572 3117 2619 3151 e.
2650 3117 2701 3164 q.
2731 3116 2776 3150 s.

478 3167 777 3232 (Imbriis
816 3165 1169 3235 Spengelius)
1309 3169 1394 3218 111
1432 3170 1752 3219 Priscianus
1789 3169 1835 3217 X
1872 3171 1904 3217 4
1942 3185 1994 3233 p.
2041 3169 2141 3219 888
2177 3168 2238 3217 P.
2275 3169 2665 3233 ‘expergiscor
2690 3209 2702 3220 .
2726 3206 2737 3219 .
2764 3205 2777 3219 .

647 3320 729 3405 90
772 3346 999 3403 obsecro
1048 3347 1390 3420 Spenqelius
1434 3346 1668 3403 obscuro
1712 3347 1849 3403 libri
2016 3346 2254 3401 desinam
2309 3346 2501 3403 Urbin.
2548 3345 2668 3403 307

478 3433 773 3489 Personas
816 3435 986 3505 uulyo
1043 3449 1155 3488 non
1209 3433 1590 3504 distinyuune=
1658 3447 1869 3487 seruus
1924 3433 2220 3505 vapulans
2270 3430 2504 3501 frustra
2550 3434 2779 3486 ueniam

472 3524 777 3587 precatur.
953 3516 1028 3573 91
1081 3511 1255 3592 quod]
1319 3516 1534 3590 quidem
1590 3516 1787 3572 Urbin.
1835 3516 1988 3574 307:
2047 3533 2179 3572 num
2235 3515 2380 3588 quod
2436 3516 2577 3570 euim
2620 3517 2781 3583 latet,

480 3607 539 3657 u!
582 3604 755 3657 iambi
792 3604 982 3674 fiant?
1153 3599 1231 3657 92
1280 3600 1389 3655 nilo
1421 3600 1846 3657 Fleckeisenus
1889 3611 2057 3680 epist.
2104 3604 2233 3657 crit.
2268 3602 2345 3657 ad
2376 3599 2456 3655 M.
2486 3598 2786 3654 Hertzium

470 3703 531 3755 p.
579 3685 656 3742 37
706 3687 851 3742 conl.
896 3685 1132 3741 lachm.
1185 3687 1244 3740 in
1290 3685 1466 3741 Lucr.
1514 3683 1590 3740 27
1637 3701 1722 3757 sq.
1783 3687 1958 3755 nihilo
2018 3690 2155 3756 libri
2337 3685 2417 3740 93
2473 3691 2529 3736 et
2585 3680 2790 3736 homini

476 3777 532 3823 ct
576 3769 816 3841 pecubus
863 3769 977 3840 (uel
1020 3768 1265 3842 pecudis)
1313 3769 1654 3842 Spenyelius
1710 3777 1765 3824 et
1823 3773 2050 3867 hom-m·l
2095 3781 2156 3839 et
2206 3766 2500 3842 pecudibus
2556 3766 2689 3819 libri
2745 3771 2800 3816 et

478 3853 787 3908 hominibus
821 3862 876 3908 et
906 3854 1126 3927 pecudis
1161 3854 1490 3909 Grauertus
1522 3855 1690 3910 Anal.
1728 3854 1852 3918 103
2054 3870 2144 3946 9ss
2190 3853 2368 3913 sobrio
2421 3849 2806 3901 Buecheler-us

476 3937 641 3993 sordo
675 3939 851 3994 Hau».
885 3946 940 3993 et
967 3955 1114 4009 pars
1146 3937 1599 3994 Krelalianorum
1633 3941 1797 3999 codd.
2148 3944 2264 4024 esd.
2290 3934 2433 3992 sordi
2458 3931 2628 3999 Sany.
2655 3929 2816 3982 Grut.

484 4022 621 4093 περ.
666 4022 868 4076 Bamb.
924 4023 1097 4094 Bony.
1147 4022 1327 4077 Bure».
1380 4023 1645 4091 c'arozir„
1695 3985 2012 4159 Spgn‘g’l„
2052 3977 2316 4141 Dfoffines
2357 4010 2558 4072 somma
2602 4011 2752 4080 Livs·
2794 4008 2824 4059 1

1945 4119 2066 4220 Ἢ
2406 4106 2464 4158 ¹²*
