3400 5075
1239 342 1629 394 1vvsu'r1vs
1700 342 2003 393 Lvscws
2688 338 2770 400 83
2851 362 2860 369 ·

1579 496 1680 562 ΙΠ

771 665 782 675 .
878 665 889 676 .
983 618 1178 698 caput
1224 614 1280 677 ei
1328 613 1618 677 {aestatim
1666 612 2024 696 diffregero.

1571 727 1668 792 IV

660 842 764 906 Ita
810 843 1070 906 tradidi:
1119 844 1271 926 quid
1318 842 1431 907 ni?
1480 865 1688 927 neque
1736 843 1852 906 hili
1903 840 2270 928 [existumo]

662 957 981 1021 Iudicium
1027 957 1269 1041 Aesopi
1316 960 1434 1022 nec
1480 958 1718 1022 theatri
1765 956 2028 1021 trittiles

665 1069 939 1158 [vocar]
1601 1160 1662 1225 V

664 1251 1042 1334 scrupipeda

1045 1497 1540 1584 Lvsolvs
1598 1406 2352 1583 hAVINIVff!
2655 1406 2800 1461 M*

1454 1700 1816 1767 PHASMA

664 1820 962 1884 Donatus
1017 1820 1083 1882 in
1143 1817 1284 1881 Ter.
1341 1840 1483 1882 eun.
1541 1819 1700 1902 prol.
1749 1818 1789 1881 9
1849 1818 2040 1881 ‘idem
2097 1817 2437 1882 Menandri
2495 1818 2776 1884 Phasma

487 1956 659 1998 nunc
714 1954 921 2017 nuper
975 1928 1173 2018 dedit]
1234 1932 1397 1997 bene
1453 1955 1627 1997 nunc
1681 1955 1915 2017 nuper,
1970 1935 2043 1997 ut
2099 1955 2175 1997 ex
2231 1934 2562 1998 uicinitate
2618 1935 2773 1999 facti

456 2049 790 2122 ‚ostendat
834 2048 996 2112 nihil
1026 2070 1165 2112 esse
1214 2048 1554 2112 dicendum
1583 2070 1777 2131 quam
1815 2048 2214 2131 displicuerit
2258 2047 2418 2113 haec
2447 2051 2776 2116 comoedia

487 2164 703 2228 Luscii
752 2164 1033 2247 Lauinii,
1088 2167 1433 2249 propinerea
1478 2162 1651 2246 quod
1696 2184 1799 2249 res
1844 2184 2067 2227 recens
2116 2164 2202 2227 sit
2256 2167 2323 2227 et
2377 2187 2601 2229 omnes
2647 2189 2776 2229 me-

487 2279 809 2343 minerint.
898 2278 1180 2343 Phasma
1236 2282 1451 2343 autem
1496 2300 1737 2343 nomen
1784 2281 1882 2342 est
1936 2277 2193 2342 fabulae
2240 2277 2621 2343 Menandri?

491 2476 644 2525 Varr.
693 2475 820 2524 lect.
866 2473 941 2523 IV
982 2476 1043 2524 19
1080 2474 1403 2525 iuuentus
1451 2475 1643 2523 Petau.
1689 2472 1852 2523 Voss.
1900 2471 2080 2524 Germ.
2126 2472 2302 2535 Lugd.
2351 2473 2487 2539 Reg.
2537 2474 2776 2525 inuen-

488 2550 589 2593 tus
636 2544 762 2593 Par.
807 2544 1137 2592 terentius
1175 2541 1366 2608 Magi.)
1573 2541 1656 2592 111
1692 2539 1974 2592 Charisius
2010 2542 2061 2591 11
2098 2558 2149 2607 p.
2190 2543 2284 2591 196
2317 2541 2379 2595 P.
2431 2545 2779 2595 ‘testatim

485 2612 798 2662 quentius:
838 2616 1002 2674 caput
1028 2611 1079 2659 ei
1106 2615 1145 2659 t.
1173 2610 1247 2658 d.’
1321 2610 1427 2658 Hic
1465 2609 1613 2659 locus
1641 2609 1753 2658 ima
1776 2608 1988 2659 codicis
2012 2610 2219 2675 pagina
2244 2610 2479 2674 scriptus
2504 2626 2572 2660 ac
2609 2626 2779 2676 prope

486 2678 752 2728 euanidus
790 2677 1132 2727 desideratur
1177 2678 1235 2725 in
1280 2677 1362 2726 ed.
1399 2691 1499 2742 pr.‚
1552 2676 1770 2727 additus
1810 2681 1895 2726 est
1932 2693 1965 2726 a
2002 2676 2262 2727 Putschio
2306 2692 2372 2726 ex
2409 2677 2599 2727 codice
2636 2678 2782 2728 Dou-

487 2761 611 2807 sae,
650 2746 686 2794 i.
726 2760 773 2798 e.
821 2760 885 2795 ex
934 2745 1249 2795 conlatione
1296 2745 1470 2793 nostri
1517 2744 1725 2794 codicis
1774 2743 1927 2794 facta
1972 2761 2004 2792 a
2050 2746 2258 2794 Dousa.
2330 2745 2517 2795 Verba
2552 2746 2781 2795 iuuen-

485 2815 623 2863 tius
659 2818 866 2877 caput
904 2813 1081 2861 minus
1109 2817 1260 2862 certa
1286 2812 1395 2862 sibi
1422 2813 1748 2876 apparuisse
1774 2816 2014 2862 testatur
2039 2813 2106 2861 Η.
2137 2811 2366 2864 Keilius.
2504 2813 2581 2861 IV
2607 2813 2780 2863 Varro

486 2880 610 2929 del.
639 2880 702 2930 L.
727 2879 958 2930 vl1104
984 2880 1056 2931 M.
1097 2883 1273 2928 ‘sues
1310 2879 1721 2929 auolauerat
1755 2880 1854 2928 ita
1891 2879 2202 2929 tradede'
2241 2896 2288 2930 e.
2323 2895 2373 2942 q.
2411 2894 2455 2928 s.
2531 2879 2779 2930 Disserui

488 2947 554 2996 de
602 2948 706 2997 hoe
750 2947 901 3009 locu,
948 2962 1107 3011 quem
1156 2946 1284 2996 olim
1331 2948 1476 2996 inter
1525 2945 1794 3010 palliatae
1844 2948 1950 2996 inc.
2001 2946 2067 2996 fr.
2106 2946 2280 3008 (XIX)
2329 2946 2684 3010 rettuleram,
2722 2950 2778 2997 in

489 3014 780 3066 corollario
835 3013 931 3077 (cf.
982 3030 1117 3064 mus.
1167 3014 1342 3063 Rhen.
1387 3013 1595 3064 XXVII
1644 3016 1766 3077 183,
1821 3013 1916 3062 ubi
1973 3015 2188 3064 conieci
2241 3013 2579 3063 scribendum
2630 3031 2776 3064 esse:

484 3083 799 3132 luent-ius
847 3081 926 3132 ab
962 3081 1176 3131 ulula:
1222 3082 1321 3130 ita
1369 3080 1625 3130 tradidi
1665 3097 1712 3131 e.
1750 3097 1801 3146 q.
1842 3081 1905 3142 s.)
2093 3082 2140 3131 V
2176 3081 2353 3131 Varro
2388 3080 2456 3130 de
2495 3081 2528 3130 l.
2569 3082 2632 3131 L.
2674 3083 2773 3133 Vll

485 3153 550 3199 65
583 3151 656 3203 M.
696 3149 1167 3214 ‘scrupipedas
1203 3147 1457 3199 Aurelius
1483 3148 1679 3197 scribit
1717 3149 1786 3198 ab
1821 3148 2180 3214 scauripeda:
2217 3149 2502 3197 quentius
2539 3150 2780 3198 comicus

486 3218 707 3268 dicebat
745 3233 778 3265 a
815 3216 1109 3266 uermiculo
1136 3216 1338 3281 pilose,
1378 3217 1470 3280 qui
1506 3214 1649 3266 solet
1677 3230 1799 3266 esse
1826 3218 1882 3264 in
1911 3216 2101 3266 fronde
2141 3231 2263 3265 cum
2300 3216 2487 3266 multis
2524 3216 2778 3281 pedibus3

485 3285 744 3334 Valerius
781 3299 814 3333 a
851 3284 992 3350 pede
1035 3300 1101 3333 ac
1136 3287 1409 3348 scrupea)

621 3354 851 3403 Passus
922 3348 1159 3415 ‘[Vtrum
1196 3366 1327 3416 ergo
1362 3350 1467 3399 hoc
1513 3349 1665 3401 dieat
1711 3351 1853 3416 quod
1898 3356 2069 3401 totam
2117 3349 2362 3399 fabulam
2400 3350 2782 3401 transferendo

487 3419 714 3469 laeserit
759 3420 992 3469 Luscius
1036 3418 1333 3480 Lauinius,
1381 3433 1453 3467 an
1500 3418 1603 3467 hoe
1650 3423 1891 3481 tantum,
1943 3418 2010 3467 de
2058 3432 2161 3482 quo
2209 3416 2607 3490 reprehendat,
2656 3419 2779 3468 sed’

488 3487 639 3549 (fort.
687 3487 815 3548 τρι’)
862 3486 973 3534 ‘his
1030 3487 1210 3549 signis
1256 3455 1390 3535 uelit
1446 3485 1732 3535 ostendere
1779 3500 1942 3548 quam
1989 3485 2143 3534 dicat
2188 3479 2390 3534 uitiose
2440 3485 2778 3535 Thesaurnm

487 3554 875 3619 composuisse,
931 3558 991 3602 ut
1033 3553 1091 3602 in
1134 3553 1416 3603 Thesauro
1471 3553 1545 3601 sit
1590 3553 1782 3618 culpa,
1819 3568 1926 3602 non
1974 3553 2030 3601 in
2077 3549 2453 3616 Phasmate?]’
2543 3553 2700 3602 Haec
2750 3571 2782 3602 a

487 3623 706 3671 Donato
745 3620 929 3670 aliena
954 3620 1229 3670 uidentur.
1303 3620 1499 3670 deinde
1549 3621 1719 3669 enim.
1759 3619 1925 3669 ‘hanc
1965 3619 2209 3670 fabulam
2247 3623 2420 3668 totam
2446 3620 2686 3683 damnat,
2722 3627 2784 3669 ut

489 3694 746 3754 apparet,
794 3687 1041 3738 silentio.
1078 3688 1416 3738 Thesaurum
1464 3703 1597 3737 uero
1640 3703 1748 3737 non
1791 3692 1989 3748 totum,
2027 3686 2124 3736 sed
2163 3700 2230 3734 ex
2265 3700 2370 3735 uno
2412 3685 2576 3738 loco)
2650 3689 2781 3737 Me-

486 3757 729 3806 nandri
764 3770 961 3887 upmen
988 3755 1231 3805 additum
1267 3760 1492 3821 propter
1518 3751 1721 3820 Φάσμα
1747 3754 2085 3805 Philemonis
2113 3744 2341 3818 (Φάσμα
2365 3740 2398 3820 ἢ
2426 3745 2783 3820 Φιλάργυρος

487 3824 795 3890 Theognefi

660 4002 694 4058 7
741 4001 1046 4074 dess'regcro
1096 4003 1219 4057 cod.
1266 4000 1552 4074 desi-egero
1597 4002 1911 4058 Putscln‘us
2078 4001 2115 4058 8
2160 4017 2283 4074 sqq.
2326 4005 2610 4072 praemisi
2651 4003 2780 4057 olim

490 4103 582 4140 sus
613 4085 925 4141 auolauerat
969 4092 1030 4141 ut
1075 4089 1278 4142 comici
1311 4093 1523 4157 poetae
1553 4087 1736 4142 uerba
1866 4086 2083 4142 tradede
2115 4103 2168 4158 q.
2199 4087 2253 4140 in
2299 4102 2358 4140 re
2402 4102 2527 4158 neq.
2562 4087 2615 4140 in
2647 4085 2782 4141 iudi-

488 4172 630 4225 cium
677 4172 831 4244 esopi
876 4171 1023 4240 cod„
1069 4185 1222 4243 quae
1277 4173 1573 4243 συνήθει-ε
1630 4178 1875 4226 conatus
1920 4187 2074 4227 sum.-
2130 4177 2390 4242 poteram
2437 4173 2608 4224 etiam
2655 4170 2782 4242 quid

489 4254 579 4310 ui?
646 4271 822 4328 neque
879 4253 1031 4309 flocci
1077 4256 1343 4310 existumo
1402 4257 1495 4309 uel
1552 4254 1680 4327 quin
1741 4256 1905 4310 uere?
1972 4271 2148 4327 neque
2206 4255 2360 4310 nauci
2416 4253 2562 4325 (siue
2607 4254 2783 4322 flocci)

490 4346 762 4409 aestuum,
807 4354 916 4394 nec
960 4337 1220 4409 diffiteor
1250 4353 1463 4393 omnem
1495 4338 1668 4393 huius
1710 4341 1824 4394 Ioci
1853 4341 2301 4394 emendationem
2346 4342 2625 4394 incertam
2660 4355 2785 4394 esse

2307 4431 2378 4484 6*
