3400 5075
613 299 772 380 ,318
1285 301 1616 355 Numan
1652 301 1815 353 st
1850 301 2315 357 ΒΕΝΤΕΝΤΙΑΕ

832 455 1056 521 Cuiul's
1103 457 1311 522 dolori
1357 457 1708 522 remedium
1755 460 1856 522 est
1901 459 2281 542 patientia*
2842 484 2943 531 106

829 571 1081 637 Cotidie
1127 573 1474 638 damnatur
1518 574 1626 656 qui
1674 575 1926 656 semper
1971 574 2221 639 timet.*
2873 598 2943 646 95

829 687 990 753 Cum
1037 687 1200 753 ustia
1244 692 1548 773 prosunt,
1593 691 1820 773 peccat
1864 689 1975 773 qui
2021 692 2193 754 recte
2237 690 2459 755 facin*
2841 714 2942 761 110

828 803 1298 869 Contumeliam
1343 826 1462 869 nec
1507 804 1720 869 facere
1766 806 1918 888 pote
1963 826 2081 869 nec
2126 806 2448 890 ingenuus
2494 805 2650 890 pati.
2842 828 2943 876 778

659 921 786 985 100
831 919 1243 985 Conscientia.
1288 920 1489 987 animi
1535 920 1748 985 nullas
1795 918 2050 984 inuenit
2093 920 2356 1007 linguae
2402 922 2687 1006 preces*
2842 942 2946 992 504

827 1034 974 1100 Cito
1023 1033 1466 1120 improborum
1511 1036 1684 1099 laeta
1729 1036 1809 1100 ad
1858 1037 2205 1120 perniciem
2252 1037 2537 1103 cadunt.¹
2878 1059 2947 1107 90

831 1150 1176 1217 Odntemni
1203 1155 1303 1216 est
1332 1147 1655 1237 [sapienti]
1687 1152 1952 1236 grauius
1980 1153 2175 1236 quam
2205 1153 2518 1218 stultitiae
2547 1154 2811 1237 percuti.
2843 1175 2945 1223 574

831 1265 1083 1331 Cotidie
1130 1271 1231 1332 est
1276 1266 1554 1331 deterior
1599 1269 1919 1351 postericsr
1965 1268 2167 1332 dies*
2880 1290 2949 1338 96

829 1381 1081 1448 Comes
1127 1380 1476 1447 facundus
1521 1382 1599 1447 in
1646 1381 1768 1447 uia
1812 1399 1943 1465 pro
1989 1381 2326 1463 uehiculo
2372 1382 2546 1449 est*
2718 1421 2731 1432 ·
2879 1404 2944 1453 91

659 1499 786 1564 105
832 1497 1091 1563 Crimen
1138 1499 1446 1583 relinquit
1489 1495 1665 1562 ustae
1713 1499 1824 1582 qui
1869 1501 2143 1563 mortem
2191 1499 2503 1584 appetiu*
2881 1519 2948 1567 97

830 1613 963 1680 Cui
990 1613 1156 1697 plns
1184 1613 1358 1679 licet
1384 1630 1598 1694 quam
1625 1614 1757 1696 par
1783 1614 1929 1696 est,
1976 1612 2143 1696 plus
2171 1612 2338 1678 uult
2364 1615 2575 1694 quam
2607 1612 2834 1679 lieet!
2851 1634 2951 1684 104

658 1773 1127 1826 TESTIMONIA.
1200 1774 1570 1832 EXEMPLA.

788 1845 855 1894 96
897 1842 1228 1892 Vincentius
1274 1842 1414 1895 Bell.
1457 1858 1539 1908 sp.
1588 1841 1639 1892 d.
1677 1843 1738 1903 4,
1785 1844 1868 1896 79.
1919 1844 2015 1892 112
2207 1845 2273 1894 99
2319 1841 2527 1894 Seneca
2574 1847 2821 1894 controu.
2864 1842 2948 1893 111

654 1909 850 1976 praef..
888 1909 1181 1960 ‘Albucius
1216 1925 1322 1960 non
1358 1909 1491 1960 tulit
1526 1908 1912 1959 contumeliam
1939 1949 1953 1966 .
1978 1946 1992 1958 .
2018 1945 2032 1960 .
2068 1909 2256 1960 homo
2293 1926 2586 1961 summae
2632 1910 2950 1976 probita-

651 1980 773 2039 tis,
810 1979 921 2042 qui
959 1993 1080 2027 nec
1118 1977 1350 2027 facere
1388 1977 1705 2028 iniuriam
1743 1992 1867 2027 nec
1905 1978 2046 2043 pati
2083 1979 2347 2029 scii-ew
2489 1980 2579 2029 101
2620 1978 2950 2028 Vincentius

652 2046 790 2098 Bell.
827 2061 909 2112 sp.
949 2045 1000 2096 d.
1037 2049 1085 2104 4,
1126 2048 1222 2096 159
1364 2046 1459 2095 102
1496 2044 1804 2095 Salomonis
1841 2046 2091 2110 prouerb.
2126 2048 2208 2108 10,
2233 2047 2266 2096 8
2303 2047 2436 2097 ‘urit
2469 2047 2783 2112 increpatio
2818 2061 2949 2111 pru-

652 2113 873 2164 dentem
898 2114 1076 2194 magis
1102 2128 1264 2177 quam
1291 2114 1337 2163 si
1366 2113 1647 2177 percutias
1672 2112 1934 2164 stolidum
1959 2114 2209 2164 centies.’
2316 2117 2414 2165 103
2448 2113 2822 2178 Paroemiogr.
2853 2114 2946 2165 Gr.

651 2182 708 2231 11
733 2184 795 2232 57
822 2197 874 2231 n.
902 2184 963 2232 17
991 2179 1082 2232 αεὶ
1107 2173 1179 2232 τὰ
1202 2177 1405 2245 πέρυσι
1434 2178 1657 2242 βελτίω.
1717 2179 1934 2232 Seneca
1957 2181 2251 2232 Phaedrae
2285 2197 2338 2232 u.
2367 2182 2467 2233 784
2503 2182 2770 2247 ‘horaque
2797 2181 2949 2233 Sem-

652 2265 752 2316 per
774 2251 1084 2315 praeterita
1108 2248 1349 2299 deterior
1373 2249 1566 2300 subit?
1710 2251 1807 2300 104
1831 2248 2043 2299 Gellius
2069 2248 2227 2299 XVII
2256 2252 2316 2299 14
2351 2248 2669 2300 Macrobius
2693 2248 2811 2300 sat.
2835 2249 2889 2300 11
2916 2251 2946 2299 7

651 2318 801 2381 (uide
838 2318 908 2368 sd
933 2314 1022 2384 55)
1066 2315 1146 2368 103
1183 2317 1622 2368 Saresberiensis
1668 2316 1870 2367 Policr.
1908 2316 2043 2368 VIII
2086 2319 2145 2366 14
2252 2372 2271 2382 ὀ
2310 2319 2406 2368 105
2442 2316 2530 2367 cf.
2568 2316 2781 2367 Seneca
2817 2317 2946 2367 Exc.

651 2385 911 2435 Controu.
948 2386 1000 2448 8,
1038 2387 1069 2434 4
1107 2401 1157 2449 p.
1180 2386 1301 2447 427,
1343 2387 1406 2435 13
1442 2384 1540 2434 Bu.
1581 2384 1802 2438 ‘nescio
1827 2385 1982 2435 cuius
2007 2384 2251 2435 criminis
2287 2384 2396 2434 sibi
2418 2385 2676 2436 conscius
2700 2385 2950 2448 confugit

823 2539 903 2595 96
950 2539 1101 2593 cuius
1164 2536 1321 2593 Vinc.
1494 2544 1580 2592 est
1624 2535 1920 2592 remedium
1967 2540 2221 2611 patientia
2284 2539 2329 2594 V
2356 2540 2609 2612 patientia
2654 2536 2946 2593 remedium

650 2633 731 2679 est
796 2624 952 2680 Vinc.
999 2621 1062 2694 4,
1111 2621 1229 2677 112
1402 2622 1480 2679 97
1528 2620 1808 2677 damnator
1853 2614 1929 2677 pb
1988 2625 2320 2679 exanimatur
2369 2624 2668 2681 Nauckius
2715 2641 2776 2694 p.
2824 2622 2943 2679 397

821 2726 869 2763 c.
918 2716 1093 2762 morte
1149 2706 1414 2763 mulcatur
1470 2706 1562 2778 qui
1607 2722 1729 2761 cum
1788 2708 1979 2763 timore
2022 2710 2384 2764 conscientiae
2431 2725 2559 2765 suae
2606 2716 2857 2764 uersatur
2907 2707 2955 2762 T

823 2793 903 2850 98
948 2790 1184 2865 produnt
1231 2791 1276 2848 C
1442 2798 1625 2865 peccat
1669 2808 1776 2847 om.
1807 2789 1847 2866 β
2020 2794 2099 2850 99
2145 2811 2253 2849 om.
2305 2794 2365 2861 V,
2412 2796 2516 2850 sed
2556 2794 2638 2866 cf.
2681 2811 2739 2849 u.
2784 2795 2825 2848 l.
2872 2792 2954 2849 ad

653 2898 709 2935 u.
762 2878 882 2936 100
1053 2893 1154 2932 nec
1199 2877 1371 2932 facere
1415 2879 1629 2947 scripsi
1654 2892 1756 2931 nec
1799 2876 1958 2933 sortis
1996 2875 2198 2952 ΟῑΤβ,
2242 2878 2605 2936 Pantkaleon
2635 2893 2743 2934 non
2790 2876 2949 2933 sortis

655 2964 988 3036 Stephanus
1031 2978 1132 3018 ncc
1175 2962 1350 3017 facere
1406 2962 1566 3016 fortis
1611 2958 1848 3034 Inyolst.
2064 2973 2192 3036 pote
2239 2964 2525 3021 Gruterus
2577 2970 2761 3036 potest
2807 2961 2956 3017 CLT

652 3042 753 3123 poi
781 3045 822 3123 β
993 3062 1090 3103 nec
1119 3063 1326 3121 egenus
1359 3046 1499 3101 serre
1538 3045 1593 3101 T
1751 3047 2023 3120 ingenuus
2047 3051 2264 3118 partim
2293 3051 2351 3104 in
2388 3065 2508 3105 ras.
2542 3048 2599 3102 F
2631 3050 2863 3120 ingenus
2894 3046 2946 3101 R

653 3136 883 3207 ignauus
925 3132 1233 3189 Froeltliclz
1402 3130 1783 3187 contumeliam
1824 3148 1924 3187 nec
1967 3133 2237 3205 ingenuus
2294 3133 2400 3188 sert
2446 3150 2546 3188 nec
2603 3132 2762 3187 sortis
2822 3130 2945 3186 facit

655 3221 944 3275 Gruterus
968 3215 1344 3273 contumeliam
1376 3232 1474 3271 nec
1519 3215 1677 3269 sortis
1723 3215 1832 3271 sert
1861 3232 1959 3271 nec
2001 3217 2271 3289 ingenuus
2318 3218 2442 3272 facit
2487 3216 2604 3292 (uel
2630 3232 2731 3271 nec
2773 3215 2947 3271 facere

654 3312 785 3377 pote
842 3318 1020 3376 neque
1073 3303 1110 3356 i.
1165 3299 1245 3375 p.)
1304 3301 1549 3356 Botkius
1635 3300 1726 3371 Cf.
1786 3299 1930 3357 240.
1987 3301 2105 3358 651
2302 3302 2425 3359 100
2477 3302 2861 3358 conscientiam
2906 3296 2946 3373 β

650 3387 975 3446 contumelia
1038 3388 1098 3455 V,
1143 3391 1481 3457 corruptum
1512 3399 1590 3441 ea:
1619 3403 1677 3439 u.
1712 3385 1790 3441 99
1963 3386 2121 3442 animi
2155 3386 2278 3453 BP,
2328 3387 2685 3443 Panthaleon
2716 3385 2867 3440 amici
2894 3384 2948 3439 B

652 3489 961 3545 suprascr.
1015 3490 1088 3528 m.
1145 3486 1261 3528 sec.
1310 3470 1461 3527 CFR
1479 3467 1564 3544 Vss
1736 3469 1910 3525 nullas
1955 3472 2022 3538 P,
2070 3472 2372 3528 Bentleius
2414 3471 2596 3527 nullus
2641 3466 2737 3544 Ββ
2788 3469 2943 3525 Tria.

655 3559 890 3628 ηιιΙΙίυε,
935 3558 1041 3613 sed
1080 3558 1163 3611 ius
1206 3559 1265 3612 in
1310 3571 1434 3612 ras.
1479 3556 1536 3608 F
1573 3554 1773 3609 nullius
1807 3555 1904 3611 CR
1926 3556 1988 3627 V,
2023 3556 2385 3612 Panthaleon
2552 3548 2715 3629 ficeps
2758 3551 2799 3628 β

657 3644 774 3702 101
811 3642 913 3699 ΟΕ
1058 3634 1145 3717 ad]
1176 3642 1231 3696 in
1263 3641 1572 3697 Fabricius
1725 3640 1842 3697 102
1874 3648 1935 3696 ut
1976 3644 2236 3713 spurium
2280 3642 2503 3698 notauit
2562 3639 2946 3711 Woelfflinus‚

654 3730 1045 3801 septenarium
1077 3730 1306 3782 restitui
1331 3729 1548 3782 inserto
1593 3724 1850 3797 sapienti:
1897 3745 1952 3782 u.
2000 3742 2184 3798 supra
2217 3725 2536 3783 Salomonis
2561 3743 2735 3798 prou.
2864 3732 2948 3778 est

656 3814 878 3888 grauius
918 3813 1055 3868 libri
1095 3820 1180 3866 est
1223 3810 1397 3866 leuius
1442 3812 1727 3866 Erasmus
1897 3810 2158 3868 stultitiae
2204 3811 2329 3882 PR,
2374 3830 2482 3868 om.
2532 3810 2578 3866 C
2616 3810 2846 3867 stultitia
2892 3808 2948 3861 B

652 3913 955 3971 suprascr.
1002 3912 1114 3955 sec.
1157 3914 1226 3952 m.
1275 3897 1331 3951 F
1345 3893 1427 3970 Ρβ
1470 3893 1642 3951 stulte
1686 3895 1744 3949 B
1912 3914 1959 3950 c.
2018 3896 2193 3951 leuius
2250 3896 2513 3952 stultitiae
2558 3895 2675 3967 (uel
2724 3894 2944 3969 grauius

655 3980 971 4057 sapientiae)
1015 3989 1100 4036 est
1145 3996 1302 4055 quam
1344 3997 1395 4053 p.
1447 3980 1734 4037 Gruterus
1776 3996 1823 4034 c.
1872 3982 2094 4053 grauius
2140 3982 2367 4053 sapienti
2412 3990 2496 4037 est
2541 3997 2700 4054 quam
2744 3998 2797 4053 p.
2831 3979 2946 4034 Ba·

653 4070 823 4136 thius,
870 4082 1034 4139 quem
1065 4067 1192 4122 olim
1221 4074 1455 4123 secutus
1496 4081 1618 4122 sum
1754 4065 1874 4122 103
1907 4064 1965 4133 C,
2008 4084 2115 4122 om.
2162 4064 2214 4118 V
2335 4084 2386 4139 p.
2436 4064 2601 4138 rudes,
2639 4080 2945 4138 suprascr.

655 4169 772 4212 sec.
804 4171 878 4208 m.
910 4151 1022 4207 dies
1055 4152 1111 4205 B
1138 4150 1254 4207 dies
1282 4151 1555 4224 posterior
1583 4150 1640 4205 F
1810 4149 1925 4207 104
1959 4168 2063 4207 om.
2101 4151 2154 4207 R
2289 4143 2579 4226 facundus]
2612 4151 2734 4206 iacit
2765 4149 2871 4205 (lux
2905 4148 2951 4203 C

826 4236 1088 4293 facundus
1117 4252 1299 4291 comes
1329 4235 1481 4291 Med.
1513 4254 1549 4291 a
1581 4235 1881 4304 Macrobii,
1928 4235 2389 4292 Saresberiensis
2559 4251 2661 4308 pro
2693 4233 2945 4291 uehiculo

657 4330 738 4379 est
784 4325 839 4379 in
884 4324 969 4379 uia
1021 4323 1071 4377 T
1238 4322 1357 4380 106
1403 4339 1507 4378 om.
1552 4322 1688 4378 libri
2344 4338 2349 4343 ·
