3400 5075
1227 1330 1576 1418 SERMO
1649 1330 2121 1417 OOMIOVS.

530 1663 583 1713 A
643 1665 798 1715 uenit
836 1681 870 1712 a
915 1662 1051 1712 uilla
1085 1658 1254 1712 Atell.
1293 1659 1401 1711 inc.
1446 1673 1588 1714 nom.
1625 1663 1659 1710 2

601 1731 833 1782 recedas
873 1748 904 1779 a
945 1746 1026 1779 me
1064 1727 1259 1792 Pomp.
1299 1733 1364 1779 43
1401 1746 1434 1777 a
1472 1730 1659 1793 pueris

600 1800 875 1851 abscessit
896 1795 1080 1848 Naeu.
1105 1796 1200 1846 26ι
1230 1796 1416 1862 procul
1443 1794 1521 1860 (a)
1561 1812 1654 1846 no-

601 1874 720 1918 stra
741 1864 953 1929 Afran.
978 1868 1080 1914 400
1107 1881 1140 1912 a
1168 1901 1180 1914 .
1208 1901 1219 1912 .
1246 1864 1448 1928 pudore
1472 1903 1484 1914 .
1506 1901 1518 1913 .
1541 1880 1658 1929 pro·

601 1935 753 1998 gredi
776 1931 978 1983 Labor.
1006 1936 1071 1982 34
1107 1948 1140 1980 a
1165 1937 1321 1994 tergo
1358 1933 1658 1994 insequens

598 2000 748 2052 Pan.
795 1999 905 2052 inc.
949 1999 1061 2050 inc.
1101 2002 1168 2049 43
1214 2016 1247 2048 a
1294 1999 1466 2047 labris
1495 2037 1505 2048 .
1535 2036 1547 2047 .
1575 1999 1653 2046 in·

599 2074 763 2119 uocat
816 2066 1000 2121 Naeu.
1062 2070 1127 2118 78
1200 2083 1233 2117 a
1292 2073 1346 2126 te
1419 2067 1658 2130 recipiat

598 2136 793 2201 Pomp.
829 2140 861 2186 9
910 2153 944 2186 a
981 2151 1065 2185 me
1111 2140 1198 2184 est
1241 2135 1447 2199 praemi
1487 2130 1656 2197 Turp.

599 2209 699 2254 209
738 2220 771 2253 a
798 2241 809 2253 .
837 2241 850 2253 .
886 2210 1045 2268 patre
1091 2203 1234 2266 quod
1273 2218 1457 2252 sumas
1497 2198 1654 2251 Gaec.

599 2275 700 2323 204
737 2272 941 2336 sumpsi
969 2307 981 2319 .
1008 2309 1021 2323 .
1048 2286 1082 2319 a
1117 2272 1320 2320 Latino
1355 2266 1563 2331 Afran.
1592 2272 1658 2319 28

603 2358 636 2389 a
679 2341 800 2389 niro
845 2342 902 2388 in
946 2338 1139 2389 etrarit
1187 2333 1342 2388 Caec.
1386 2340 1482 2387 154
1526 2353 1560 2386 a
1602 2341 1655 2386 te

603 2407 818 2472 postulo
914 2419 1023 2456 aec·
1064 2408 1160 2456 139
1199 2404 1277 2470 (a)
1325 2406 1566 2454 stultitia
1602 2441 1613 2453 .
1641 2441 1653 2453 .

602 2480 796 2540 petunt
841 2474 1127 2524 consilium
1173 2469 1348 2523 Titin.
1396 2475 1462 2522 95
1510 2490 1542 2521 a
1596 2487 1653 2522 se

599 2545 773 2602 amari
811 2539 983 2606 Turp.
1021 2545 1087 2593 84
1135 2558 1168 2591 a
1204 2543 1442 2591 Laribus
1488 2541 1656 2590 missa

601 2609 812 2674 Afran.
858 2613 958 2661 277
1006 2627 1040 2659 a
1098 2609 1296 2674 populo
1345 2609 1656 2660 consectari

600 2677 797 2730 Labor.
827 2680 925 2727 142
962 2694 995 2727 a
1025 2677 1228 2741 frigore
1257 2678 1442 2728 secere
1469 2717 1481 2730 .
1512 2712 1526 2727 .
1554 2677 1654 2727 Sa-

602 2747 846 2796 turnalia
881 2742 1114 2794 Mumm.
1153 2748 1184 2795 3

535 2811 603 2863 ab
661 2814 825 2878 longe
865 2813 935 2863 ab
973 2812 1105 2860 urbe
1140 2808 1333 2873 Pomp.
1358 2814 1424 2861 45
1460 2812 1656 2862 abesse

604 2882 672 2930 ab
728 2880 919 2929 lustris
965 2875 1171 2940 Afran.
1219 2880 1319 2926 242
1367 2879 1435 2927 ab
1482 2880 1658 2928 amica

602 2947 833 2997 abduxit
867 2942 1045 2995 Naeu.
1089 2947 1186 2994 110
1233 2944 1300 2992 ab
1349 2943 1442 2993 illo
1489 2945 1657 2994 abdu-

601 3030 724 3064 cere
760 3010 966 3075 Afran.
1002 3014 1098 3061 301
1140 3011 1360 3060 abeatis
1397 3011 1467 3061 ab
1504 3012 1659 3075 igna-

601 3083 696 3131 uia
729 3078 912 3131 Naeu.
933 3082 998 3129 92
1036 3079 1105 3127 ab
1143 3078 1343 3143 oppido
1381 3092 1657 3143 processe·

601 3156 690 3198 rat
734 3144 785 3197 T
891 3189 902 3200 .
949 3149 1014 3197 97
1072 3147 1142 3196 ab
1201 3146 1302 3195 llio
1348 3147 1656 3208 Numquam

603 3215 816 3266 recedis
905 3210 1074 3264 arull.
1105 3214 1173 3263 ab
1201 3213 1333 3262 lana
1359 3251 1371 3263 .
1399 3253 1412 3266 .
1440 3214 1508 3262 ad
1537 3228 1658 3277 pur·

605 3299 796 3348 puram
821 3282 956 3332 data
982 3277 1156 3332 Titia.
1177 3285 1208 3332 3
1234 3279 1350 3345 (ab)
1372 3281 1475 3330 hac
1502 3281 1658 3330 domo

599 3352 877 3401 Abhorres
916 3346 967 3399 T
965 3347 1092 3399 itin.
1125 3352 1192 3400 40
1228 3349 1298 3398 ab
1338 3349 1432 3398 ino
1471 3348 1657 3398 abstu-

604 3419 669 3469 lit
717 3415 888 3484 Turp.
940 3420 1040 3468 203
1097 3416 1305 3482 sumpsi
1343 3456 1354 3465 .
1396 3455 1408 3467 .
1446 3417 1514 3466 ab
1564 3415 1657 3465 illo

600 3484 804 3549 Asrcm.
850 3488 916 3537 25
972 3485 1041 3535 ab
1090 3488 1267 3534 amico
1305 3524 1316 3535 .
1355 3522 1365 3533 .
1404 3485 1657 3548 accipere

606 3554 762 3605 Caco.
788 3557 887 3603 214
915 3553 1213 3617 expalpare
1252 3552 1319 3599 ab
1347 3552 1441 3601 ino
1465 3548 1659 3614 Pomp.

603 3626 667 3673 32
707 3623 775 3671 ab
815 3621 925 3671 alio
952 3624 1213 3685 expectes
1237 3616 1388 3672 Pall.
1413 3616 1522 3669 ine.
1546 3616 1661 3669 inc.

601 3693 666 3741 82
703 3690 883 3740 uereri
921 3704 979 3737 se
1006 3689 1075 3739 ab
1115 3688 1226 3739 suis
1251 3683 1457 3748 Afran.
1484 3690 1550 3737 34
1585 3687 1656 3736 ab

605 3758 767 3806 initio
805 3752 856 3806 T
853 3768 976 3820 πη).
1017 3757 1081 3805 14

533 3824 651 3875 abs
699 3829 753 3875 te
801 3838 1017 3873 seorsus
1065 3822 1298 3873 sentiam
1345 3818 1554 3885 Afran.
1591 3822 1658 3871 85

603 3893 701 3942 abs
748 3897 802 3941 te
850 3890 1144 3941 extrarium
1188 3887 1391 3952 Afran.
1429 3893 1530 3940 324
1575 3890 1656 3938 in-

605 3965 762 4025 petro
800 3958 900 4008 abs
927 3964 982 4007 te
1011 3954 1182 4022 Twrp.
1209 3960 1274 4009 87
1313 3958 1413 4007 abs
1450 3963 1504 4007 te
1543 3973 1656 4007 ere-

603 4030 771 4077 ditnm
809 4023 1015 4087 Afran.
1052 4028 1147 4076 321

534 4095 906 4145 Abderites
943 4089 1140 4143 Laber.
1177 4096 1242 4143 72

536 4164 866 4213 abdomen
901 4159 1096 4224 Pomp.
1138 4163 1233 4214 180

533 4232 603 4281 ab
651 4232 829 4280 amica
877 4229 1161 4279 abduxit
1205 4229 1376 4287 Naeu
1445 4232 1538 4279 110
1587 4229 1657 4279 ab

603 4299 698 4351 illo
738 4298 1011 4349 abducere
1047 4293 1253 4361 Afrum
1293 4301 1394 4356 301

1713 1661 1790 1710 ab
1808 1676 1881 1710 eo
1905 1656 2061 1712 Caec.
2096 1663 2188 1710 113
2217 1661 2335 1710 abit
2356 1659 2507 1713 Caec.
2535 1663 2635 1710 227
2660 1662 2827 1711 abea-

1781 1730 1855 1778 tis
1915 1729 1983 1779 ab
2048 1730 2274 1792 ignauia
2333 1724 2513 1778 Nacta.
2561 1731 2627 1778 92
2692 1729 2830 1778 abiit

1777 1793 1984 1858 Afran.
2020 1798 2084 1845 76
2132 1797 2275 1847 abiit
2312 1795 2468 1845 celox
2515 1793 2668 1846 Pall.
2716 1794 2827 1846 inc.

1778 1860 1924 1913 ina*
1948 1866 2013 1912 22
2053 1865 2191 1912 abiit
2228 1879 2457 1928 peregre
2493 1861 2665 1913 Titin.
2694 1863 2827 1914 133*

1781 1928 2355 1995 abieruntPomp.157
2370 1932 2460 1979 abi
2478 1927 2633 1981 Gaec.
2653 1934 2715 1982 77
2731 1933 2829 1981 178

1779 1995 1969 2064 226(*)
1995 1995 2203 2059 Afran.
2236 2001 2327 2048 137
2364 1999 2515 2049 abite
2547 1995 2696 2048 Nou.
2724 1998 2828 2048 88*

1712 2066 1955 2115 abhinc
1980 2067 2270 2116 triennium
2297 2062 2468 2129 Tum.
2498 2068 2593 2116 133
2630 2066 2830 2115 abhinc

1778 2148 1994 2182 menses
2031 2133 2168 2183 duos
2206 2131 2407 2183 Laber.
2450 2136 2510 2183 13

1711 2199 1828 2264 (ab)
1865 2201 1967 2250 hac
2004 2200 2161 2250 domo
2201 2201 2526 2251 abhorres
2564 2197 2738 2251 Titia.
2765 2204 2832 2250 40

1712 2269 2004 2317 abiciam
2051 2264 2231 2318 Naeu.
2269 2271 2337 2319 94
2382 2270 2602 2332 nuptias
2649 2268 2832 2318 abieci

1781 2332 1953 2398 Turp.
1997 2335 2090 2384 164

1713 2402 2052 2452 ablauium
2093 2398 2293 2453 Laber-
2330 2399 2438 2453 inc.
2476 2400 2593 2464 fab.
2630 2405 2787 2455 XVII

1710 2469 2044 2520 abscedat
2091 2467 2264 2535 Turp.
2301 2468 2373 2519 5*
2411 2488 2440 2519 a
2482 2473 2665 2535 pueris
2703 2472 2831 2522 abs-

1775 2539 1946 2589 cessit
1977 2534 2159 2593 Naeu.
2196 2537 2286 2588 26¹

1713 2607 2217 2657 abscondidisti
2253 2604 2447 2670 Pomp.
2485 2609 2549 2658 67
2595 2607 2833 2657 abscon-

1779 2675 1920 2724 didit
1961 2672 2116 2729 Caec.
2154 2676 2221 2724 40

1711 2742 2040 2792 absdedit
2075 2739 2224 2792 Nou.
2262 2741 2365 2791 34*

1712 2810 2113 2873 abstergete
2154 2804 2325 2859 Titia.
2363 2811 2427 2859 36

1711 2875 1943 2926 aedibus
1980 2892 2099 2925 eum
2137 2877 2479 2929 absterrui
2516 2872 2689 2931 Titin.
2724 2880 2791 2928 45

1716 2945 2104 2993 abstinebis
2148 2941 2355 3007 Afran.
2408 2947 2501 2994 129
2553 2944 2659 2993 hac
2709 2960 2830 2995 sese

1783 3012 2091 3061 abstineret
2129 3007 2301 3076 Turp.
2342 3014 2437 3062 163

1713 3078 1888 3129 clauis
1914 3116 1926 3128 .
1953 3115 1966 3129 .
2006 3079 2317 3129 abstrudi
2355 3081 2518 3129 iubeo
2558 3076 2733 3132 Titia.
2768 3083 2835 3130 44

1711 3142 1902 3197 absum
1947 3148 2144 3197 abest
2191 3147 2393 3196 iniuria
2442 3143 2599 3199 Caco.
2634 3150 2700 3197 47
2740 3149 2833 3196 ab·

1782 3230 1906 3265 esse
1954 3217 2022 3265 ab
2067 3215 2255 3264 lustris
2302 3214 2581 3278 ingenium
2626 3212 2835 3277 Afran.

1777 3283 1876 3331 242
1922 3283 2185 3332 absentes
2233 3276 2403 3344 Turp.
2448 3284 2547 3331 213
2604 3283 2832 3333 absente

1780 3349 1941 3399 nobis
1977 3346 2185 3411 Afran.
2226 3350 2257 3397 6

1712 3417 1990 3466 suauitate
2026 3415 2335 3466 abundat
2371 3412 2544 3480 Turp.
2586 3418 2683 3466 190

1713 3498 1791 3532 ac
1830 3480 1985 3535 Gaec.
2026 3486 2122 3534 160
2156 3485 2256 3533 239
2294 3478 2465 3547 Tua-p,
2501 3486 2533 3533 6
2567 3486 2633 3533 25
2670 3487 2735 3535 ⁶28
2770 3486 2836 3534 29

1778 3553 1841 3600 41
1882 3552 1988 3603 96*
2029 3554 2124 3601 100
2161 3553 2296 3601 160*
2336 3553 2431 3600 162
2472 3554 2568 3602 180
2611 3554 2704 3601 190
2740 3554 2834 3601 197

1778 3621 1879 3670 203
1913 3616 2122 3683 Afran.
2170 3620 2201 3668 9
2237 3620 2297 3667 41
2339 3620 2399 3669 61
2453 3622 2547 3669 147
2598 3621 2696 3669 1⁴8
2741 3622 2836 3669 192

1779 3689 1908 3737 202·
1932 3690 2033 3738 220
2057 3688 2155 3737 312
2181 3683 2377 3750 Pomp.
2400 3689 2495 3737 100
2525 3688 2612 3737 161
2638 3682 2836 3737 Laber.

1780 3756 1847 3803 42
1867 3771 2044 3820 aeque
2065 3755 2309 3818 profesto
2331 3755 2420 3816 (ac
2448 3754 2607 3816 festo)
2628 3750 2836 3815 Afran.

1713 3890 1967 3938 accedo
1995 3888 2084 3937 ‘ad
2133 3894 2185 3937 te
2232 3886 2436 3951 Afran.
2480 3891 2581 3939 415
2630 3888 2836 3938 accede

1780 3956 1849 4005 ad
1887 3971 2142 4021 sponsam
2183 3952 2233 4006 T
2230 3954 2357 4006 itin.
2387 3959 2499 4011 106Ι
2523 3956 2737 4006 accessi
2768 3955 2839 4004 ad

1781 4038 1933 4072 aram
1958 4020 2166 4085 Afran.
2199 4027 2295 4074 170
2322 4024 2392 4072 ad
2421 4029 2629 4089 patrem
2643 4021 2837 4087 Pomp.

1789 4092 1883 4140 170
1918 4091 2061 4139 istuc
2107 4090 2178 4139 ad
2224 4092 2425 4141 malam
2470 4096 2711 4141 aetatem
2750 4108 2839 4140 ac-

1784 4158 1960 4207 cessit
2008 4154 2184 4222 Twrp.
2226 4161 2321 4209 176
2368 4158 2437 4208 ad
2474 4160 2617 4208 hanc
2668 4158 2840 4207 fortn-

1787 4241 1918 4275 nam
1943 4228 2190 4276 accessit
2226 4228 2447 4276 fortuna
2472 4222 2609 4275 Atta
2637 4228 2698 4274 14
2723 4241 2843 4275 curn

1791 4299 1955 4347 aetas
1991 4301 2255 4346 accesset
2289 4290 2457 4357 Twrp.
2495 4296 2556 4342 59

2346 4372 2452 4428 26*
