3400 5075
667 333 793 397 314
1302 335 1630 392 PVBLILII
1668 336 1831 387 SYRI
1866 335 2324 389 SENTENTIAE

845 491 1177 557 Beneficia
1222 493 1408 578 plura
1455 492 1682 576 recipit
1727 494 1838 577 qui
1888 493 2009 557 scit
2052 493 2379 558 reddere*
2889 517 2957 564 47

844 607 956 671 Bis
1004 609 1260 692 peccas,
1306 629 1453 673 cum
1499 608 1794 693 peccdnti
1841 607 2222 693 obsequium
2268 610 2779 674 aoo6mmodas.*
2890 632 2957 680 63

831 722 1066 789 Bonus
1114 723 1367 788 §.nimus
1413 724 1625 788 laesus
1672 721 1937 809 grtiuius
1983 725 2188 790 multo
2234 725 2548 790 irescitur.
2893 747 2959 795 78

842 838 1029 904 Bona
1073 841 1247 904 mors
1293 843 1393 903 est
1444 839 1693 905 homini
1740 837 1916 905 uitae
1962 862 2126 925 quae
2172 839 2498 927 extinguit
2543 841 2777 906 mala.*
2889 863 2957 911 68

710 954 798 1020 55
844 953 1290 1020 Beneficium
1339 953 1567 1020 dando
1613 953 1886 1039 accepit
1910 955 2055 1037 ‘qui
2103 954 2320 1038 digne
2366 953 2631 1022 dedit-⁴*
2891 978 2959 1026 50

687 1097 761 1127 s
846 1068 1201 1154 Blandstia‚
1247 1092 1380 1135 non
1427 1071 1696 1156 imperio
1742 1073 1817 1136 fit
1861 1070 2068 1139 dulcis
2115 1071 2402 1138 Venus*
2891 1093 2957 1142 65

846 1186 1069 1252 Bonus
1116 1187 1370 1252 enimus
1399 1209 1753 1273 numquam
1783 1189 2024 1254 errainti
2071 1189 2450 1274 obsequium
2490 1188 2957 1254 adcommodat.

845 1300 1248 1367 Beneficium
1296 1303 1406 1388 qui
1453 1301 1705 1368 dedisse
1753 1326 1819 1368 se
1866 1303 2051 1388 diest,
2093 1305 2319 1389 petit*
2890 1325 2957 1372 53

844 1417 1141 1484 Beniuoli
1190 1420 1558 1485 coniunctio
1607 1419 1805 1484 animi
1851 1420 2131 1485 maxima
2177 1422 2276 1484 est
2320 1416 2690 1506 cogndtiof‘
2854 1439 2956 1488 503

668 1595 1135 1648 TESTIMONIA.
1208 1597 1580 1648 EXEMPLA.

796 1684 858 1734 51
899 1682 1190 1733 Menandri
1216 1684 1452 1734 Monost.
1480 1685 1579 1735 317
1607 1674 1798 1748 λαβών
1821 1674 2070 1744 ἀπόδος,
2109 1673 2413 1750 ἄνθρωπε,
2452 1680 2552 1735 καὶ
2579 1679 2738 1751 λήψῃ
2761 1679 2955 1735 πόλιν.

662 1750 990 1801 Vincentius
1026 1750 1168 1801 Bell.
1218 1767 1298 1816 sp.
1347 1750 1397 1800 d.
1432 1753 1491 1813 4,
1525 1753 1623 1818 53.
1753 1753 1819 1803 52
1854 1751 1998 1802 idem
2034 1755 2084 1813 4,
2126 1754 2238 1803 106.
2276 1754 2390 1803 168.
2428 1755 2478 1815 5,
2518 1755 2551 1804 8
2621 1751 2707 1804 cf.
2745 1751 2958 1802 Seneca

656 1817 855 1869 Troad.
894 1820 991 1869 291
1030 1819 1149 1882 ‘qui
1187 1834 1294 1869 non
1331 1822 1491 1870 uetat
1525 1835 1760 1884 peccare
1799 1833 1920 1869 cum
1958 1820 2157 1883 possit,
2193 1819 2386 1871 iubet.’
2525 1821 2592 1870 53
2628 1819 2957 1869 Vincentius

657 1885 799 1939 Bell.
844 1901 931 1951 sp.
968 1886 1018 1940 d.
1055 1888 1106 1947 4,
1147 1890 1242 1938 133
1279 1885 1365 1937 Cf.
1402 1885 1616 1937 caecil.
1648 1886 1808 1939 Balb.
1846 1887 2060 1941 Monac.
2104 1890 2191 1951 15,
2229 1889 2292 1938 15
2329 1905 2379 1953 p.
2406 1890 2473 1938 25
2509 1887 2706 1938 ‘bonus
2744 1887 2973 1938 amicus.

656 1953 843 2004 laesus
879 1970 930 2018 g’.
967 1954 1028 2006 l.’
1091 1953 1324 2004 Caecilii
1361 1954 1524 2005 Balbi
1559 1955 1734 2005 uerba
1771 1956 2012 2005 numeris
2048 1956 2131 2005 sic
2167 1955 2493 2007 concludas:
2530 1953 2737 2005 amicus
2772 1953 2957 2005 laesus

658 2021 882 2087 grduius
908 2020 1078 2072 multo
1114 2021 1390 2073 irescitur.
1526 2023 1593 2073 55
1630 2022 1843 2074 Gellius
1879 2023 2035 2074 XVII
2075 2025 2136 2074 14
2173 2022 2472 2074 ‘Publilius
2509 2023 2701 2073 mimos
2737 2022 2955 2087 scripti·

659 2091 803 2139 tauit
839 2129 852 2144 .
881 2127 892 2139 .
925 2129 936 2140 .
972 2088 1135 2140 huius
1172 2089 1399 2142 Publilii
1435 2090 1751 2141 sententiae
1780 2082 2029 2141 seruntur
2063 2091 2360 2156 pleraeque
2390 2089 2609 2155 lepidae
2636 2094 2692 2141 et
2717 2089 2784 2140 ad
2812 2105 2955 2140 com-

658 2172 872 2207 munem
899 2173 1206 2208 sermonum
1230 2173 1386 2208 usum
1412 2157 2008 2220 commendatissimum
2046 2175 2112 2209 ex
2150 2159 2348 2225 quibus
2383 2164 2513 2208 sunt
2547 2158 2694 2208 istae
2722 2156 2955 2222 singulis

545 2240 552 2248 ·
654 2225 903 2276 uersibus
928 2226 1404 2292 circumscriptae,
1444 2241 1581 2291 quas
1606 2226 1823 2278 libitum
1848 2226 2031 2277 hercle
2059 2231 2147 2277 est
2171 2226 2518 2278 adscribere:
2557 2223 2697 2290 [362.
2721 2227 2803 2276 55.
2842 2227 2955 2278 176.

661 2295 773 2344 106.
815 2295 927 2344 104.
969 2296 1082 2345 193.
1122 2295 1238 2347 221.
1280 2296 1392 2344 178.
1431 2296 1548 2344 264.
1584 2296 1704 2346 245.
1743 2295 1859 2345 645.
1899 2296 2016 2349 383.
2054 2297 2172 2346 416.
2207 2292 2358 2360 469]’
2397 2293 2708 2344 Macrobius
2744 2293 2860 2344 Sat.
2896 2293 2952 2343 11

654 2363 704 2422 7,
746 2363 808 2411 10
845 2361 1100 2412 ‘Publilii
1137 2367 1323 2412 autem
1358 2363 1673 2413 sententiae
1712 2363 1965 2414 feruntur
1997 2361 2217 2427 lepidae
2248 2368 2304 2413 et
2330 2362 2402 2413 ad
2428 2376 2765 2413 communem
2800 2375 2955 2411 nsum

654 2428 1291 2490 adcommodatissimae‚
1339 2446 1404 2481 ex
1455 2430 1654 2496 quibus
1699 2430 1803 2480 has
1849 2429 1967 2480 fere
2012 2431 2231 2480 memini
2276 2429 2510 2495 singulis
2554 2430 2807 2480 uersibus
2850 2429 2954 2478 cir-

657 2497 1028 2563 cumscriptas
1075 2493 1184 2563 [55.
1236 2500 1345 2548 176.
1397 2500 1509 2552 106.
1564 2500 1678 2549 104.
1729 2500 1839 2549 193.
1886 2500 2003 2549 221.
2055 2499 2164 2549 178.
2200 2500 2318 2553 264.
2354 2499 2469 2555 416,
2520 2498 2636 2550 469.
2682 2499 2800 2551 245.
2835 2498 2951 2548 645.

654 2561 803 2629 383]’
841 2563 918 2619 Io.
943 2563 1378 2617 saresberiensis
1403 2566 1604 2618 Polior.
1634 2567 1769 2619 V111
1810 2568 1872 2616 14
2010 2566 2075 2615 58
2112 2567 2433 2618 Vincentius
2456 2564 2593 2618 Bell.
2620 2566 2775 2635 spsd.
2812 2567 2865 2627 4,
2889 2568 2955 2615 52

656 2632 729 2682 cf.
766 2633 983 2683 Seneca
1020 2632 1088 2683 de
1128 2633 1312 2687 benef.
1349 2634 1401 2684 11
1445 2636 1524 2696 11,
1562 2636 1594 2684 2
1731 2636 1798 2686 59
1835 2634 2158 2684 Vincentius
2196 2635 2337 2686 Bell.
2377 2650 2459 2700 sp.
2500 2634 2551 2690 d.
2586 2637 2638 2697 5,
2672 2637 2740 2685 83

655 2813 907 2868 ΡΙιαεαν.
957 2808 996 2867 Ι
1034 2812 1094 2884 6,
1140 2812 1441 2869 Bentleius
1484 2828 1515 2868 e
1560 2814 1724 2869 codd.
1771 2817 1919 2880 suis,
1978 2816 2125 2869 male
2172 2814 2478 2885 probatum
2523 2832 2559 2868 a
2621 2812 2955 2884 Woelfflin«)

654 2897 792 2951 enim
838 2898 976 2952 mori
1020 2904 1105 2952 est
1147 2895 1401 2973 EFPRss
1436 2900 1746 2963 Erasmus,
1794 2902 1923 2954 item
1972 2899 2020 2953 B
2063 2900 2175 2954 nisi
2215 2900 2368 2971 quod
2410 2915 2528 2954 una
2578 2900 2774 2953 littera
2820 2903 2955 2953 ante

654 2983 787 3036 mori
820 2997 994 3037 erasa
1027 2987 1111 3037 est
1142 2983 1279 3037 mori
1309 2990 1394 3038 est
1424 2983 1531 3040 CV
1698 2981 1919 3038 arbitrio
1962 2984 2133 3039 emori
2166 2983 2453 3040 Gruterus
2624 2981 2699 3037 51
2751 2980 2842 3053 Cf.
2874 2982 2955 3037 60

822 3066 988 3121 multa
1020 3067 1348 3138 Gryphism.
1384 3068 1612 3140 plurima
1663 3068 1822 3124 Vino.
1999 3067 2191 3141 recipit
2222 3065 2427 3142 ΟΕιβ,
2470 3070 2586 3123 nisi
2627 3067 2781 3139 quod
2809 3082 2956 3122 rece-

652 3153 733 3224 pit
777 3151 831 3206 P
871 3150 974 3219 (pa
1020 3168 1176 3207 corr.
1223 3169 1292 3206 m.
1341 3151 1402 3223 2)
1447 3154 1652 3225 accepit
1700 3153 1860 3209 Vino.
2033 3152 2186 3226 plura
2232 3153 2436 3226 accepit
2482 3152 2763 3225 Scaliger,
2811 3151 2953 3207 bene

824 3234 902 3291 52
949 3238 1190 3308 peccanti
1226 3236 1339 3292 BE
1376 3233 1437 3311 β,
1484 3237 1770 3294 Erasmus
1813 3239 2016 3310 peccati
2047 3237 2100 3292 P
2140 3238 2373 3310 pcccatis
2404 3238 2458 3293 R
2503 3244 2723 3311 peccato
2757 3232 2955 3309 GFVss

671 3321 825 3376 Vinc.
918 3320 1008 3392 Cf.
1066 3320 1166 3376 57.
1228 3319 1347 3377 148
1533 3320 1844 3377 commodas
1892 3322 2257 3394 Godosredus
2452 3319 2702 3377 53—56
2747 3322 2953 3376 desunt

651 3408 710 3460 in
756 3405 812 3459 B
1013 3404 1094 3461 53
1143 3404 1232 3477 Cf.
1285 3405 1403 3461 178
1606 3406 1781 3462 multo
1827 3407 2047 3480 grauius
2092 3407 2150 3462 F
2164 3407 2211 3462 V
2250 3406 2455 3461 inultus
2510 3405 2731 3479 grauius
2793 3404 2950 3460 Vinc.

811 3487 905 3555 *54
953 3488 1158 3545 homini
1213 3490 1370 3545 FPR
1394 3489 1495 3566 νβ,
1553 3510 1659 3548 om.
1707 3492 1830 3547 cod.
1885 3492 2041 3547 Trin.
2091 3491 2264 3545 omnis
2308 3492 2608 3547 Bentleius
2778 3488 2871 3563 qui
2913 3486 2954 3563 β

816 3572 870 3628 b.
946 3591 1016 3629 111.
1082 3583 1167 3630 est
1234 3591 1371 3648 quae
1439 3575 1599 3631 animi
1664 3593 1715 3633 e.
1786 3592 1855 3631 111.
1917 3576 1987 3642 C,
2059 3578 2316 3632 similiter
2379 3576 2540 3635 codd.
2598 3574 2837 3630 Gruter-i
2898 3581 2954 3630 et

652 3660 884 3714 Benaci
1051 3657 1106 3715 b.
1160 3659 1364 3716 homini
1411 3676 1557 3716 mors
1613 3668 1695 3716 est
1744 3662 2032 3717 Gruterus
2203 3659 2283 3716 55
2331 3660 2420 3732 Cf.
2465 3657 2606 3716 493.
2655 3657 2780 3716 530

649 3741 907 3799 beneficia
940 3744 1213 3800 Pithoeus
1341 3744 1518 3800 dando
1563 3746 1757 3818 accipit
1793 3742 2048 3819 EFPRss
2079 3744 2284 3817 accepit
2315 3743 2495 3799 dando
2525 3743 2613 3800 Io.
2648 3743 2951 3799 Saresber.

817 3827 1032 3883 dederit
1080 3829 1132 3884 V
1294 3829 1373 3886 56
1422 3829 1512 3902 Cf.
1548 3830 1625 3886 18
1800 3829 1879 3886 57
1927 3831 2006 3886 ad
2031 3828 2112 3887 52
2146 3831 2274 3886 olim
2315 3830 2607 3900 adscripsi
2752 3828 2951 3883 amicus

649 3913 775 3969 cod.
833 3911 1250 3971 PanthaIeonis
1421 3911 1472 3969 b.
1524 3915 1727 3969 amicus
1783 3921 1866 3970 est
1925 3915 2016 3987 qui
2064 3932 2118 3969 n.
2168 3911 2216 3967 0
2379 3911 2591 3968 errandi
2656 3913 2701 3967 V
2867 3928 2951 3967 ac·

647 3995 956 4053 commodat
1000 3994 1093 4072 Εβ
1136 3996 1443 4055 commodat
1487 3998 1853 4069 Godofredus
2024 3998 2103 4055 58
2149 3995 2404 4053 beneficia
2448 3997 2723 4054 Pithoeus
2892 4011 2953 4051 se

604 4116 611 4123 ·
647 4080 859 4137 dedisse
904 4083 997 4155 qui
1042 4082 1326 4140 Erasmus
1371 4084 1462 4156 qui
1507 4100 1566 4138 sc
1622 4081 1835 4139 dedisse
1898 4084 2057 4140 Vino.
2234 4081 2312 4138 59
2358 4084 2443 4138 sic
2500 4088 2560 4138 ut
2603 4078 2691 4155 ιβ
2727 4085 2955 4153 primus

648 4167 1014 4239 Godofredus
1037 4183 1116 4223 ex
1139 4170 1264 4225 cod.
1300 4170 1428 4224 bibl.
1445 4168 1706 4234 Amandi,
1738 4172 1868 4224 item
1896 4169 2194 4225 Bentleius
2224 4183 2255 4223 e
2278 4168 2439 4224 codd.
2570 4166 2878 4222 conuinctio
2911 4165 2959 4220 V

815 4258 900 4307 est
928 4268 998 4307 111.
1031 4254 1294 4326 cogitatio
1327 4253 1372 4309 C
1525 4251 1684 4308 animi
1716 4252 1966 4309 beneuoli
2011 4253 2323 4308 coniunctio
2355 4268 2546 4326 magna
2576 4258 2663 4306 est
2691 4250 2951 4323 cognatio

667 4335 822 4391 Vino.
854 4336 1168 4392 coniunctio
1199 4338 1356 4393 animi
1387 4336 1504 4409 (uel
1535 4335 1833 4393 beneuolus
1876 4337 2104 4408 animus)
2149 4354 2219 4392 111.
2255 4344 2339 4392 est
2381 4335 2636 4410 cognatio
2671 4336 2954 4390 Erasmus
