3400 5075
1324 343 1434 394 cn.
1474 342 1789 394 NAEVIVS
2224 388 2237 403 .
2626 340 2701 403 21

1438 499 1501 565 V
1585 500 1665 563 12

719 664 733 677 .
782 665 795 677 .
844 616 1210 679 attaittatae!
1258 636 1413 679 caue
1463 495 1592 700 [ῃὲ]
1642 495 1835 678 gadas
1882 612 2128 678 amst.

1444 753 1540 819 VI
1588 751 1690 840 (6)

602 922 614 934 .
662 922 674 934 .
724 922 738 934 .
784 872 896 935 ubi
940 872 1051 935 isti
1097 870 1223 936 (1ύο
1273 870 1713 935 adulescentes
1759 869 2036 953 habent,

596 985 719 1062 Qui
764 986 872 1050 hic
917 988 1068 1050 sinte
1114 989 1303 1069 parta
1347 985 1559 1069 paitria
1604 1005 1870 1069 peregre
1917 985 2319 1069 pr6digunt‘?

1417 1133 1547 1199 VII
1595 1131 1698 1221 (9)

463 1252 549 1315 85
1721 1270 1947 1315 uereor
1993 1249 2159 1314 serio

1399 1364 1563 1430 VIII
1613 1361 1716 1450 (2)
2146 1448 2151 1455 .

598 1478 774 1545 Salui
821 1485 887 1545 et
929 1481 1247 1545 fortunati
1294 1480 1434 1545 sitis
1480 1479 1607 1544 (1ύο
1655 1479 1853 1543 duum
1898 1482 2195 1544 nostrum
2240 1481 2484 1564 patres!

1415 1620 1510 1686 IX
1557 1617 1706 1706 (11)

594 1735 681 1800 Εἰ
722 1738 805 1801 ei:
852 1737 1129 1801 etiamne
1175 1736 1416 1801 audent
1460 1758 1712 1800 meeum
1757 1756 1889 1800 una
1934 1735 2289 1818 apparere?
2336 1786 2349 1798 .
2399 1787 2410 1798 .
2460 1785 2474 1800 .

1454 1886 1515 1951 X
1562 1884 1665 1971 (8)

595 2002 735 2077 Quat
780 2024 898 2086 pro
946 2001 1334 2066 confidentia
1380 2024 1574 2065 ausus
1621 2000 1889 2064 uerbum
1936 2023 2080 2065 cum
2128 2024 2204 2066 eo
2252 2002 2481 2066 fuerim

592 2116 827 2181 ineere
874 2139 1062 2181 rusus

419 2327 696 2378 ‘utrubi'
838 2330 884 2377 V
922 2327 1205 2378 Charisius
1241 2328 1297 2378 11
1332 2344 1384 2392 p.
1419 2329 1518 2377 213
1555 2328 1616 2377 P.
1663 2327 1750 2375 ‘ei
1797 2326 1859 2377 ei
1895 2328 2142 2377 Naeuius
2190 2331 2246 2376 in
2294 2328 2698 2379 Tarentilla...

415 2401 766 2446 stattatae
811 2395 956 2445 idem
1001 2396 1058 2445 in
1106 2394 1421 2444 eadem..)
1494 2392 1578 2447 cf.
1623 2394 1732 2474 inc.
1779 2394 1891 2443 fab.
1930 2394 2066 2443 xm
2209 2395 2285 2445 VI
2324 2393 2609 2445 Charisius
2653 2397 2708 2448 11

413 2463 840 2581 ’κ’ῐιῖῗιιῖέῑὲἒίιὲ
854 2479 919 2583 ῗῖ
933 2478 1006 2595 ἕρῗ
1020 2477 1458 2581 ⁶19¹'5¹‘1'>.¹'553‘53¹0
1473 2462 1591 2594 ¹3:2²3
1597 2460 1809 2579 ‘333¹‘
1844 2461 2357 2580 Τῗῗιῖᾞέἑὲἕὲέ
2378 2478 2426 2581 ἵ·
2444 2475 2620 2594 13’12'52
2645 2531 2706 2580 P.

415 2598 629 2650 ‘duum
658 2635 671 2649 .
700 2635 713 2649 .
743 2635 757 2649 .
784 2597 1032 2648 Naeuius
1077 2598 1134 2647 in
1179 2596 1518 2649 Tarentilla:
1574 2595 1740 2647 salui’
1792 2613 1837 2647 e.
1876 2613 1925 2661 q.
1962 2612 2007 2647 s.
2210 2596 2292 2647 IX
2328 2597 2616 2649 Charisius
2651 2599 2707 2650 11

417 2681 466 2729 p.
503 2668 602 2716 213
639 2665 700 2715 Ρ.
738 2668 826 2714 ‘ei
864 2667 950 2715 ei’
1089 2665 1137 2714 X
1176 2664 1462 2716 Charisius
1496 2665 1549 2714 11
1585 2680 1638 2726 p.
1678 2666 1777 2715 193
1812 2666 1874 2715 Ρ.
1923 2668 2181 2714 ‘rursus
2224 2670 2434 2731 negant
2470 2665 2580 2715 diei
2617 2666 2707 2716 de-

413 2733 573 2791 bere,
608 2731 706 2783 sed
743 2747 982 2795 rursum,
1029 2739 1091 2783 ut
1127 2733 1342 2782 iterum.
1412 2733 1565 2783 Maro
1612 2736 1798 2782 tamen
1843 2746 2076 2782 rursus
2121 2743 2151 2780 *
2193 2732 2398 2782 inueni.
2470 2748 2596 2783 nam
2634 2733 2706 2783 is’

413 2800 732 2859 (Naeuius‘?)
772 2800 854 2849 ‘in
890 2799 1222 2851 Tarentilla:
1261 2803 1389 2864 qus’
1413 2815 1462 2850 e.
1491 2816 1540 2864 q.
1569 2814 1612 2849 s.
1719 2798 1920 2862 (‘Msro
1958 2804 2169 2861 tamen,
2207 2798 2495 2851 scandunt
2520 2815 2707 2851 rursus

414 2882 626 2931 equum.
696 2867 946 2918 Naeuius
970 2868 1028 2917 in
1052 2867 1386 2918 Tarentilla'
1413 2866 1711 2918 Fabricius
1746 2867 1926 2917 ‘Maro
1962 2871 2177 2931 tamen,
2215 2868 2425 2918 Rursus
2461 2868 2517 2918 in
2554 2883 2706 2919 arma

412 2934 585 2992 feror-3
622 2933 940 2984 Sesndunt.
970 2972 983 2984 .
1015 2973 1028 2985 .
1108 2939 1164 2984 et
1208 2939 1392 2985 tamen
1436 2935 1493 2984 in
1538 2933 1678 2985 loeis
1714 2934 1917 2984 Naeuii
1962 2949 2148 2985 rursus
2182 2933 2507 2985 inuenimus.
2577 2951 2706 2986 nam

412 3002 460 3050 is
479 3002 535 3050 in
560 3001 645 3051 T.'
684 3002 983 3052 Putsehius
1043 3001 1215 3067 ‘apud
1250 3007 1471 3053 ueteres
1510 3001 1678 3051 etiam
1715 3016 1874 3053 rusus
1900 3002 2235 3054 inuenimus:
2272 3002 2522 3053 Naeuius
2545 3004 2603 3052 in
2628 2994 2706 3052 '12'

412 3235 757 3305 explendum
800 3249 926 3290 esse
971 3234 1354 3290 uersiculum.-
1399 3231 1481 3305 cf.
1528 3233 1608 3288 ad
1650 3231 1730 3289 53
1776 3235 1912 3289 adn.
2083 3235 2139 3290 in
2182 3236 2313 3290 olim
2356 3235 2706 3304 adsueram,

413 3324 605 3373 tuetur
652 3325 784 3390 post
840 3319 1189 3390 Geppertum
1232 3319 1271 3373 l.
1314 3319 1357 3374 l.
1404 3316 1485 3374 84
1544 3317 1975 3375 CFWMueller
2019 3319 2258 3388 prosod.
2314 3318 2512 3374 Plaut.
2559 3317 2706 3391 348,

412 3409 466 3456 et
521 3405 785 3458 seruauit
828 3402 1176 3458 Ritschelius
1228 3418 1453 3478 quoque
1622 3401 1703 3457 82
1762 3418 1829 3457 ne
1887 3402 2082 3457 addidi
2132 3399 2236 3474 (cs.
2284 3402 2485 3458 Plauti
2534 3402 2704 3459 Most.

411 3484 590 3556 324),
634 3504 740 3542 om.
788 3487 943 3551 cod„
991 3488 1159 3541 etiam
1215 3484 1513 3543 Bentleius
1555 3487 1637 3542 ad
1682 3485 1814 3542 Ter.
1850 3484 2033 3540 Andr.
2078 3483 2118 3540 Ι
2160 3486 2217 3556 1,
2264 3485 2344 3543 98
2518 3485 2704 3543 amabo

411 3570 536 3625 edd.
567 3568 723 3625 ambo
767 3572 888 3627 cod.
1063 3569 1142 3626 86
1187 3569 1450 3626 surtuuati
1496 3571 1622 3627 cod.
1794 3569 1914 3625 sitis
1958 3569 2106 3639 cod„
2152 3586 2257 3627 om.
2307 3571 2394 3626 ed.
2434 3586 2533 3642 pr.

410 3653 489 3711 87
535 3655 764 3709 etiamne
794 3655 1018 3711 Keilius
1060 3657 1302 3711 coniecit
1346 3655 1450 3710 etia
1494 3670 1578 3709 am
1622 3671 1682 3710 se
1728 3655 1852 3712 cod.
1900 3653 2060 3708 etiam
2106 3667 2165 3709 se
2210 3655 2334 3710 edd.
2506 3655 2705 3712 audent

413 3753 619 3792 mecum
677 3754 779 3792 una
836 3738 1177 3794 Fabricius.-
1231 3755 1314 3793 me
1358 3754 1540 3794 coram
1583 3742 1794 3795 malim.
1841 3736 2041 3793 audent
2085 3736 2141 3793 ln
2187 3753 2218 3794 e
2260 3753 2383 3795 eum
2429 3754 2534 3794 una
2579 3742 2704 3797 cod.

410 3820 628 3878 audenti
683 3837 749 3876 ne
794 3838 916 3877 cum
973 3838 1075 3877 una
1120 3823 1205 3882 ed.
1250 3840 1343 3895 pr.
1401 3822 1662 3878 audenter
1719 3838 1924 3878 mecum
1982 3837 2086 3876 una
2143 3823 2408 3895 appares?
2463 3826 2705 3880 coniecit

408 3904 633 3963 Keilius
822 3905 903 3963 88
948 3923 1048 3979 pro
1106 3907 1230 3963 cod.
1276 3922 1445 3979 porro
1488 3908 1576 3962 ed.
1608 3925 1703 3979 pr.
1748 3924 1878 3965 cum
1922 3909 2132 3962 ceter-is
2302 3922 2434 3962 usus
2480 3907 2703 3964 uerbum

410 4005 531 4044 cum
562 4005 627 4045 eo
658 3988 850 4045 fuerim
881 3990 1056 4046 faeere
1088 3988 1215 4062 (om.
1247 3989 1431 4061 rusus)
1462 3992 1611 4065 cod„
1656 3994 1913 4049 correxi.
1996 4007 2186 4046 rursus
2216 3988 2440 4047 uerbum
2470 4008 2592 4049 cum
2637 4009 2702 4047 eo

409 4074 578 4129 ausim
610 4074 782 4129 faeere
814 4076 898 4130 ed.
928 4092 1024 4145 pr.
1054 4091 1215 4130 ausus
1247 4075 1439 4130 fuerim
1471 4091 1661 4130 rursus
1693 4074 1918 4131 uerbum
1948 4090 2071 4130 cum
2101 4090 2168 4131 eo
2198 4074 2374 4132 faeere
2391 4076 2704 4133 Puesctaeius

407 4173 621 4212 rursum
665 4173 828 4212 ausus
875 4157 1100 4214 uerbum
1144 4175 1267 4214 cum
1312 4174 1378 4214 eo
1409 4157 1587 4214 facere
1630 4159 1824 4215 fuerim
1854 4159 2282 4215 Lindemannus
2452 4176 2558 4234 qua
2603 4177 2702 4234 pro

409 4238 732 4296 confidentia
789 4240 969 4297 Rusus
1035 4241 1254 4298 verbum
1311 4259 1432 4298 cum
1488 4258 1555 4299 eo
1612 4242 1880 4300 facerem?
1958 4246 2103 4300 coni.
2176 4243 2429 4314 Kei'li‘us,
2486 4246 2704 4317 probat
2804 4248 2814 4258 ‘

411 4324 764 4383 Riesckelius
807 4342 1007 4399 opusc.
1051 4326 1124 4384 ΙΙ
1164 4326 1289 4384 260
