3400 5075
1353 319 1879 375 COROLLARIVM
2666 319 2759 375 CV

454 505 626 550 novo
675 482 968 566 exemplo
1017 459 1408 547 monstravit
1453 487 1765 567 quantum
1814 506 1851 547 a
1899 481 2293 549 Graecorum
2334 505 2587 566 quoque
2619 488 2756 547 arte

459 592 753 657 scaenica
800 589 934 681 eius
982 589 1330 655 abhorreat
1374 589 1731 673 disciplina.
1821 589 1900 655 In
1948 592 2151 657 altero
2199 589 2537 655 Menandri
2584 590 2757 678 frag-

459 701 680 766 mento
727 696 893 764 idem
945 696 1352 764 scribendum
1398 700 1615 781 putat:

1631 843 1875 926 κυρίαν
1919 848 2036 924 τῆς
2083 841 2296 917 οἰκίας

682 944 793 1014 καὶ
837 954 974 1012 τῶν
1019 940 1277 1032 ἀγρῶν,
1322 945 1431 1013 καὶ
1479 941 1705 1014 πάντ’
1759 946 2036 1031 ἐκείνης·
2090 945 2286 1033 [ἔστι
2335 936 2551 1030 δ’ὦν]

678 1050 949 1140 ἔχομεν,
983 1049 1342 1136 Ἄπολλον,
1389 1050 1478 1133 ὡς
1523 1061 1825 1139 χαλεπῶν
1873 1050 2352 1138 χαλεπώτατον.

642 1197 985 1281 Turpilii
1029 1196 1286 1263 versum
1338 1199 1419 1263 15
1467 1198 1944 1263 intolerabilem
1994 1199 2204 1261 timere
2248 1196 2445 1278 occepi
2484 1200 2541 1260 et
2576 1199 2757 1260 mter-

461 1307 608 1370 dum
654 1305 1044 1371 mussitarier
1089 1304 1374 1370 edolavit
1418 1327 1480 1389 p.
1527 1306 1676 1370 662.

642 1411 728 1475 88
758 1432 850 1494 sq.
927 1409 1226 1493 Optimos
1256 1412 1574 1477 baccheos
1621 1409 1996 1476 incredibile
2037 1412 2281 1494 quanta
2311 1410 2471 1474 artis
2500 1408 2761 1474 inscitia

465 1518 533 1581 in
576 1515 877 1582 horridos
926 1519 1216 1582 senarios
1262 1519 1614 1584 mutaverit
1650 1517 2089 1601 sermonisque
2118 1520 2184 1579 et
2212 1515 2569 1580 sententiae
2598 1515 2759 1579 inte-

463 1624 769 1712 gritatem
815 1624 1175 1708 corruperit
1219 1649 1280 1709 p.
1329 1627 1454 1692 667
1506 1626 1628 1690 sic:

1517 1777 1735 1869 satin',
1781 1788 1854 1849 ut
1897 1805 2111 1848 meum

843 1940 846 1949 .
887 1913 998 1957 cor
1045 1892 1113 1955 se
1158 1886 1595 1976 voluptatibu'
1647 1894 1765 1975 det,
1813 1890 2275 1956 immortalitas

889 2020 1026 2063 sese
1075 1999 1315 2065 6btu1it
1359 2001 1449 2065 mi
1493 2000 1654 2066 haec
1699 1997 2023 2063 facultas?

638 2139 720 2206 V.
762 2142 886 2205 186
932 2139 1117 2206 foede
1165 2145 1246 2207 ab
1296 2166 1362 2207 se
1409 2143 1478 2206 in
1525 2140 1741 2224 priore
1787 2140 2111 2205 volumine
2159 2141 2574 2224 deturpatum
2613 2160 2759 2203 cum

465 2270 607 2314 sero
662 2248 1074 2330 intellexerit,
1133 2270 1265 2313 non
1319 2248 1526 2313 multo
1582 2245 2089 2312 tolerabiliorem
2142 2269 2348 2330 nuper
2401 2246 2469 2311 in
2523 2245 2648 2311 vol.
2696 2244 2759 2308 II
2854 2282 2857 2285 -

464 2377 523 2438 p.
571 2354 701 2420 652
747 2354 947 2418 talem
993 2355 1361 2437 proposuit:

641 2474 1016 2545 meretrices
1065 2478 1145 2544 ad
1192 2502 1293 2545 me
1340 2480 1420 2546 dc'
1455 2478 1776 2545 vicinitate
1821 2479 2071 2561 aliquae
2117 2479 2553 2544 convenerant

464 2626 582 2669 nec
627 2604 695 2667 in
743 2625 1047 2669 caesurae
1096 2603 1348 2670 defectu
1392 2627 1512 2668 nec
1549 2605 1616 2668 in
1646 2604 2209 2688 anapaesto-pedis
2241 2604 2403 2669 sexti
2434 2602 2761 2668 offendens

464 2732 668 2794 neque
715 2709 1009 2774 mutandi
1057 2710 1393 2776 audaciam
1439 2712 1574 2775 ullo
1626 2715 2009 2796 argumento
2058 2732 2386 2775 excusans

642 2816 922 2882 Versum
961 2818 1084 2881 201
1139 2818 1206 2882 in
1254 2819 1432 2883 exitu
1481 2817 1822 2882 scribendo
1867 2839 2136 2899 quaeque
2162 2817 2512 2882 huiusmodi
2539 2837 2600 2898 p.
2631 2816 2762 2879 662

466 2930 715 3008 septem
781 2923 1027 2988 scilicet
1091 2924 1416 2989 senarium
1491 2923 1761 3008 pedibus
1836 2924 2096 3006 ditavit3
2169 2923 2238 2987 in
2303 2922 2594 3007 sequenti
2655 2921 2761 2986 his

463 3031 621 3095 vitia
661 3081 674 3094 .
697 3079 712 3095 .
739 3031 998 3095 imitari
1041 3030 1234 3095 solent
1279 3032 1669 3096 sententiam
1707 3031 2035 3115 pervertit.

645 3191 786 3256 Pal
798 3191 835 3256 l.
881 3191 1017 3256 ine.
1064 3191 1197 3255 inc.
1245 3192 1347 3256 30.
1438 3190 1515 3256 In
1560 3189 1890 3257 Ciceronis
1937 3190 2153 3256 verbis
2200 3189 2593 3255 diss-iamdare
2636 3208 2763 3252 non

466 3299 645 3380 sinit,
690 3299 799 3380 qui
844 3294 912 3383 (i.
960 3318 1011 3360 e.
1059 3296 1214 3383 quo)
1261 3301 1507 3364 delecter
1552 3321 1671 3382 pro
1721 3297 1963 3364 tradito
2011 3297 2162 3379 quia
2208 3294 2403 3359 scribi
2458 3293 2649 3358 iussit
2703 3316 2763 3377 p.

474 3405 601 3468 190
629 3403 1097 3488 infelicissima,
1143 3407 1217 3468 ut
1246 3406 1405 3470 mihi
1433 3404 1717 3490 videtur,
1754 3409 1820 3468 et
1847 3405 2036 3487 plane
2066 3401 2409 3466 temeraria
2437 3400 2764 3484 opinione:

464 3533 619 3576 nam
666 3510 1010 3576 sanissima
1057 3514 1209 3575 sunt
1257 3534 1419 3596 quae
1464 3511 1533 3575 in
1579 3511 1765 3575 libris
1814 3510 2134 3595 leguntur.

569 3763 582 3772 ·
645 3686 837 3772 Apud
903 3686 1272 3753 Titinium
1345 3710 1402 3753 v.
1467 3689 1553 3752 22
1626 3689 1964 3772 adpensam
2038 3687 2253 3752 lanam
2315 3686 2423 3771 qui
2485 3708 2547 3770 p.
2614 3685 2763 3770 664,

465 3793 640 3858 haud
686 3794 873 3860 male.

647 3900 732 3966 93
779 3920 956 3983 quor,
1004 3904 1077 3965 ut
1121 3900 1262 3984 ipse
1309 3899 1564 3986 scripsi,
1618 3900 1986 3987 Madvigius
2036 3922 2285 3986 quoque
2332 3923 2394 3984 p.
2442 3901 2598 3984 667,
2654 3899 2763 3984 qui

467 4013 689 4073 tamen
738 4007 1175 4092 septenarium
1223 4029 1366 4072 cum
1411 4030 1543 4073 non
1573 4009 1977 4093 agnovisset,
2024 4008 2345 4073 senarium
2375 4007 2444 4070 in
2471 4008 2592 4071 mei
2617 4028 2763 4090 pro-

466 4116 724 4180 nomine
771 4115 1022 4180 clausit.

652 4222 775 4286 167
826 4218 1002 4305 togis
1047 4241 1156 4286 eur
1201 4217 1505 4305 candidsS,
1550 4220 1789 4286 tunicis
1836 4224 1908 4286 ut
1953 4218 2229 4286 sordidis
2278 4218 2426 4296 sint,
2471 4215 2703 4283 Adicis?

645 4349 707 4412 p.
753 4326 883 4393 668
927 4327 1120 4413 plane
1165 4326 1515 4413 pueriliter.
