3400 5075
1360 1382 1925 1455 PRAEFATIO.

1588 1574 1611 1579 γι
1624 1573 1742 1584 *MN

664 1733 1169 1818 Prolegomena‚
1215 1735 1450 1817 quibus
1491 1734 1768 1798 alterum
1808 1735 1930 1799 hoc
1972 1737 2412 1800 scaenicorum
2462 1738 2785 1822 fragmen-

476 1848 707 1907 torum
754 1840 1055 1903 volumen
1112 1841 1575 1905 adornaturum
1625 1865 1728 1905 me
1786 1865 1927 1905 esse
1974 1842 2043 1905 in
2089 1843 2329 1925 prioris
2378 1846 2783 1925 praefatione

480 1973 545 2032 p.
587 1948 751 2011 VIII
793 1947 1241 2030 promiseram,
1288 1948 1539 2011 duabus
1580 1948 1794 2011 causis
1835 1952 2049 2012 motus
2090 1950 2168 2012 ad
2211 1954 2466 2033 ternpus
2505 1955 2781 2035 reposui.

482 2055 779 2118 Primum
823 2054 976 2117 novi
1017 2053 1300 2116 muneris
1340 2053 1912 2139 Heidelbergensis
1961 2056 2132 2119 curis
2180 2057 2274 2119 ita
2310 2057 2638 2121 distentus
2687 2065 2780 2123 at-

479 2184 610 2246 que
658 2164 1010 2243 occupatus
1051 2182 1247 2242 eram,
1295 2163 1366 2223 ut
1402 2162 1776 2243 pertexendi
1815 2185 1892 2225 ea
1937 2184 2065 2244 qua
2103 2184 2264 2244 opus
2305 2168 2404 2226 est
2440 2164 2780 2248 diligentia

477 2273 551 2330 et
583 2267 949 2331 subtilitate
979 2267 1271 2349 opusculi
1293 2267 1498 2331 otium
1531 2268 1739 2331 adhuc
1764 2268 2032 2332 deficere
2062 2269 2387 2332 sentirem.
2435 2270 2781 2336 Praeterea

481 2380 705 2438 autern
752 2374 830 2435 de
879 2377 1017 2436 arte
1065 2373 1290 2437 critica
1338 2373 1405 2436 in
1452 2373 1576 2437 hoc
1614 2374 2004 2438 difficillimo
2054 2397 2207 2437 sane
2253 2375 2620 2441 litterarum
2669 2401 2775 2463 ge-

476 2503 635 2545 nere
674 2480 1025 2544 exercenda
1072 2483 1422 2563 praecepta
1460 2479 1767 2564 colligere
1807 2502 2194 2564 normaeque
2235 2503 2597 2565 proponere
2644 2508 2774 2550 non

476 2589 830 2668 audebam,
877 2587 1253 2670 priusquam
1302 2586 1752 2650 Plautinorum
1801 2609 2052 2670 quoque
2109 2589 2464 2652 frustorum
2522 2595 2774 2654 extaret

474 2694 790 2777 recensiO,
838 2716 964 2778 qua
992 2692 1424 2757 Ritschelium
1462 2692 1631 2757 hanc
1678 2692 1981 2776 syllogen
2014 2697 2309 2757 nostram
2356 2718 2558 2779 prope
2597 2698 2767 2761 diem

476 2804 820 2865 aucturum
867 2823 1009 2864 esse
1057 2804 1231 2865 certo
1281 2822 1635 2882 speramus,

656 2906 925 2999 {nterim
973 2907 1240 2971 comicis
1288 2906 1450 2969 meis
1497 2909 1570 2969 ut
1613 2927 1820 2988 nuper
1859 2906 2128 2989 tragicis
2175 2887 2594 2990 praemittam
2642 2933 2767 2974 co-

471 3013 900 3077 rollarium.
993 3036 1145 3077 nam
1192 3013 1384 3096 plane
1434 3012 1687 3075 absolvi
1736 3012 1896 3075 haec
1945 3013 2187 3095 studia,
2245 3017 2317 3075 ut
2361 3015 2767 3098 relinquatur

469 3119 639 3184 nihil
688 3121 855 3203 quod
904 3120 1039 3183 dies
1087 3120 1259 3183 diem
1307 3120 1553 3200 doceat,
1598 3140 1952 3201 numquam
1999 3123 2322 3201 poterunt.

1352 3308 1896 3364 COROLLARIVM.

651 3439 727 3502 In
772 3438 985 3502 LIVII
1028 3433 1094 3501 'v.
1142 3441 1182 3501 2
1228 3458 1485 3502 secema
1532 3461 1571 3500 a
1618 3437 1892 3500 secando
1949 3438 2197 3500 factum
2252 3439 2327 3499 ut
2382 3438 2513 3501 alia
2571 3463 2757 3504 voca-

466 3545 629 3609 bula
666 3545 1095 3628 pontificalia:
1140 3546 1431 3627 secespita
1465 3545 1731 3609 sectivum
1754 3543 2064 3625 prosa-iae
2087 3543 2384 3623 prosicies
2417 3547 2759 3624 prosicium

454 3656 774 3734 promta,-
839 3651 1066 3714 deinde
1132 3655 1392 3733 praeter
1452 3652 1717 3716 securim
1782 3650 1979 3712 etiam
2052 3649 2256 3713 secula
2319 3654 2756 3734 comparanda

463 3759 693 3843 glossa
731 3757 1086 3840 Campana,
1133 3758 1314 3821 cuius
1361 3757 1599 3820 notitia
1645 3779 1720 3819 ex
1760 3755 2074 3819 Varronis
2122 3754 2198 3817 de
2247 3756 2286 3819 l.
2325 3757 2364 3820 l.
2413 3757 2470 3821 V
2516 3761 2636 3822 137
2688 3761 2755 3824 in

462 3863 757 3928 Labbaei
805 3864 1253 3928 onomasticon
1302 3863 1562 3927 fluxisse
1608 3866 1844 3946 potest.

645 3986 896 4052 ENNII
942 3986 1157 4050 verbis
1208 4009 1262 4050 v.
1311 3989 1353 4050 2
1409 3991 1666 4070 praeter
1713 3986 2084 4051 Truculenti
2141 3987 2354 4051 locum
2412 4012 2452 4051 a
2506 3988 2749 4053 Bothio

461 4093 799 4158 laudatum
857 4093 1196 4158 simillima
1256 4098 1407 4157 sunt
1465 4116 1628 4177 quae
1688 4094 1760 4157 in
1817 4093 2111 4156 Rudente
2173 4093 2386 4157 Plauti
2447 4094 2751 4176 leguntur

464 4223 523 4262 v.
582 4200 737 4263 414:
798 4198 1007 4284 ‘quist
1064 4200 1175 4283 qui
1240 4201 1483 4265 nostris
1547 4204 1685 4264 tam
1750 4203 2051 4286 proterve
2114 4199 2363 4263 foribus
2429 4200 2591 4264 facit
2652 4200 2748 4262 in-

461 4305 698 4372 iuriam
712 4305 777 4370 ‘2³
