3400 5075
660 294 788 360 250
1286 301 1350 350 L.
1386 299 1807 353 POMPONIVS
1844 302 2333 356 BONONIENSIS

1776 458 1843 523 Π

1085 571 1338 637 Blanda
1382 575 1580 638 fallzix
1628 575 1909 659 superba
1957 573 2259 660 inpotens

663 687 787 751 165
1215 688 1545 754 Discordis

1758 806 1857 870 ΠΙ

781 970 792 987 ,
835 918 987 984 Νο11
1033 919 1408 1008 frustilatim
1455 922 1571 985 nec
1619 921 1991 988 minutatim
2038 923 2177 988 dari

1483 1089 1813 1156 SPONSA
1858 1090 2113 1156 PAPPI

833 1204 952 1268 Pol
1008 1205 1213 1290 maigis
1269 1207 1535 1291 curabO,
1602 1203 1721 1293 [ut]
1780 1207 1890 1271 libi
1946 1209 2316 1294 cognorint,
2381 1212 2590 1276 (imnis
2646 1235 2778 1278 una
2837 1214 2945 1278 ad-

2254 1326 2554 1391 sentiant.

1551 1438 2056 1504 SYNEPHEBI

659 1550 1152 1618 167¹incolun1e
1199 1554 1309 1618 illo

1694 1671 1895 1736 SYRI

1707 1787 1739 1850 I
1786 1785 1886 1872 (2)

827 1898 1099 1977 Quidam
1149 1902 1321 1987 apud
1365 1903 1578 1966 fortim
1625 1906 1961 1988 praesente
2008 1905 2282 1968 testibus
2327 1904 2486 1968 mihi
2535 1906 2841 1972 uendidit.

779 2132 835 2182 11
871 2132 1190 2184 Priscianus
1225 2133 1304 2185 VI
1343 2137 1405 2185 18
1441 2151 1491 2199 p.
1529 2136 1628 2184 726
1665 2135 1728 2186 Ρ.
1775 2134 2007 2184 ‘discors
2046 2134 2387 2186 discordis
2423 2174 2435 2185 .
2468 2175 2479 2187 .
2520 2173 2533 2186 .
2570 2138 2938 2202 antiquissimi

645 2204 826 2250 tamen
875 2200 1128 2252 solebant
1164 2204 1422 2266 genetiuo
1458 2202 1692 2252 similem
1720 2202 1965 2267 proferre
1991 2203 2047 2251 in
2072 2203 2158 2253 his
2185 2204 2597 2255 nominatiuum.
2660 2205 2940 2256 Caecilius

643 2305 655 2316 .
684 2305 696 2318 .
726 2307 736 2317 .
766 2269 1100 2333 Pomponius
1125 2271 1184 2319 in
1211 2273 1437 2320 Satura:
1479 2269 1708 2320 blanda’
1748 2286 1794 2320 e.
1824 2285 1873 2334 q.
1898 2285 1940 2323 Β.
2078 2271 2160 2321 ΠΙ
2196 2271 2403 2321 Nonius
2430 2275 2543 2332 112,
2570 2276 2602 2323 9
2639 2274 2939 2323 ‘frustatim

644 2341 701 2386 et
741 2337 1183 2400 frustilatim,
1230 2354 1330 2402 per
1376 2339 1582 2401 frusta,
1632 2342 1694 2386 ut
1730 2337 2058 2388 minutatim.
2130 2340 2461 2405 Pomponius
2496 2340 2665 2390 Verre
2710 2348 2938 2405 aegroto

645 2401 710 2467 [Ι]
752 2404 1178 2457 Saturarum:
1219 2410 1349 2455 non’
1390 2423 1432 2457 e.
1463 2422 1515 2471 q.
1543 2422 1586 2456 s.
1662 2404 1995 2469 (Lucilius
2033 2405 2427 2457 Saturarum
2463 2408 2652 2459 Iunius
2682 2411 2936 2460 Ennius

643 2473 776 2522 Sat.
814 2472 1144 2536 Planckius)

780 2539 993 2590 spousi
1030 2542 1200 2591 an
1269 2543 1482 2592 Nonius
1519 2545 1636 2601 275,
1674 2545 1742 2592 24
1779 2548 2223 2608 ‘cognoscere
2261 2549 2347 2594 est
2384 2543 2600 2605 audire,
2639 2547 2935 2596 aestimare

646 2607 1100 2672 ...Pomponius
1136 2610 1358 2660 Pansa
1394 2611 1637 2674 Pappi:
1684 2611 1799 2674 pol’
1837 2628 1884 2662 e.
1928 2626 1978 2674 q.
2018 2628 2061 2661 s,
2130 2610 2282 2661 Idem
2320 2614 2447 2671 469,
2486 2615 2552 2662 20
2598 2614 2936 2671 ‘adsensit

643 2681 730 2723 est
767 2679 823 2723 et
859 2678 1141 2741 passiuum
1178 2714 1191 2727 .
1218 2717 1228 2728 .
1259 2714 1272 2727 .
1309 2678 1641 2744 Pomponius
1680 2679 1943 2742 Sponsa
1989 2679 2232 2745 Puppi:
2279 2676 2389 2744 pol’
2429 2696 2475 2730 e.
2516 2696 2563 2745 q.
2603 2696 2648 2730 s.
2699 2682 2935 2747 (pansa

645 2744 1016 2807 pappipole
1059 2746 1196 2795 Gen.
1236 2762 1285 2810 p.
1323 2748 1424 2797 275
1561 2746 1731 2810 Papi
1770 2749 1835 2795 W
1874 2764 1931 2810 p.
1964 2743 2087 2812 469)

776 2812 1092 2861 Srsnmmst
1163 2812 1450 2863 Charisius
1485 2815 1513 2864 1
1552 2830 1601 2878 p.
1645 2815 1742 2863 108
1781 2814 1839 2863 Ρ.
1879 2814 2178 2865 ‘incolume
2216 2814 2409 2864 Cicero
2448 2855 2459 2867 .
2503 2855 2514 2867 .
2555 2852 2567 2864 .
2605 2832 2712 2878 quo
2749 2821 2932 2867 stante

642 2882 698 2926 et
733 2879 1023 2929 incolume.
1095 2881 1426 2945 Pomponius
1464 2896 1678 2945 quoque
1718 2882 1773 2931 in
1813 2880 2188 2947 Synephebis:
2228 2883 2566 2933 incolume
2605 2883 2773 2949 illo?
2846 2884 2929 2934 cf.

640 2946 972 2997 Ritschelius
1009 2948 1235 3011 Parerg.
1273 2949 1300 2997 1
1341 2950 1436 2999 133

589 3032 597 3039 ·
774 3014 910 3064 Sym
993 3014 1093 3065 Vel
1140 3032 1420 3065 seruorum
1478 3032 1654 3080 genus
1698 3018 2026 3068 uilissimum
2083 3018 2173 3067 uel
2226 3034 2426 3084 scopas
2473 3019 2722 3084 intellegi
2771 3036 2932 3084 posse

639 3083 848 3131 monuit
871 3083 1131 3133 Munkius
1168 3084 1372 3134 collato
1399 3085 1575 3134 Nonio
1612 3101 1663 3149 p.
1698 3088 1781 3147 46,
1818 3089 1874 3135 4:
1914 3090 2130 3148 ‘syrus
2166 3103 2199 3135 a
2235 3086 2450 3137 Graeco
2487 3088 2661 3150 magis
2701 3094 2933 3137 tractum

639 3153 725 3197 est
750 3141 864 3200 ἀπὸ
892 3148 993 3200 τοῦ
1018 3144 1228 3215 σύρειν.
1297 3151 1399 3201 has
1426 3168 1524 3201 nos
1548 3168 1778 3218 scopas,
1817 3155 2010 3203 rustici
2035 3170 2099 3203 eo
2126 3154 2341 3203 nomine
2366 3160 2548 3217 syrus’
2576 3158 2674 3214 (sc.
2701 3150 2932 3220 σῦρους)

631 3210 872 3269 ‘noenum
909 3219 1083 3269 Varro
1118 3219 1454 3283 Marcipore’
1493 3220 1558 3268 fr.
1597 3222 1642 3269 V
1680 3222 1745 3271 R.
1781 3224 1878 3272 271
1918 3224 1984 3273 Β.
2058 3222 2226 3284 Syros
2269 3222 2406 3272 dnos
2453 3222 2792 3287 expilaturos
2838 3225 2933 3273 tri·

638 3284 863 3336 clinium
902 3287 1210 3337 introduxit
1244 3287 1540 3337 Petronius
1585 3292 1688 3338 sat.
1726 3291 1791 3339 22
1929 3290 1956 3339 1
1992 3289 2199 3340 Nonius
2240 3292 2355 3355 154,
2396 3291 2457 3340 16
2501 3294 2930 3356 ‘praesente,

812 3464 928 3521 164
962 3471 1210 3523 creticos
1239 3483 1368 3523 cum
1400 3468 1672 3524 baccheis
1705 3471 1796 3523 uel
1825 3469 2026 3524 iambis
2055 3473 2323 3525 constitui
2489 3469 2709 3542 hqlanda
2744 3472 2925 3545 Bony.

806 3550 963 3605 fallax
1012 3546 1067 3624 (ll
1114 3569 1241 3623 sup.
1289 3553 1436 3621 νας.)
1483 3552 1644 3609 Grut.
1693 3552 1866 3607 llallax
1908 3553 2129 3609 Amien.
2289 3555 2693 3625 Septenarium
2735 3554 2929 3612 blimda

636 3634 792 3689 fallax
826 3635 1078 3708 inpotens
1110 3635 1339 3709 superba
1370 3636 1635 3693 discordis
1669 3637 1803 3692 111313
1840 3638 2235 3694 Bueclielerus
2279 3642 2632 3695 commendat
2808 3640 2925 3711 166

633 3723 692 3774 in
723 3726 1024 3774 saturarum
1055 3724 1353 3792 scriptura
1387 3725 1537 3778 tituli
1565 3724 1694 3777 uide
1724 3740 1803 3776 cm
1825 3729 2073 3793 praeter
2103 3732 2282 3778 satura
2311 3727 2493 3780 lateat
2523 3731 2721 3781 textus
2752 3742 2926 3781 uoca-

634 3806 847 3875 bulum,
892 3821 941 3860 e.
976 3821 1025 3859 c.
1074 3804 1273 3876 cibum,
1327 3807 1480 3877 quod
1519 3808 1576 3861 iu
1622 3809 2014 3863 antecedentis
2043 3811 2264 3863 senarii
2299 3811 2416 3880 fine
2452 3813 2701 3879 positum
2738 3808 2928 3881 fuisse

625 3896 817 3959 potest
990 3891 1236 3949 minutim
1296 3891 1383 3960 W,
1441 3899 1495 3946 el
1538 3907 1839 3962 suprascr.
1890 3900 1969 3961 13,
2029 3893 2186 3948 Leid.
2404 3893 2521 3950 167
2570 3895 2708 3966 magi
2771 3894 2921 3951 Colb.

625 3991 689 4043 p.
724 3973 879 4043 469,
928 3975 1068 4029 bene
1113 3991 1143 4029 e
1186 3976 1355 4047 magis
1384 3976 1522 4031 libri
1541 3993 1604 4046 p.
1640 3974 1761 4031 275
1935 3976 2132 4032 curabo
2165 3995 2270 4033 om.
2315 3979 2450 4033 libri
2473 3997 2532 4050 p.
2568 3978 2691 4035 469
2866 3987 2927 4034 111

630 4057 979 4114 Duebnerus
1005 4062 1045 4114 I.
1076 4062 1115 4115 l.
1147 4058 1293 4130 441,
1325 4060 1736 4116 Lachmannus
1764 4063 1821 4115 in
1854 4062 2029 4117 Lucr.
2063 4061 2215 4132 362,
2249 4080 2354 4118 om.
2386 4064 2522 4119 libri
2674 4066 2928 4137 cognorit

629 4143 764 4199 libri
797 4161 862 4213 p.
909 4142 1033 4198 469
1091 4146 1349 4216 cognoris
1405 4145 1548 4199 Par.
1598 4146 1650 4200 Ρ
1691 4163 1755 4216 p.
1803 4144 1935 4211 469,
2100 4163 2287 4202 onmes
2340 4149 2475 4203 libri
2516 4166 2582 4219 p.
2633 4149 2754 4204 ‘275

631 4229 927 4283 assentiant
977 4230 1114 4283 libri
1157 4246 1221 4299 p,
1277 4228 1397 4285 275
1452 4238 1696 4299 praeter
1753 4231 1925 4285 Harl.
1986 4237 2040 4286 el
2094 4231 2235 4286 Par.
2279 4232 2333 4286 P
2545 4232 2664 4288 168
2711 4233 2924 4306 quidam

631 4312 837 4369 Iunius
881 4311 1095 4384 quidem
1139 4314 1274 4368 libri
1316 4315 1361 4368 is
1407 4313 1621 4387 quidem
1669 4315 2096 4382 BuecheleriiS,
2145 4334 2255 4371 non
2302 4320 2487 4374 minus
2529 4317 2670 4373 bene
