3400 5075
1050 211 1121 294 ἰ.
1160 242 1584 296 POMPONIVS
1619 244 2107 297 BONONIENSIS
2600 245 2728 313 235
2787 253 2801 267 ·

1458 400 1692 468 LENO

614 504 886 571 Cziseum
934 508 1126 573 molle

1408 596 1759 663 MACCVS

1566 713 1598 776 Ι

612 824 781 903 Quid
827 827 1119 892 futurum
1166 831 1289 912 est,
1337 826 1399 893 ss
1439 830 1641 914 probe
1687 830 1857 895 hanc
1904 850 2025 914 ego
2081 830 2322 897 discere
2379 835 2582 897 artem
2630 838 2724 899 at-

1551 1015 1617 1099 Π
2031 946 2391 1014 teuderim‘?

618 1146 970 1212 Conforisti
1019 1150 1147 1234 me,
1192 1149 1556 1215 Diomedes,

1260 1263 1534 1330 MACCI
1580 1264 1899 1330 GEMINI

1491 1382 1523 1445 1
1569 1379 1668 1467 (5)

483 1497 569 1560 65
616 1493 771 1560 Sero
819 1497 944 1559 est:
994 1495 1048 1559 si
1095 1499 1273 1560 sexta
1319 1493 1443 1559 tibi
1489 1497 1729 1582 placet,
1775 1495 2016 1563 uem'bo
2065 1549 2079 1564 .
2127 1549 2141 1563 .
2191 1550 2203 1564 .

1472 1611 1536 1674 I.I
1585 1609 1686 1696 (3)

614 1728 753 1794 Iam
800 1730 920 1814 ego
967 1727 1128 1791 inibi
1174 1727 1394 1792 adero:
1442 1728 1593 1792 dum
1641 1730 1762 1813 ego
1811 1732 2131 1813 reuortor,
2186 1733 2333 1816 sige,
2390 1754 2579 1815 anm,
2626 1755 2728 1797 ac-

1824 1844 2010 1929 cinge
2058 1846 2139 1910 sd
2185 1847 2407 1911 molas

1455 1932 1554 1996 III
1640 1934 1669 1996 1

618 2046 749 2135 [Ei]
792 2049 983 2134 perii!
1021 2071 1156 2114 non
1184 2049 1468 2134 puellula
1495 1929 1630 2114 est(
1677 1931 1991 2135 immquid
2023 2046 2222 2139 [nam]
2265 2051 2728 2119 abscondidisti

612 2165 791 2231 Inte'r
836 2167 1065 2231 nates?

570 2361 730 2412 Lisso
802 2361 1088 2413 Charisius
1124 2365 1152 2415 Ι
1189 2380 1238 2429 p.
1275 2364 1341 2413 60
1375 2363 1436 2414 P.
1480 2368 1750 2414 ‘caseus
1786 2362 2077 2412 masculini
2124 2365 2346 2428 generis
2385 2370 2472 2415 est
2503 2402 2514 2414 .
2544 2400 2557 2414 .
2586 2402 2597 2415 .
2627 2365 2728 2416 sed

437 2430 770 2495 Pomponius
796 2431 1131 2482 neutraliter
1166 2431 1306 2480 dixit
1343 2435 1400 2481 in
1426 2432 1680 2481 Lenone:
1721 2447 1940 2482 caseum
1979 2429 2178 2481 molle.’
2217 2427 2545 2496 (lenonem
2587 2432 2724 2495 cod„

440 2497 522 2552 ed.
564 2513 642 2563 pr.
683 2497 954 2549 Lenone
991 2495 1322 2564 Fabricius)
1394 2501 1643 2550 Incertus
1680 2500 1748 2550 dc
1774 2500 2016 2565 orthogr.
2055 2516 2104 2565 p.
2132 2501 2266 2551 2789
2304 2501 2362 2555 P.
2404 2505 2649 2554 ‘caseus.
2672 2539 2717 2553 ..

441 2567 779 2631 Pomponius
816 2567 1144 2617 neutraliter
1180 2568 1344 2616 dixit:
1381 2583 1605 2618 caseum
1643 2568 1848 2619 molle.’

569 2635 798 2684 Maccvs
871 2633 954 2684 cf.
994 2634 1279 2686 Ritschelii
1322 2636 1600 2698 Parerg.1
1643 2638 1738 2686 133
1764 2652 1843 2701 sq.
1911 2637 1937 2686 1
1974 2635 2183 2686 Nonius
2219 2638 2336 2701 238,
2376 2639 2437 2687 16
2476 2641 2728 2687 ‘atten-

438 2701 595 2751 dere
632 2708 716 2751 est
754 2702 1041 2752 intendere
1068 2740 1082 2752 .
1108 2740 1120 2753 .
1147 2739 1160 2752 .
1190 2740 1202 2752 .
1226 2704 1564 2769 Pomponius
1601 2705 1822 2754 Macco:
1871 2704 2022 2769 quid'
2061 2720 2107 2754 e.
2148 2719 2196 2768 q.
2238 2719 2277 2753 s.
2425 2706 2481 2755 11
2518 2706 2729 2756 Nonius

441 2772 553 2832 114,
595 2772 655 2818 12
695 2770 927 2832 ‘foria‚
966 2776 1205 2821 stercora
1240 2770 1555 2834 liquidiora.
1628 2772 1959 2835 Pomponius
1994 2770 2254 2822 Maccho:
2293 2787 2339 2821 c.
2378 2789 2444 2822 m.
2482 2773 2572 2822 D.’

573 2837 758 2886 Macer
799 2837 1014 2887 Gssmm
1086 2838 1109 2887 1
1147 2839 1356 2888 Nonius
1394 2841 1509 2900 508,
1547 2842 1613 2889 23
1651 2839 1922 2889 ‘uenibo
1959 2855 2057 2903 pro
2094 2839 2334 2889 ueniam.
2394 2842 2727 2904 Pomponius

435 2905 645 2954 Maccis
681 2906 941 2967 geminis:
979 2909 1123 2955 sero'
1158 2920 1204 2961 eg
1231 2921 1281 2971 q.
1321 2922 1363 2955 s.
1405 2907 1490 2969 (in
1529 2907 1713 2955 actis
1752 2907 2040 2970 geminis
2076 2906 2291 2970 Bamb.)
2429 2908 2486 2957 11
2522 2909 2729 2958 Nonius

433 2975 551 3034 469,
587 2976 654 3024 28
692 2974 1001 3038 ‘accinge
1039 2989 1135 3038 pro
1173 2974 1488 3038 accingere.
1557 2975 1893 3040 Pomponius
1930 2968 2235 3024 Macdhis
2283 2976 2543 3039 geminis:
2594 2978 2726 3025 iam’

438 3055 483 3089 e.
513 3056 562 3104 q.
593 3055 632 3090 s.
672 3040 961 3094 (Machis
988 3041 1177 3091 Bamb.
1218 3041 1483 3091 inachis
1509 3042 1633 3091 Par.
1664 3039 1729 3106 P)
1868 3041 1949 3092 111
1976 3043 2186 3092 Nonius
2211 3046 2293 3103 75,
2320 3046 2384 3093 ⁶27
2411 3044 2729 3093 ‘abscon-

437 3108 539 3156 dit
574 3123 670 3172 pro
708 3108 1081 3159 abscondidit.
1123 3108 1611 3172 (‘abscondidit
1648 3125 1746 3175 pro
1783 3110 2093 3160 abscondit’
2134 3108 2388 3175 Rothius)
2427 3111 2730 3160 ‘Caecilius

436 3291 651 3361 scripsi
690 3288 819 3344 baso
853 3282 1027 3345 Hatb.
1063 3287 1279 3345 Amien.
1331 3288 1492 3345 Vinci.
1532 3288 1731 3345 Bamb.
1767 3290 1949 3362 Bonq.
1996 3290 2119 3346 Erl.
2154 3291 2186 3345 b
2229 3290 2473 3345 Carolir.
2520 3288 2726 3347 ΙκιΞεο

437 3407 618 3463 Barb.
675 3406 833 3462 basso
892 3408 1070 3480 Scmy.
1115 3377 1284 3464 bass’z
1341 3403 1391 3479 (e
1447 3422 1600 3462 eraS.
1660 3414 1723 3462 ue
1780 3405 1916 3477 uid.)
1963 3407 2126 3463 Grut.
2190 3406 2314 3462 base
2370 3409 2513 3480 Rey.
2577 3406 2729 3462 basse

436 3493 698 3548 Heidetb.
757 3493 913 3564 Lips.
965 3494 995 3547 1
1057 3494 1181 3547 Erl.
1239 3493 1269 3547 1
1330 3492 1575 3548 Krektii.
1685 3493 1982 3564 Vulyalum
2041 3490 2196 3548 basse
2255 3495 2345 3547 uel
2400 3492 2561 3547 Basse
2616 3509 2728 3547 non

433 3593 576 3650 neyo
618 3593 730 3649 per
772 3593 834 3633 se
879 3579 1080 3634 bonum
1127 3592 1253 3633 esse
1427 3577 1505 3634 63
1550 3575 1720 3650 probe
1751 3577 1967 3646 scripsi,
2007 3576 2096 3650 pol
2139 3578 2276 3634 libri
2443 3577 2580 3632 hanc
2624 3592 2729 3649 ego

434 3662 712 3718 Manli-ius
765 3679 871 3735 ego
932 3662 1066 3717 hanc
1109 3662 1248 3717 libri
1301 3678 1406 3735 ego
1453 3662 1621 3717 hance
1665 3662 1731 3718 L.
1779 3662 1993 3717 Miiller
2033 3664 2074 3718 l.
2119 3664 2180 3730 1.,
2240 3662 2337 3717 ubi
2377 3664 2578 3717 melius
2624 3676 2730 3733 ego

425 3748 606 3817 plane
650 3747 951 3804 delebatur
1207 3745 1286 3803 64
1331 3746 1648 3802 consor-insti
1705 3747 2026 3803 Salmasius
2086 3747 2308 3802 Exere.
2350 3763 2408 3816 p.
2457 3745 2579 3802 385
2639 3745 2728 3816 Cf.

434 3831 613 3886 schol.
660 3832 929 3888 Juvenal.
976 3831 1082 3887 ΙΙΙ
1122 3830 1202 3887 38
1319 3845 1329 3853 ·
1397 3848 1510 3897 me,
1573 3824 1875 3906 Diomedes]
1925 3849 2000 3886 an
2046 3829 2166 3885 med
2213 3829 2333 3885 edio
2379 3829 2562 3886 medi?

435 3914 513 3971 65
559 3916 605 3971 si
650 3924 834 3985 sexta,
883 3922 943 3971 ut
987 3919 1230 3986 scripsi,
1278 3916 1428 3972 Colb.
1475 3917 1520 3970 si
1564 3923 1716 3971 sexta
1760 3918 1805 3971 si
1854 3915 2058 3971 Bamb.
2104 3923 2256 3970 sexta
2300 3914 2346 3969 si
2392 3918 2574 3970 celeri
2597 3915 2735 3970 libri

605 4000 684 4058 66
728 3999 858 4056 inibi
901 4000 1132 4072 Lipsius
1189 3999 1316 4056 milri
1371 4001 1505 4057 libri
1558 3999 1644 4055 hic
1687 4001 2036 4057 Duebnerus
2080 3999 2276 4054 Iahnii
2328 4017 2465 4054 ann.
2510 4001 2729 4071 philoll.

449 4083 497 4139 V
536 4083 661 4142 440
703 4084 944 4158 (egomet
988 4085 1075 4141 hic
1122 4085 1361 4143 Bothius
1405 4090 1623 4158 egomet
1669 4083 2092 4152 Quickeralius)
2232 4091 2483 4139 reuertor
2527 4085 2730 4139 Bamb.

435 4166 584 4224 Colb.
715 4185 867 4224 amus
904 4170 1102 4226 Bamb.
1139 4168 1290 4226 Colb.
1423 4169 1705 4241 accingere
1748 4169 1905 4225 Leid.
1952 4168 2238 4241 adcingere
2268 4168 2413 4224 Par.
2444 4169 2493 4223 Ρ
2522 4168 2727 4224 Bamb.

606 4254 680 4312 67
729 4255 776 4309 ei
822 4271 928 4311 om.
985 4255 1120 4311 libri
1290 4254 1467 4328 puella
1514 4260 1650 4311 ante
1696 4254 1963 4311 Aldinam
2136 4267 2279 4308 nunc
2334 4253 2463 4327 quid
2509 4252 2735 4310 abscon-
