3400 5075
685 319 811 384 398
1161 321 1677 375 ANONYMORVM
1718 323 2063 376 MIMORVM
2105 323 2326 389 RELIQ
2338 324 2503 377 vlits

1804 480 1866 545 X

689 597 723 660 7
866 595 1187 681 Vopiscus
1237 594 1570 661 Aureliani
1617 618 1668 660 c.
1715 596 1802 660 42
1853 601 1949 660 ‘ut
1994 597 2156 662 bene
2204 597 2445 662 dictum
2493 599 2579 663 sit
2626 623 2665 664 a
2711 602 2989 685 quodam

686 711 942 775 mimico
982 734 1206 775 scurra
1234 710 1484 776 Claudii
1512 711 1705 775 huius
1733 712 2160 796 temporibus,
2198 713 2277 777 in
2306 735 2456 779 uno
2487 715 2716 780 anulo
2745 716 2989 782 bonos
3024 763 3029 770 -

685 826 1084 911 principes
1131 848 1356 911 posse
1403 828 1788 911 perscribi
1835 831 2064 912 atque
2113 828 2470 914 depingi?

1789 943 1886 1007 XI

685 1058 725 1122 8
862 1057 1065 1122 Iulius
1122 1057 1526 1143 Capitolinus
1582 1058 1659 1123 de
1727 1059 1864 1122 uita
1918 1058 2009 1123 M.
2065 1060 2388 1127 Antonini
2442 1062 2526 1126 29
2584 1063 2871 1126 ‘crimini
2927 1063 2987 1128 ei

685 1172 904 1236 datum
967 1177 1065 1237 est
1121 1174 1293 1258 quod
1349 1174 1674 1238 adulteros
1744 1174 1961 1238 uxoris
2029 1177 2426 1259 promouerit
2497 1176 2858 1242 Tertullum
2922 1183 2989 1242 et

685 1287 961 1353 Vtilium
1008 1293 1074 1352 et
1118 1289 1463 1374 Orphitum
1521 1293 1585 1353 et
1629 1288 2037 1355 Moderatum
2091 1291 2173 1355 ad
2228 1293 2444 1357 uarios
2489 1292 2798 1378 honores,
2843 1314 2989 1358 cum

687 1402 1043 1468 Tertullum
1091 1408 1156 1468 et
1200 1405 1625 1488 prandentem
1674 1427 1820 1469 cum
1866 1428 2064 1471 uxore
2121 1406 2633 1491 deprehenderit.
2725 1408 2803 1472 de
2860 1430 2986 1492 quo

686 1519 928 1584 mimus¹
985 1521 1054 1584 in
1119 1541 1352 1584 scaena
1414 1524 1753 1604 praesente
1823 1521 2157 1586 Antonino
2225 1521 2408 1586 dixit:
2480 1544 2627 1587 cum
2691 1523 2988 1609 stupidus

686 1657 924 1699 nomen
981 1635 1257 1700 adulteri
1313 1636 1530 1701 uxoris
1588 1658 1628 1699 a
1674 1657 1861 1700 seruo
1920 1642 2258 1720 quaereret
2312 1642 2379 1701 et
2431 1638 2538 1702 ille
2595 1638 2837 1702 diceret
2888 1642 2989 1703 ter

561 1789 583 1811 .
685 1749 958 1814 Tullus
1005 1755 1072 1815 et
1115 1750 1324 1815 adhuc
1354 1751 1649 1835 stupidus
1697 1756 2059 1837 quaereret,
2104 1753 2438 1836 respondit
2465 1754 2599 1818 ille:
2648 1754 2795 1818 iam
2839 1753 2988 1818 tibi

685 1864 872 1951 dixi,
915 1870 1033 1930 ter
1077 1866 1346 1931 Tullus
1393 1867 1721 1931 dicitur!

1768 1954 1897 2020 XII

870 2057 1056 2150 [Vos]
1106 2060 1227 2127 ussi
1273 2063 1473 2127 uultis
1522 2063 1732 2127 emere
1779 2068 1846 2127 et
1890 2085 2037 2128 caro
2085 2065 2381 2129 uendere.

1745 2176 1910 2242 XIII

860 2292 1064 2358 Iulius
1113 2292 1517 2379 Capitolinus
1572 2293 1650 2358 de
1706 2293 2077 2358 Maximinis
2133 2294 2383 2359 duobus
2439 2316 2490 2359 c.
2546 2295 2586 2359 9
2644 2298 2815 2360 ‘cum
2867 2296 2984 2361 im-

684 2411 1025 2474 mortalem
1072 2413 1138 2474 s'e
1182 2433 1385 2495 prope
1433 2409 1720 2474 crederet
1765 2409 1849 2475 ob
1896 2410 2411 2495 magnitudinem
2451 2411 2739 2495 corporis
2784 2412 2984 2476 uirtu-

683 2525 922 2609 tisque,
968 2525 1201 2590 mimus
1249 2525 1509 2611 quidam
1555 2526 1624 2589 in
1670 2525 1926 2591 theatro
1973 2529 2310 2609 praesente
2367 2525 2479 2592 illo
2540 2526 2772 2593 dicitur
2816 2550 2981 2592 uer-

685 2663 811 2705 sus
866 2639 1196 2707 Graecos
1262 2641 1524 2724 dixisse,
1587 2662 1862 2725 quorum
1915 2641 2075 2706 haec
2139 2646 2278 2706 erat
2332 2640 2568 2706 Latina
2636 2643 2984 2710 sententia:

629 2789 638 2797 ·
685 2760 759 2821 et
805 2758 932 2841 qui
987 2757 1076 2821 ab
1132 2778 1282 2821 uno
1338 2778 1492 2821 non
1545 2761 1806 2841 potest
1852 2757 2133 2842 occidi,
2188 2780 2227 2822 a
2272 2758 2539 2822 multis
2586 2758 2976 2823 occiditur.

685 2872 1054 2959 elephans
1110 2873 1426 2957 grandis
1481 2876 1599 2937 est
1662 2876 1738 2937 et
1794 2873 2203 2957 occiditur,
2267 2874 2385 2938 leo
2440 2872 2675 2938 fortis
2731 2877 2849 2938 est
2907 2875 2978 2936 et

686 2988 1091 3072 occiditur,
1136 2988 1367 3073 tigris
1412 2988 1645 3054 fortis
1693 2992 1810 3053 est
1855 2992 1930 3053 et
1976 2988 2383 3054 occiditur:
2441 3010 2621 3053 caue
2669 2989 2981 3072 mult08‚

820 3148 898 3197 XI
935 3148 1132 3197 Mimus
1180 3148 1413 3198 fortasse
1453 3147 1720 3198 Marullus
1766 3148 1894 3205 fuit,
1943 3148 2097 3198 cuius
2133 3147 2259 3197 uide
2300 3147 2363 3199 fr.
2390 3147 2447 3197 11
2584 3148 2687 3198 xn
2724 3146 2981 3211 Augusti·

683 3231 785 3266 nus
822 3216 890 3265 de
927 3216 1097 3265 trinit.
1135 3214 1272 3265 XIII
1308 3220 1339 3266 3
1377 3216 1547 3266 ‘unde
1584 3216 1683 3265 illa
1721 3216 2001 3266 cuiusdam
2048 3216 2198 3265 mimi
2242 3215 2590 3265 facetissima
2625 3215 2983 3280 praedicatur

683 3284 1001 3345 urbanitas,
1049 3285 1145 3346 qui
1193 3298 1315 3332 cum
1359 3298 1416 3332 se
1465 3284 1807 3346 promisisset
1849 3283 1906 3332 in
1954 3283 2169 3333 theatro
2216 3283 2344 3347 quid
2384 3284 2438 3331 in
2486 3285 2666 3332 animo
2711 3284 2983 3333 habereut

685 3359 741 3401 et
778 3352 907 3417 quid
947 3352 1154 3401 uellent
1190 3366 1376 3400 omnes
1415 3351 1542 3403 aliis
1587 3351 1732 3402 ludis
1772 3366 1893 3401 esse
1937 3352 2235 3412 dicturum,
2284 3357 2453 3414 atque
2491 3351 2562 3399 ad
2596 3350 2743 3399 diem
2780 3354 2983 3400 consti-

684 3424 859 3469 tutam
917 3418 1132 3484 ingenti
1187 3421 1578 3483 expectatione
1627 3420 1801 3468 maior
1858 3418 2148 3467 multitudo
2205 3418 2533 3480 conflueret,
2588 3419 2871 3482 suspensis
2925 3426 2983 3468 ct

684 3486 980 3536 silentibus
1026 3488 1277 3536 omnibus
1332 3487 1534 3537 dixisse
1590 3486 1935 3551 perhibetur:
1991 3485 2117 3535 uili
2171 3484 2381 3535 uultis
2436 3501 2657 3536 emere
2713 3491 2780 3535 et
2825 3502 2983 3536 caro

684 3555 995 3607 uendere.
1086 3556 1149 3603 In
1197 3570 1301 3619 quo
1350 3555 1498 3604 dicto
1545 3554 1815 3604 leuissimi
1859 3553 2069 3603 scenici
2128 3569 2315 3603 omnes
2367 3560 2554 3603 tamen
2609 3554 2981 3603 conscientias

683 3625 1013 3671 inuenerunt
1054 3637 1208 3681 suas,
1263 3625 1421 3686 eique
1468 3637 1602 3672 uera
1648 3628 1779 3671 ante
1828 3621 2019 3670 oculos
2063 3621 2299 3671 omnium
2346 3622 2647 3671 constituta
2694 3626 2750 3671 et
2796 3628 2981 3671 tamen

683 3690 970 3755 inprouisa
1007 3689 1216 3739 dicenti
1257 3689 1569 3738 admirabili
1606 3689 1798 3738 fauore
1835 3688 2205 3753 plauserunt.’

859 3834 893 3891 7
959 3834 1114 3889 Vnde
1146 3849 1356 3889 uersus
1386 3834 1582 3906 effecit
1614 3832 1936 3889 Salmasius
1963 3833 2100 3888 hos,-
2132 3834 2183 3888 in
2216 3831 2379 3887 anulo
2412 3848 2520 3887 uno
2551 3831 2822 3906 principes
2853 3848 2981 3906 pos-

685 3920 814 3975 sunt
844 3919 972 3975 boni
1006 3914 1181 3973 Scribi
1215 3919 1379 3991 atque
1410 3920 1582 3991 pingi.
1680 3918 2072 3988 Transpositis
2101 3921 2271 3973 etiam
2304 3920 2477 3972 aliter
2520 3917 2713 3973 uerbis
2756 3921 2984 3973 numeri

686 4007 818 4062 elici
852 4009 1126 4075 possunt,
1175 4018 1226 4060 e.
1260 4019 1311 4058 c.
1357 4001 1616 4075 perscribi
1651 4019 1713 4057 ac
1754 4003 1905 4075 pingi
1948 4000 2217 4076 principes
2263 4001 2495 4075 possunt
2540 4000 2666 4057 boui
2713 4001 2770 4057 ln
2815 4002 2979 4057 anulo

687 4106 826 4146 uno:
872 4093 1057 4144 minus
1087 4089 1233 4144 haec
1264 4086 1521 4161 perscribi
1554 4089 1608 4142 in
1640 4086 1802 4142 anulo
1836 4086 1945 4142 lino
1978 4095 2210 4159 possunt
2240 4086 2513 4160 principes
2544 4085 2678 4142 Boni
2718 4089 2975 4157 placent.

852 4174 890 4231 8
935 4174 1217 4230 Fortasse
1272 4176 1468 4228 exitus
1524 4187 1735 4228 uersus
1789 4172 1884 4227 hic
1935 4172 2083 4244 suit.-
2141 4173 2241 4226 iam
2297 4170 2393 4226 tihi
2450 4169 2560 4225 dixi
2615 4178 2731 4240 ter,
2788 4170 2978 4226 Tullus

684 4258 818 4327 suit3
872 4276 1005 4315 nam
1050 4272 1235 4330 neque
1280 4264 1363 4313 ter
1408 4256 1597 4312 Tullus
1644 4272 1830 4330 neque
1875 4256 1982 4311 dixi
2033 4263 2116 4311 ter
2166 4257 2506 4326 separanda
2550 4258 2807 4312 numeris
2851 4269 2978 4312 esse

678 4345 877 4403 sentio.
1055 4342 1090 4399 9
1137 4345 1429 4398 senarium
1473 4344 1714 4413 expleat·
1758 4358 1856 4397 uos
1903 4343 2191 4407 addendo,
2239 4341 2394 4414 quod
2433 4357 2540 4396 om.
2590 4342 2764 4414 uulqo
