3400 5075
625 298 745 355 CIV
1514 293 2037 350 COROLLARIVM

627 460 925 527 scholion
983 459 1252 544 ‘proprie
1323 478 1544 525 nomen
1589 457 1770 523 mimi
1821 456 2062 524 edacis?
2166 461 2504 541 praeterea
2563 458 2640 521 cf.
2695 457 2931 522 Isidori

626 567 943 634 Varronis
986 570 1106 632 sat.
1144 568 1273 631 529
1315 564 1388 631 Β.
1428 566 1653 652 glossa
1691 563 1929 647 ‘pha90,
1959 564 2168 628 cibus'
2218 568 2284 629 et
2330 563 2931 630 Ceterumconsen-

626 677 892 740 taneum
920 676 1023 739 est
1052 672 1370 739 Graecum
1408 672 1676 737 titulum
1714 693 1846 736 non
1895 672 1977 735 ab
2025 672 2171 754 ipso
2218 671 2453 737 Plauto
2502 674 2716 736 ortum
2775 693 2931 735 esse.

630 778 896 848 Conieci
926 781 1275 866 aliquando
1313 780 1384 846 in
1401 780 1717 863 planyone
1747 777 2161 843 scribendum
2190 800 2333 842 esse
2361 777 2559 843 titulo
2599 801 2638 842 a
2672 777 2935 842 nomine

631 882 950 971 πλαγγῶν
997 883 1231 973 (pupa)
1278 886 1491 952 ducto.
1581 885 1660 949 de
1707 883 2106 969 Paphlayone
2148 883 2456 950 Hertzius
2504 884 2839 972 cogitavit.

807 1210 1024 1293 Atque
1081 1206 1189 1271 hic
1239 1208 1540 1290 poteram
1612 1204 1682 1269 in
1736 1204 1930 1270 litore
1986 1208 2295 1290 exoptato
2354 1228 2657 1272 ancoram
2712 1207 2941 1291 iacere,

630 1315 778 1400 nisi,
825 1314 978 1379 dum
1027 1314 1242 1378 lentae
1291 1334 1635 1396 operarum
1673 1334 1904 1377 manus
1942 1312 2130 1378 tardo
2177 1333 2528 1398 progressu
2572 1314 2766 1378 nimis
2809 1315 2942 1378 iam

635 1424 936 1486 onustam
992 1441 1226 1486 navem
1274 1419 1668 1504 provehunt,
1714 1441 1953 1484 novam
2001 1419 2200 1484 etiam
2246 1442 2497 1485 moram
2542 1425 2609 1485 et
2634 1443 2942 1486 nauseam

641 1528 970 1593 adferrent
1040 1528 1420 1610 Madviyii
1489 1527 1877 1592 Adversaria
1951 1528 2191 1611 critica,
2264 1549 2536 1611 quorum
2604 1528 2708 1591 his
2782 1529 2942 1611 ipsis

633 1634 858 1700 diebus
914 1635 1192 1699 alterum
1248 1633 1552 1699 volumen
1608 1633 1678 1697 in
1732 1655 1963 1698 manus
2017 1655 2195 1698 meas
2252 1633 2528 1700 devenit.
2618 1634 2727 1719 qui
2799 1657 2943 1700 cum

637 1762 830 1807 senex
895 1740 1217 1806 effundere
1280 1740 1475 1824 plena
1540 1740 2056 1805 coniecturarum
2119 1741 2355 1806 horrea
2417 1741 2801 1827 instituerit,
2863 1764 2944 1806 ne

639 1847 967 1913 scaenicos
1039 1846 1296 1933 quidem
1362 1848 1590 1930 poetas
1647 1845 1922 1912 Latinos
1987 1848 2281 1912 inmunes
2341 1848 2586 1933 ingenii
2645 1848 2745 1912 sui
2805 1870 2945 1913 esse

637 1953 866 2020 voluit.
957 1956 1026 2017 at
1076 1974 1230 2018 vero
1292 1952 1396 2016 his
1445 1952 1678 2017 saltem
1726 1953 1781 2018 si
1826 1955 2224 2037 pepercisset
2249 1955 2352 2020 vir
2377 1956 2611 2019 merita
2638 1956 2708 2019 in
2735 1976 2944 2020 emen-

640 2058 869 2126 dandis
926 2060 1242 2144 prosaicis
1301 2058 1727 2144 scriptoribus
1785 2062 2172 2125 auctoritate
2228 2060 2505 2145 pollens,
2562 2060 2674 2125 sed
2727 2083 2946 2125 nume-

641 2188 861 2234 rorum
901 2168 1162 2250 praeter
1202 2165 1557 2251 dactylicos
1587 2166 2087 2233 erubescendum
2118 2168 2186 2231 in
2213 2168 2475 2234 modum
2503 2167 2678 2232 rudis
2688 2218 2705 2253 ,
2750 2168 2949 2253 prisci

644 2275 860 2340 autem
916 2272 1230 2339 sermonis
1289 2294 1364 2337 ac
1422 2272 1558 2337 stili
1612 2295 1845 2356 parum
1902 2295 2141 2358 gnarus
2153 2326 2170 2358 ‚
2224 2295 2343 2339 nec
2398 2274 2467 2338 in
2511 2271 2713 2337 Nonii
2758 2273 2944 2338 libris

643 2380 1001 2446 tractandis
1060 2378 1220 2445 satis
1278 2380 1691 2465 exercitatuS,
1747 2402 1828 2444 ne
1885 2379 1995 2444 ille
2054 2403 2169 2445 suo
2226 2380 2364 2463 ipse
2418 2379 2665 2446 nomini
2722 2402 2945 2463 peper-

645 2487 844 2554 cisset
901 2508 1314 2574 magnopere.
1416 2484 1609 2553 Nunc
1677 2487 1955 2573 ingenue
2016 2491 2089 2553 ut
2148 2487 2491 2573 profitear,
2559 2486 2760 2572 pudet
2817 2487 2949 2553 fere
3080 2557 3085 2560 ,

646 2595 925 2679 puerilia
972 2617 1164 2679 saepe
1210 2593 1520 2679 principis
1566 2594 1636 2660 in
1663 2597 1821 2659 -arte
1868 2595 1976 2678 qui
2023 2594 2251 2659 haberi
2298 2595 2440 2660 vult
2484 2598 2852 2664 commenta
2879 2595 2950 2658 in

652 2700 936 2766 medium
985 2701 1301 2786 proferre,
1347 2702 1518 2766 inter
1563 2722 1727 2786 quae
1774 2700 2167 2784 paucissima
2215 2703 2391 2785 sunt,
2436 2722 2599 2786 quae
2645 2701 2748 2766 vel
2793 2701 2950 2766 tole·

648 2808 779 2873 rari
815 2807 1142 2893 patienter
1176 2809 1459 2893 possint:
1506 2808 1767 2893 profero
1810 2810 2044 2892 autem,
2089 2811 2165 2873 ut
2199 2831 2325 2891 quo
2363 2807 2626 2873 tandem
2663 2807 2772 2872 ille
2812 2808 2950 2870 iure

649 2917 717 2979 in
764 2915 941 2980 omni
985 2914 1121 2979 fere
1169 2915 1433 2980 criticae
1481 2915 1642 2979 artis
1691 2935 1925 2999 genere
1974 2914 2315 2979 arbitrium
2357 2914 2482 2979 sibi
2521 2914 2951 3000 adrogaverit‚

650 3045 777 3089 uno
826 3022 1122 3107 exemplo
1171 3023 1505 3105 appareat.
1609 3019 1829 3105 Atque
1894 3023 1963 3085 in
2016 3021 2335 3087 Caecilii
2387 3045 2446 3086 w.
2500 3021 2586 3085 49
2642 3022 2771 3086 nisi
2813 3021 2953 3103 quis

649 3131 738 3193 est
792 3128 902 3211 qui
957 3127 1155 3192 scribi
1214 3128 1434 3211 iussit,
1488 3149 1551 3212 p.
1606 3128 1734 3194 667
1789 3150 1923 3194 non
1974 3128 2144 3193 male
2200 3148 2316 3211 per
2369 3149 2465 3213 se,
2527 3126 2639 3192 sed
2693 3131 2953 3212 praeter

648 3233 1120 3300 necessitatem.

838 3378 961 3443 141
979 3375 1001 3413 ¹
1070 3374 1408 3462 Integrum
1477 3376 1801 3441 senarium
1860 3397 2006 3441 cum
2064 3376 2251 3443 hiatu
2305 3377 2659 3459 facinorum
2712 3375 2954 3457 famam

651 3484 990 3552 occultabat
1030 3485 1223 3567 factio
1266 3483 1686 3549 Philumenae
1736 3485 2019 3548 obtrusit
2063 3506 2126 3567 p.
2174 3484 2322 3551 661.

839 3627 962 3692 148
1019 3648 1178 3710 quae
1239 3628 1398 3693 mihi
1450 3628 1753 3711 quidquid
1789 3626 2024 3712 placet,
2076 3647 2142 3693 eo
2192 3626 2517 3709 privatum
2570 3645 2667 3690 mc
2724 3626 2803 3701 ih·
2860 3647 2956 3690 me

652 3745 853 3800 servat
890 3753 1074 3798 suum
1106 3755 1169 3817 p.
1198 3732 1327 3799 591
1374 3734 1658 3799 numeris
1704 3733 1931 3817 nullis,
1978 3731 2301 3797 sententia
2344 3731 2609 3796 insulsa.
2689 3731 2955 3796 Menan-

656 3838 771 3904 dro
839 3841 1058 3904 autem
1122 3839 1293 3923 quod
1338 3840 1500 3905 talia
1545 3839 1799 3904 restitui
1844 3839 2062 3904 iussit:

975 3984 1207 4064 λαβεῖν
1261 3976 1352 4066 ἔμ’
1405 3976 2083 4047 ἑκκαιδεκατάλαντον
2128 3977 2239 4045 καὶ
2285 3977 2569 4063 γένους

979 4076 1195 4153 οὖσαν
1240 4080 1703 4171 παχέος-ἐἶτ’
1759 4085 1894 4152 ἐστὶ
1940 4080 2365 4172 τὸ-φρύαγμ’
2419 4081 2621 4163 ὅπως

978 4187 1266 4278 γένοιτ’
1318 4186 1412 4258 ἂν
1458 4186 1600 4258 οὐκ
1645 4187 2227 4272 ἆνυπόστατον;
2273 4190 2363 4279 μὰ
2409 4189 2533 4259 τὸν

973 4292 1329 4386 Ὀλύμπιον
1373 4323 1428 4365 κ.
1474 4323 1533 4368 τ.
1574 4304 1631 4367 λ.
