3400 5075
584 291 712 354 280
1003 289 1006 294 ’
1365 289 1693 341 Dscmvs
1734 288 2091 340 LAssmvs

1382 445 1685 522 AQVAE
1736 445 2089 511 oALDAE

1644 559 1825 649 1(1)

981 731 994 744 .
1087 683 1151 745 et
1195 680 1326 743 iam
1370 679 1478 743 hic
1523 700 1624 742 me
1672 678 1957 763 optimus
2006 682 2269 742 sommis
2315 678 2579 761 premit,

679 799 722 861 5
768 796 861 861 Vt
906 796 1218 881 premitur
1265 795 1406 880 glis.

1627 927 1694 993 II
1743 925 1844 1012 (2)

769 1044 1154 1130 podagricus

1608 1175 1870 1240 ARIES

770 1290 902 1358 Vix
949 1293 1235 1357 sustineo
1283 1294 1501 1357 clunes
1552 1288 1804 1379 [lassas]

1583 1476 1893 1543 AVGVR
2061 1563 2076 1574 .

597 1595 699 1677 8s9
1768 1595 2033 1678 largiter
2078 1591 2207 1658 feci
2249 1594 2407 1658 lucri

731 1854 923 1910 onss.
966 1849 1190 1901 Cnosi-2
1264 1854 1284 1901 1
1326 1852 1537 1902 Nonius
1579 1853 1691 1914 119,
1729 1853 1793 1900 24
1841 1852 2021 1918 ‘glis‚
2070 1851 2444 1901 nominatiuus
2488 1851 2557 1900 ab
2606 1866 2697 1910 eo,
2744 1851 2889 1914 quod

598 1926 724 1971 sunt
761 1921 945 1982 glires.
1019 1920 1292 1968 Laberius
1342 1921 1394 1968 in
1433 1919 1604 1984 Aquis
1644 1919 1846 1968 caldis:
1895 1921 2084 1968 etiam‘
2124 1935 2171 1970 e.
2213 1934 2263 1982 q.
2302 1934 2345 1966 s.
2425 1918 2647 1967 Laudat
2684 1919 2890 1982 aliquis

598 1988 897 2037 salutarem
948 2003 1210 2053 aquarum
1260 1987 1518 2037 effectum
1691 1988 1742 2036 11
1783 1986 2069 2037 Charisius
2106 1986 2130 2035 1
2167 2003 2216 2051 p
2254 1988 2320 2036 58
2354 1986 2415 2034 Ρ.
2456 1978 2821 2068 podagrosus
2857 2002 2889 2035 a

599 2055 846 2121 podagra
894 2057 1035 2104 bene
1082 2054 1307 2117 dicitur,
1355 2055 1450 2104 sed
1498 2060 1554 2104 et
1600 2054 1931 2136 podagricus
1980 2072 2013 2104 a
2058 2053 2259 2120 pedum
2307 2054 2681 2118 aegritudine,
2737 2056 2890 2104 cuius

600 2123 908 2188 exemplum
947 2122 1091 2188 apud
1128 2122 1427 2172 Laberium
1466 2129 1552 2172 est
1595 2125 1652 2172 in
1689 2124 1863 2186 Aquis
1901 2122 2123 2172 calidis:
2174 2121 2588 2186 podagricus
2625 2138 2749 2172 non
2789 2139 2891 2171 re-

600 2192 860 2242 cessit)
933 2192 1021 2241 Ita
1058 2190 1272 2255 quidem
1313 2190 1635 2241 Putschius:
1684 2191 1780 2240 sed
1827 2191 2147 2255 ‘:podagros
2207 2206 2239 2239 a
2286 2189 2529 2253 podagra
2578 2190 2713 2238 bene
2753 2189 2889 2240 diei-

599 2264 687 2309 tur
726 2258 822 2308 sed
860 2266 915 2307 et
950 2259 1241 2323 podagric:
1281 2256 1339 2323 [a
1375 2255 1468 2323 pe]
1507 2257 1576 2307 dii
1610 2255 1841 2322 [aegri]
1884 2257 1908 2318 ΙΙ
1950 2257 2139 2307 tudine
2180 2258 2335 2306 cuius
2364 2257 2668 2321 exemplum
2709 2274 2779 2320 ap
2812 2257 2888 2305 la-

598 2324 897 2377 berruest
882 2343 947 2375 ιιι
974 2327 1180 2390 Aquis
1208 2359 1582 2379 ..........
1605 2330 1629 2386 ΙΙ
1660 2326 2005 2376 Aeditumus’
2032 2342 2080 2374 e.
2103 2339 2153 2387 q.
2179 2340 2222 2374 s.
2280 2325 2399 2374 cod.
2429 2325 2658 2379 testeH
2686 2325 2890 2386 Kenio,

601 2395 691 2458 qui
730 2394 1037 2443 adnotauit
1057 2395 1275 2444 litteras
1315 2410 1347 2443 a
1378 2410 1477 2458 pe,
1518 2394 1736 2456 aegri,
1776 2395 1837 2442 in
1878 2393 2078 2457 Aquis
2114 2395 2182 2441 ub
2220 2394 2341 2456 ipso
2380 2393 2600 2456 quidem
2639 2394 2742 2442 iam
2781 2363 2892 2456 legi

600 2477 710 2511 non
756 2462 1029 2525 potuisse,
1076 2462 1173 2511 sed
1221 2461 1475 2511 editionis
1522 2462 1694 2527 princ.
1743 2462 2074 2511 auctoritate
2120 2461 2260 2510 satis
2306 2459 2551 2514 defendi.
2639 2461 2892 2511 Ceterum

602 2529 879 2579 secundae
916 2529 1098 2579 lineae
1148 2546 1256 2580 non
1305 2529 1426 2595 plus
1471 2535 1596 2581 octo
1632 2528 1724 2580 uel
1760 2528 1947 2580 decem
1988 2529 2207 2579 litteras
2242 2528 2465 2592 deesse,
2504 2528 2600 2579 sed
2638 2530 2893 2594 quoniam

603 2598 718 2647 alia
754 2597 820 2647 de
859 2596 1133 2648 aeditumo
1171 2598 1383 2648 notatio
1419 2603 1710 2661 sequatur,
1750 2614 1819 2647 ne
1859 2598 1938 2647 eis
1977 2596 2195 2662 quidem
2221 2612 2451 2647 necesse
2490 2596 2657 2647 fuisse
2693 2597 2893 2647 lineam

604 2664 885 2730 compleri.
956 2665 1113 2727 Quod
1161 2666 1329 2729 uulgo
1378 2666 1553 2715 fertur
1591 2665 1897 2730 exemplum
1946 2665 2352 2730 podagricus
2399 2680 2525 2714 non
2575 2666 2891 2726 recessit,

605 2736 740 2782 item
780 2734 834 2781 in
872 2732 957 2784 ed.
995 2749 1073 2797 pr.
1112 2739 1168 2782 et
1205 2733 1349 2798 apud
1387 2733 1702 2782 Fabricium
1738 2732 2102 2784 desideratur.

740 2819 912 2866 Astus
982 2817 1315 2867 Charisiusl
1355 2835 1404 2883 p.
1434 2819 1497 2868 78
1522 2820 1576 2867 P.
1615 2816 1876 2867 ‘clunes
1916 2817 2177 2868 feminino
2215 2833 2416 2882 genere
2456 2818 2595 2867 dixit
2618 2818 2894 2880 Melissus,

607 2891 663 2936 et
716 2885 885 2935 habet
937 2891 1214 2936 auctorem
1264 2887 1589 2947 Laberium,
1645 2889 1737 2949 qui
1783 2887 1839 2935 in
1887 2886 2072 2935 Ariete
2129 2886 2211 2935 sic
2259 2887 2365 2935 ait:
2420 2887 2530 2935 uix
2590 2888 2895 2936 sustineo

606 2954 835 3004 clunes
873 2953 1158 3003 sceuola
1196 2959 1260 3003 et
1297 2954 1621 3003 Horatius
1666 2959 1729 3003 et
1775 2952 2003 3003 lassas
2050 2954 2328 3006 clunes)
2414 2954 2525 3017 (Sic
2563 2954 2680 3005 cod.
2720 2954 2895 3019 Neap.

608 3021 819 3071 ‘clunes
857 3004 1104 3070 melissus
1152 3020 1284 3069 femi
1325 3020 1463 3069 dixit
1508 3022 1720 3071 oratius
1757 3026 1813 3071 et
1849 3021 2024 3072 lassos
2062 3020 2290 3071 culunes
2326 3028 2380 3071 et
2427 3022 2622 3071 melius
2661 3038 2773 3071 mas
2817 3019 2896 3071 di-

608 3089 772 3139 eitur‘
822 3094 1087 3154 excerpta
1133 3090 1311 3139 Paris.
1372 3086 1588 3138 collato
1635 3090 1892 3152 anonymi
1938 3088 2003 3138 de
2051 3088 2232 3137 dubiis
2282 3104 2424 3139 nom.
2473 3089 2618 3154 apud
2659 3090 2896 3141 Keilium

607 3156 717 3208 ιιοΙ.
755 3156 801 3203 V
840 3172 889 3220 p.
929 3160 1028 3207 575
1068 3157 1384 3206 testimonio
1421 3156 1522 3205 hoc
1558 3156 1773 3206 ‘clunes
1810 3158 2029 3220 generis
2069 3156 2334 3215 feminini,
2372 3164 2432 3206 ut
2457 3158 2751 3207 Scaeuola:
2792 3159 2897 3207 las·

607 3240 701 3273 sas
738 3223 951 3273 cluucs'
989 3224 1062 3273 M.
1100 3224 1382 3289 Hauptius
1420 3224 1473 3272 in
1512 3224 1677 3273 Ouidi
1719 3224 1963 3274 Halieut.
2007 3242 2055 3288 p.
2097 3226 2178 3283 74,
2216 3239 2375 3289 quem
2415 3225 2635 3275 Keilius
2671 3234 2897 3275 secutus

608 3299 720 3354 est,
757 3292 838 3341 sic
875 3293 1126 3357 scripsit:
1166 3292 1279 3341 uix
1316 3291 1626 3341 sustineo
1665 3290 2125 3343 clunes....et
2174 3292 2528 3342 Horatius:
2578 3293 2897 3356 pulchrae

609 3360 867 3422 clunes,
914 3366 978 3409 et
1022 3360 1380 3410 Scaeuola:
1438 3359 1666 3408 lassas
1722 3359 1985 3409 clunes:
2042 3360 2109 3409 de
2158 3358 2431 3410 Scaeuola
2478 3366 2640 3426 poeta
2686 3359 2899 3411 lasciuo

609 3428 918 3492 disputuuit
954 3428 1096 3477 idem
1137 3430 1191 3476 in
1228 3444 1335 3477 soc.
1373 3428 1573 3476 Saxon.
1611 3427 1817 3477 annali.
1858 3429 1987 3477 1846
2023 3444 2077 3492 p.
2113 3428 2180 3477 49
2215 3428 2359 3491 sqq.)

745 3512 942 3563 Avova
1013 3512 1301 3563 Charisius
1337 3513 1393 3563 11
1430 3530 1484 3578 p.
1529 3514 1623 3563 183
1650 3513 1712 3563 P.
1754 3513 2072 3576 ‘largiter
2108 3512 2254 3563 idern
2294 3513 2577 3564 Modestus
2615 3515 2696 3563 ait
2733 3529 2899 3576 quan·

609 3582 813 3634 titatis.
885 3580 1138 3645 Denique
1174 3582 1451 3632 Laberius
1500 3582 1556 3630 in
1591 3582 1843 3644 Augure:
1890 3581 2213 3646 largiter,
2262 3582 2462 3647 inquit,
2505 3581 2682 3631 lucri
2722 3582 2900 3635 feci)

783 3866 820 3924 4
869 3868 1080 3942 opimus
1113 3867 1514 3940 Ραεεεναίίιιε,
1560 3886 1670 3941 quo
1718 3869 1798 3922 aci
1823 3870 2199 3939 supplendum
2244 3869 2539 3925 senarium
2575 3872 2659 3924 uti
2693 3871 2900 3939 possiS,

615 3961 667 4013 si
709 3962 845 4011 ante
876 3953 1111 4027 optimus
1141 3957 1371 4009 inseras
1541 3953 1578 4009 5
1627 3961 1684 4007 ut
1729 3954 1995 4026 premitur
2024 3971 2125 4009 ms,
2163 3954 2343 4009 Fabri
2371 3955 2694 4027 opprimitur
2726 3957 2908 4009 ceteri

611 4043 749 4098 libri
802 4055 867 4093 eo
923 4038 1186 4111 premitur
1233 4039 1492 4094 Bothius.
1597 4038 1955 4094 Com‘ciebam
2002 4055 2111 4113 quo
2180 4039 2474 4111 premitur,
2544 4047 2604 4094 ut
2669 4039 2904 4109 scripsit

617 4127 1018 4193 Passer-alim,
1081 4125 1172 4178 uel
1229 4140 1337 4196 quo
1396 4123 1720 4196 opprimitur
1902 4130 1955 4176 et
2001 4126 2098 4179 iam
2157 4123 2241 4179 hic
2287 4141 2369 4178 me
2427 4125 2639 4197 opimus
2682 4120 2903 4177 somnus

614 4212 840 4285 premit,
886 4206 1208 4281 opprimitur
1238 4208 1342 4280 glis
1393 4202 1562 4284 [quali
1595 4202 1735 4282 scre]
1773 4210 1834 4264 L.
1870 4209 2119 4265 Mueller
2148 4225 2287 4265 mus,
2321 4209 2505 4265 Rhea.
2538 4209 2753 4265 XXIV
2782 4206 2902 4265 243

786 4295 823 4351 8
870 4310 952 4365 sq.
1005 4292 1103 4348 feci
1148 4291 1280 4347 lucri
1330 4293 1727 4350 Buechelerus
1771 4294 1906 4349 lucri
1951 4292 2071 4365 (luti
2119 4288 2265 4367 cod.)
2317 4294 2413 4348 feci
2465 4291 2764 4350 Charisius
