3400 5075
950 393 1047 442 Ex
1083 388 1423 442 INCERTIS
1459 385 1943 441 INCERTORVM
1978 388 2292 439 FABVLIS
2652 386 2771 448 113

1590 545 1656 610 II

651 663 931 727 Athenis
977 660 1309 747 Megara-m
1356 662 1608 746 uesperi
1654 658 1928 755 adueiffi
1969 659 2173 744 Sim03
2238 679 2250 692 ·

653 778 785 843 Vbi
835 777 1100 841 aduenit
1144 775 1512 861 Megaram,
1556 773 1828 840 insidias
1874 776 2029 844 fecit
2074 774 2353 861 uirgini3

652 892 932 958 Insidias
979 896 1324 976 postquam
1370 892 1550 977 fecit,
1594 893 1731 956 uim
1774 892 1846 955 in
1892 892 2033 956 loco
2081 892 2317 971 attulit.

1577 1060 1678 1125 III

574 1178 618 1243 5
663 1177 751 1242 In·
788 1177 1043 1242 Ve‘nere
1091 1199 1314 1261 sapere
1364 1173 1590 1247 didicit
1634 1176 1706 1240 ni
1751 1176 1984 1240 minim
2032 1174 2261 1261 Solon,

655 1293 779 1370 Qui
823 1295 967 1378 lege
1015 1292 1217 1377 cauit,
1263 1289 1424 1356 uitia
1469 1292 1566 1356 uti
1610 1292 2144 1356 transcenderent

658 1408 965 1473 Auctoris
1010 1430 1286 1492 poenae:
1334 1406 1515 1471 nulla
1561 1428 1774 1490 poena
1819 1407 2108 1471 acerbior

656 1523 1033 1609 Excogitari
1079 1522 1294 1607 potuit
1340 1518 1562 1587 uxoris
1609 1522 1814 1586 malis,

1583 1699 1677 1764 IV

661 1815 833 1881 Nam
881 1814 1034 1900 quid
1082 1816 1257 1880 modi
1303 1816 1625 1879 factumst
1667 1815 1802 1879 risu
1850 1814 2168 1899 denique?

525 1933 607 1996 10
652 1930 798 1996 Nisi
844 1928 1059 2015 pictor
1104 1931 1241 1995 fieri
1288 1931 1458 2015 uult,
1507 1930 1617 2013 qui
1662 1930 1797 1994 risu
1845 1931 2186 1995 mortuusis.

475 2164 664 2227 xitque
699 2162 845 2213 hunc
880 2162 1060 2213 locum
1085 2176 1204 2212 cum
1234 2159 1439 2211 Caecil.
1468 2160 1708 2225 Synepb.
1737 2161 1822 2217 11:
1860 2164 2023 2213 immo
2059 2162 2183 2212 uide
2220 2178 2387 2228 supra
2426 2179 2491 2212 ex
2527 2164 2773 2227 Hydriae

474 2232 703 2296 prologo
749 2229 980 2292 adlata.)
1185 2229 1241 2279 11
1280 2228 1438 2279 Rhet.
1485 2228 1556 2278 ad
1592 2229 1904 2280 Herenn.1
1940 2231 2230 2294 9,14‘ne
2275 2231 2364 2281 bie
2408 2237 2505 2281 aut
2551 2232 2775 2296 saepius

474 2298 617 2348 idem
666 2298 914 2349 dicamus
963 2296 1271 2348 cauendum
1321 2301 1434 2357 θεὶς
1484 2296 1652 2346 etiam
1712 2313 1780 2347 ne
1837 2297 1894 2347 id
1941 2297 2084 2361 quod
2132 2298 2299 2349 semel
2344 2299 2578 2348 diximus
2624 2300 2774 2348 dein-

477 2381 608 2431 ceps
662 2366 939 2429 dicamne,
992 2366 1097 2415 hoc
1149 2363 1335 2415 modo:
1389 2334 1691 2415 Athenis'
1748 2379 1793 2414 e
1847 2380 1898 2428 q.
1957 2381 2001 2415 ε.
2239 2367 2326 2416 ΙΙΙ
2372 2364 2653 2416 Charisius
2697 2367 2773 2418 IV

476 2449 527 2498 p.
578 2437 678 2486 246
727 2435 791 2484 P.
844 2434 996 2484 ‘aliis
1049 2434 1132 2483 ita
1187 2431 1401 2496 placuit
1448 2430 1669 2482 definire
1718 2448 1816 2497 per
1862 2431 2231 2498 hyperbolen.
2286 2434 2351 2483 in
2403 2470 2416 2484 .
2451 2471 2465 2485 .
2503 2471 2514 2483 .
2558 2433 2775 2485 malie.

477 2502 636 2566 Quod
673 2503 841 2553 etiam
880 2506 934 2552 in
971 2501 1250 2552 schemate
1287 2500 1555 2551 dianoeas
1592 2500 1843 2551 inuenies
1880 2501 1947 2551 de
1984 2500 2304 2568 hyperbole.
2314 2504 2330 2531 ’
2402 2501 2562 2552 Hunc
2598 2500 2774 2552 locum

475 2571 734 2621 omissum
781 2571 838 2618 in
884 2569 1154 2634 excerptis
1200 2568 1352 2618 Leid.
1399 2568 1558 2619 uncis
1603 2568 1830 2619 inclusit
1873 2569 2100 2622 KeiliuS.
2187 2569 2341 2620 Idem
2384 2570 2430 2618 V
2478 2586 2529 2634 p.
2578 2572 2676 2620 253
2712 2572 2775 2620 P.

476 2642 599 2702 ‘per
633 2637 1004 2702 hyperbolen,
1040 2637 1144 2686 hoc
1183 2640 1297 2686 est:
1335 2637 1401 2685 in
1422 2673 1435 2687 .
1457 2672 1470 2687 .
1495 2636 1772 2686 .malis.’
1844 2634 1929 2687 cf.
1957 2636 2190 2687 Caecilii
2217 2637 2463 2687 Plocium
2503 2644 2559 2687 et
2592 2637 2776 2686 Phile·

477 2707 652 2755 monis
692 2706 758 2754 fr.
793 2707 826 2755 4
963 2705 1039 2755 IV
1076 2705 1282 2754 Festus
1317 2719 1372 2768 p.
1410 2705 1511 2754 209
1549 2704 1749 2768 ‘pictor
1774 2704 1975 2755 Zeuxis
2009 2706 2124 2754 risu
2159 2710 2428 2767 mortuus,
2469 2705 2596 2755 dum
2632 2705 2776 2754 ridet

477 2772 651 2822 effuse
688 2774 895 2838 pictam
935 2788 968 2821 a.
1005 2786 1063 2821 se
1090 2786 1249 2820 anum
1287 2769 1488 2836 γραῦν.
1561 2787 1657 2822 cur
1693 2771 1797 2822 hoc
1836 2771 1954 2822 loco
1980 2772 2217 2822 relatum
2242 2774 2317 2823 sit.
2345 2788 2377 2821 a
2404 2773 2622 2832 Verrio,
2655 2787 2774 2821 cum

477 2839 544 2889 de
572 2839 891 2904 significatu
914 2840 1200 2890 uerborum
1228 2839 1466 2888 scribere
1493 2839 1832 2904 propositum
1862 2840 2141 2897 habuerit.
2180 2840 2431 2906 equidem
2458 2856 2565 2891 non
2600 2839 2775 2902 uideo,

477 2923 597 2958 cum
645 2906 948 2958 uersiculos
996 2922 1206 2971 quoque
1256 2922 1323 2956 ea
1368 2906 1434 2955 de
1482 2921 1540 2956 re
1587 2907 1862 2957 rettulerit
1909 2913 1966 2958 et
2018 2907 2238 2974 ineptos
2283 2909 2422 2958 satis
2469 2913 2525 2957 et.
2572 2907 2777 2957 nullius

478 2975 754 3025 auctoris'
803 2974 1178 3041 (‘praetoris’
1229 2974 1368 3038 cod.,
1416 2989 1553 3024 corr.
1600 2975 1968 3038 Augustinus)
2015 2980 2339 3041 ‘praetexto
2392 2976 2635 3037 nomine,
2685 2975 2775 3039 qui

477 3047 662 3093 tamen
700 3049 826 3094 sunt
867 3043 954 3092 hi:
992 3045 1162 3091 nam’
1202 3058 1249 3092 c.
1278 3057 1328 3106 q.
1358 3057 1401 3092 Β.
1450 3042 1717 3092 Fortasse
1757 3042 1821 3091 de
1858 3057 1966 3092 anu
2003 3043 2058 3093 in
2085 3043 2486 3094 matrimonium
2525 3041 2777 3092 ducenda

479 3112 681 3176 agitur.

647 3341 682 3398 2
753 3358 1017 3399 menarum
1086 3341 1290 3400 Bamb.
1358 3361 1429 3397 m.
1492 3359 1612 3413 pr.,
1681 3342 1956 3414 Frisin9.‚
2021 3342 2160 3397 libri
2216 3345 2444 3413 primae
2509 3341 2776 3414 familiae

479 3426 865 3500 Kayseriani,
916 3430 1030 3482 nisi
1073 3427 1227 3498 quod
1266 3442 1604 3482 mecenarum
1649 3427 1949 3482 Wuerzeb.
1998 3425 2300 3481 mechatum
2349 3456 2426 3466 —
2473 3427 2774 3482 mecharum

480 3513 727 3568 Emmer.
760 3514 792 3567 b
823 3527 1037 3585 megara
1068 3511 1293 3567 Ratisb.
1332 3509 1490 3582 Opiz.
1525 3529 1593 3565 m.
1629 3513 1731 3566 ale.
1763 3525 2031 3583 megaram
2070 3508 2228 3580 Opiz.
2275 3529 2347 3570 m.
2390 3529 2485 3581 pr.
2520 3513 2774 3584 megarim

497 3598 648 3652 Voss.
696 3615 731 3651 α
905 3598 950 3651 si
982 3594 1143 3650 modo
1192 3595 1490 3650 Wuerzeb.
1653 3594 1689 3651 3
1739 3593 1826 3649 ubi
1874 3612 1978 3651 om.
2019 3593 2210 3650 Tross.
2385 3593 2604 3650 aduenit
2644 3597 2802 3652 libri·

472 3683 736 3753 plerique
792 3679 1082 3754 (megaram
1140 3678 1359 3734 aduenit
1421 3678 1637 3750 Turic.)
1693 3679 1843 3734 uenit
1905 3677 2088 3734 Oxou.
2149 3696 2220 3733 m.
2274 3697 2393 3751 pr„
2450 3681 2605 3752 quod
2646 3682 2772 3736 olim

467 3765 886 3838 praeferebam
1020 3763 1146 3818 fecit
1187 3763 1405 3818 insidias
1442 3762 1600 3835 Opiz.
1634 3763 1837 3818 Bamb.
1972 3763 2197 3835 uirginis
2242 3763 2540 3824 Wuerzeb.
2573 3763 2774 3821 Bamb.

477 3866 548 3903 m.
594 3851 694 3905 alt.
868 3848 902 3902 4
954 3855 1240 3921 postquam
1290 3847 1507 3903 insidias
1558 3846 1717 3919 Opiz.
1890 3845 2078 3902 intulit
2126 3846 2288 3919 Opiz.
2327 3848 2520 3904 Tros&
2566 3866 2638 3903 m.
2673 3851 2773 3904 alt.

475 3934 734 4006 Luydun.
782 3949 817 3988 c
874 3933 1114 4004 Rbediy.
1161 3948 1192 3985 c
1447 3930 1484 3987 5
1543 3931 1749 3986 Venere
1817 3935 2032 4003 scripsi
2094 3940 2285 3986 uentre
2354 3935 2480 3989 cod.
2529 3950 2595 4003 p.
2653 3931 2774 3988 2523

479 4025 726 4073 uentrem
759 4019 883 4074 eod.
910 4035 974 4090 p.
1011 4015 1133 4073 246
1264 4015 1446 4071 didicit
1491 4031 1680 4088 sapere
1727 4017 1849 4071 cod.
1893 4033 1954 4087 p.
1989 4015 2110 4072 246
2285 4016 2321 4073 6
2368 4018 2509 4072 cauit
2542 4024 2601 4071 ut
2647 4018 2774 4071 uitia

478 4103 601 4157 cod.
642 4119 707 4174 p.
757 4100 877 4158 246
925 4103 1068 4157 cauit
1127 4105 1183 4156 in
1233 4116 1408 4166 uersu
1455 4099 1716 4156 e'aetremo
1762 4103 1983 4156 omissis
2028 4105 2240 4157 ceteris
2284 4103 2406 4156 cod.
2444 4118 2507 4172 p.
2558 4100 2678 4157 253

480 4218 513 4274 7
547 4187 798 4277 auctores
841 4222 962 4276 cod.
1002 4238 1066 4291 p.
1101 4217 1223 4276 246
1254 4236 1282 4273 a
1324 4220 1382 4273 in
1427 4234 1607 4276 uersu
1650 4226 1911 4275 extremo
1955 4235 2064 4274 nec
2108 4220 2417 4292 quidquam
2452 4226 2773 4290 praeterea

476 4304 688 4376 leyitur
738 4324 800 4378 p.
860 4304 981 4360 253
1155 4319 1328 4376 poena
1386 4302 1532 4358 nulla
1587 4304 1713 4359 edd.
1887 4303 2135 4358 aceruior
2179 4305 2303 4360 cod.
2363 4311 2605 4376 utroque
2647 4307 2774 4360 loco

647 4389 683 4445 9
736 4390 973 4444 facturus
1019 4389 1141 4443 cod.
1322 4387 1399 4443 10
1445 4395 1691 4442 mortuus
1739 4394 1821 4442 est
1868 4390 1993 4445 eod.

584 4493 699 4534 Con.
727 4494 842 4533 lanu
874 4494 989 4533 But..
2316 4491 2347 4536 8
